category,brand,product_text,product_name,price_text,sale_price,per_unit_price_text,is_sale,store,per_unit_price2,unit_type,price2
dairy_and_eggs,No Name,Large Grade A Eggs,No NameLarge Grade A Eggs12 eggs,$4.09ea,,$0.34/ 1ea,False,valu_mart,0.34,,4.09
dairy_and_eggs,Neilson,Partly Skimmed Milk 2% MF,NeilsonPartly Skimmed Milk 2% MF4 l,$5.99ea,,$0.15/ 100ml,False,valu_mart,0.0015,ml,5.99
dairy_and_eggs,No Name,Sour Cream 14%,No NameSour Cream 14%500 ml,$3.79ea,,$0.76/ 100ml,False,valu_mart,0.0076,ml,3.79
dairy_and_eggs,Neilson,Half and Half Cream,NeilsonHalf and Half Cream1 l,$3.99ea,,$0.40/ 100ml,False,valu_mart,0.004,ml,3.99
dairy_and_eggs,Neilson,Partly Skimmed Milk 1% MF,NeilsonPartly Skimmed Milk 1% MF4 l,$5.99ea,,$0.15/ 100ml,False,valu_mart,0.0015,ml,5.99
dairy_and_eggs,Black Diamond,Cheddar Cheese Thin Slices,Black DiamondCheddar Cheese Thin Slices410 g,$4.99ea,,$1.22/ 100g,False,valu_mart,0.012199999999999999,g,4.99
dairy_and_eggs,Neilson,Trutaste Partially Skimmed Milk 2 percent MF,NeilsonTrutaste Partially Skimmed Milk 2 percent MF4 l,$6.79ea,,$0.17/ 100ml,False,valu_mart,0.0017000000000000001,ml,6.79
dairy_and_eggs,No Name,Unsalted Butter,No NameUnsalted Butter454 g,$6.19ea,,$1.36/ 100g,False,valu_mart,0.013600000000000001,g,6.19
dairy_and_eggs,PhillySwirl,Original Brick Cream Cheese,PhillySwirlOriginal Brick Cream Cheese250 g,$5.29ea,,$2.12/ 100g,False,valu_mart,0.0212,g,5.29
dairy_and_eggs,Gay Lea,"Sour Cream, Regular 14%","Gay LeaSour Cream, Regular 14%500 ml",$4.29ea,,$0.86/ 100ml,False,valu_mart,0.0086,ml,4.29
dairy_and_eggs,Neilson,Homogenized Milk 3.25%,NeilsonHomogenized Milk 3.25%4 l,$6.69ea,,$0.17/ 100ml,False,valu_mart,0.0017000000000000001,ml,6.69
dairy_and_eggs,No Name,Farmer's Marble Cheese,No NameFarmer's Marble Cheese700 g,$9.79ea,,$1.40/ 100g,False,valu_mart,0.013999999999999999,g,9.79
dairy_and_eggs,I Can't Believe it's Not,Margarine Spread,I Can't Believe it's NotMargarine Spread454 g,$4.29ea,,$1.00/ 100g,False,valu_mart,0.01,g,4.29
dairy_and_eggs,Philadelphia,Original Cream Cheese Product,PhiladelphiaOriginal Cream Cheese Product227 g,$5.29ea,,$2.33/ 100g,False,valu_mart,0.0233,g,5.29
dairy_and_eggs,Black Diamond,Cheestrings Marble 18% M.F.,Black DiamondCheestrings Marble 18% M.F.336 g,$6.99ea,,$2.08/ 100g,False,valu_mart,0.0208,g,6.99
dairy_and_eggs,No Name,5% M.F. Light Sour Cream,No Name5% M.F. Light Sour Cream500 ml,$3.79ea,,$0.76/ 100ml,False,valu_mart,0.0076,ml,3.79
dairy_and_eggs,IOGO,"Nano Drinkable Yogurt, Strawberry","IOGONano Drinkable Yogurt, Strawberry6x93.0 ml",$4.29ea,$3.99ea,$0.72/ 100ml,True,valu_mart,0.0072,ml,3.99
dairy_and_eggs,Black Diamond,Processed Cheddar Cheese Slices Thick,Black DiamondProcessed Cheddar Cheese Slices Thick410 g,$4.99ea,,$1.22/ 100g,False,valu_mart,0.012199999999999999,g,4.99
dairy_and_eggs,Neilson,"True Taste, 2% Milk","NeilsonTrue Taste, 2% Milk2 l",$4.99ea,,$0.25/ 100ml,False,valu_mart,0.0025,ml,4.99
dairy_and_eggs,Becel,Margarine Original,BecelMargarine Original850 g,$9.29ea,,$1.09/ 100g,False,valu_mart,0.0109,g,9.29
dairy_and_eggs,No Name,Medium Grade A White Eggs,No NameMedium Grade A White Eggs12 eggs,$3.89ea,,$0.32/ 1ea,False,valu_mart,0.32,,3.89
dairy_and_eggs,Neilson,Whipping Cream,NeilsonWhipping Cream473 ml,$3.99ea,,$0.84/ 100ml,False,valu_mart,0.0084,ml,3.99
dairy_and_eggs,Neilson,Trutaste Light Cream,NeilsonTrutaste Light Cream1 l,$3.99ea,,$0.40/ 100ml,False,valu_mart,0.004,ml,3.99
dairy_and_eggs,Heluva,"Sour Cream Dip, French Onion","HeluvaSour Cream Dip, French Onion250 g",$4.49ea,,$1.80/ 100g,False,valu_mart,0.018000000000000002,g,4.49
dairy_and_eggs,No Name,Shredded Mozzarella,No NameShredded Mozzarella320 g,$5.99ea,,$1.87/ 100g,False,valu_mart,0.0187,g,5.99
dairy_and_eggs,No Name,Pizza Mozzarella Cheese with 28% M.F.,No NamePizza Mozzarella Cheese with 28% M.F.400 g,$5.99ea,,$1.50/ 100g,False,valu_mart,0.015,g,5.99
dairy_and_eggs,No Name,Old Cheddar Cheese,No NameOld Cheddar Cheese700 g,$9.79ea,,$1.40/ 100g,False,valu_mart,0.013999999999999999,g,9.79
dairy_and_eggs,Neilson,2% Milk,Neilson2% Milk2 l,$4.99ea,,$0.25/ 100ml,False,valu_mart,0.0025,ml,4.99
dairy_and_eggs,PC Organics,Organic 2% Milk,PC OrganicsOrganic 2% Milk1 l,$4.59ea,,$0.46/ 100ml,False,valu_mart,0.0046,ml,4.59
dairy_and_eggs,Neilson,TruTaste 1% Milk,NeilsonTruTaste 1% Milk4 l,$6.79ea,,$0.17/ 100ml,False,valu_mart,0.0017000000000000001,ml,6.79
dairy_and_eggs,Tre Stelle,"Grated Cheese, 100% Parmesan","Tre StelleGrated Cheese, 100% Parmesan200 g",$8.49ea,,$4.25/ 100g,False,valu_mart,0.0425,g,8.49
dairy_and_eggs,Woolwich,Dairy Old Goat's Milk Cheddar Cheese,WoolwichDairy Old Goat's Milk Cheddar Cheese200 g,$9.99ea,,$5.00/ 100g,False,valu_mart,0.05,g,9.99
dairy_and_eggs,President's Choice,Triple Cheddar Shredded Cheese Blend ,President's ChoiceTriple Cheddar Shredded Cheese Blend 620 g,$12.49ea,,$2.01/ 100g,False,valu_mart,0.020099999999999996,g,12.49
dairy_and_eggs,Cracker Barrel,Snack Marble Cheddar,Cracker BarrelSnack Marble Cheddar168 g,$6.29ea,,$3.74/ 100g,False,valu_mart,0.0374,g,6.29
dairy_and_eggs,Liberte,Kéfir 1% MF Plain,LiberteKéfir 1% MF Plain1000 ml,$6.49ea,,$0.65/ 100ml,False,valu_mart,0.006500000000000001,ml,6.49
dairy_and_eggs,President's Choice,Lactose Free 2% M.F. Cottage Cheese,President's ChoiceLactose Free 2% M.F. Cottage Cheese500 g,$4.99ea,,$1.00/ 100g,False,valu_mart,0.01,g,4.99
dairy_and_eggs,Nestle,Coffee Mate Liquid Hazelnut,NestleCoffee Mate Liquid Hazelnut946 ml,$6.49ea,,$0.69/ 100ml,False,valu_mart,0.0069,ml,6.49
dairy_and_eggs,Liberte,3.25% Goat Milk,Liberte3.25% Goat Milk4 l,$12.99ea,,$0.32/ 100ml,False,valu_mart,0.0032,ml,12.99
dairy_and_eggs,Nestle,Coffee Mate Liquid French Vanilla Value Size,NestleCoffee Mate Liquid French Vanilla Value Size1.89 l,$8.99ea,,$0.48/ 100ml,False,valu_mart,0.0048,ml,8.99
dairy_and_eggs,Gay Lea,Butter 82 Farmhouse ,Gay LeaButter 82 Farmhouse 250 g,$7.49ea,$6.49ea,$2.60/ 100g,True,valu_mart,0.026000000000000002,g,6.49
dairy_and_eggs,Neilson,Trutaste Lactose Free 2% Milk,NeilsonTrutaste Lactose Free 2% Milk2 l,$6.99ea,,$0.35/ 100ml,False,valu_mart,0.0034999999999999996,ml,6.99
dairy_and_eggs,Organic Meadow,"Organic Cheese, Old Cheddar","Organic MeadowOrganic Cheese, Old Cheddar340 g",$12.99ea,,$3.82/ 100g,False,valu_mart,0.0382,g,12.99
dairy_and_eggs,Nestle,Coffee Mate Double Double-Mate Liquid Coffee Enhancer Value Size,NestleCoffee Mate Double Double-Mate Liquid Coffee Enhancer Value Size1.89 l,$8.99ea,,$0.48/ 100ml,False,valu_mart,0.0048,ml,8.99
dairy_and_eggs,No Name,Light 5% M.F. Sour Cream ,No NameLight 5% M.F. Sour Cream 250 ml,$2.79ea,,$1.12/ 100ml,False,valu_mart,0.011200000000000002,ml,2.79
dairy_and_eggs,Cracker Barrel,Bar Old Cheddar,Cracker BarrelBar Old Cheddar400 g,$9.29ea,,$2.32/ 100g,False,valu_mart,0.0232,g,9.29
dairy_and_eggs,No Name, 75% Vegetable Oil Margarine Squares,No Name 75% Vegetable Oil Margarine Squares1.36 kg,$7.99ea,,$0.59/ 100g,False,valu_mart,0.0059,g,7.99
dairy_and_eggs,Imperial,Margarine Quarters,ImperialMargarine Quarters1.36 kg,$11.79ea,,$0.87/ 100g,False,valu_mart,0.0087,g,11.79
dairy_and_eggs,President's Choice,Plain 1% M.F. Yogurt,President's ChoicePlain 1% M.F. Yogurt750 g,$3.49ea,,$0.47/ 100g,False,valu_mart,0.004699999999999999,g,3.49
dairy_and_eggs,Yoplait,Yop Drinkable Yogurt Watermelon Flavour ,YoplaitYop Drinkable Yogurt Watermelon Flavour 200 ml,$1.69ea,,$0.85/ 100ml,False,valu_mart,0.0085,ml,1.69
dairy_and_eggs,President's Choice,Plain 1% M.F. Yogurt,President's ChoicePlain 1% M.F. Yogurt750 g,$3.49ea,,$0.47/ 100g,False,valu_mart,0.004699999999999999,g,3.49
dairy_and_eggs,Neilson,Trutaste Homogenized Milk Lactose Free 3.25% M.F.,NeilsonTrutaste Homogenized Milk Lactose Free 3.25% M.F.4 l,$10.79ea,,$0.27/ 100ml,False,valu_mart,0.0027,ml,10.79
dairy_and_eggs,IOGO,"Yogurt, Vanilla 1.5%","IOGOYogurt, Vanilla 1.5%650 g",$4.29ea,,$0.66/ 100g,False,valu_mart,0.0066,g,4.29
dairy_and_eggs,Natrel,Fine-filtered 10% Half & Half Cream,NatrelFine-filtered 10% Half & Half Cream1 l,$4.99ea,,$0.50/ 100ml,False,valu_mart,0.005,ml,4.99
dairy_and_eggs,Neilson,Homogenized Milk 3.25%,NeilsonHomogenized Milk 3.25%1 l,$3.59ea,,$0.36/ 100ml,False,valu_mart,0.0036,ml,3.59
dairy_and_eggs,Green Valley,Rowe Farm Free Run XL,Green ValleyRowe Farm Free Run XL12 eggs,$6.79ea,,$0.57/ 1ea,False,valu_mart,0.57,,6.79
dairy_and_eggs,Gay Lea,Lactose Free Cottage Cheese,Gay LeaLactose Free Cottage Cheese450 g,$5.49ea,,$1.22/ 100g,False,valu_mart,0.012199999999999999,g,5.49
dairy_and_eggs,Beatrice,"Sour Cream, Light 5%","BeatriceSour Cream, Light 5%500 ml",$3.99ea,,$0.80/ 100ml,False,valu_mart,0.008,ml,3.99
dairy_and_eggs,Olivina,Margarine,OlivinaMargarine427 g,$4.99ea,,$1.17/ 100g,False,valu_mart,0.011699999999999999,g,4.99
dairy_and_eggs,Activia,"Yogurt With Probiotics, Mango Flavour Tub","ActiviaYogurt With Probiotics, Mango Flavour Tub650 g",$4.79ea,,$0.74/ 100g,False,valu_mart,0.0074,g,4.79
dairy_and_eggs,Gay Lea,"Butter Sticks, Salted","Gay LeaButter Sticks, Salted454 g",$8.49ea,,$1.87/ 100g,False,valu_mart,0.0187,g,8.49
dairy_and_eggs,Liberte,Yogourt Vanilla Organic Large Size 0 % M.F.,LiberteYogourt Vanilla Organic Large Size 0 % M.F.900 g,$6.49ea,,$0.72/ 100g,False,valu_mart,0.0072,g,6.49
dairy_and_eggs,No Name,Light Medium Cheddar Cheese,No NameLight Medium Cheddar Cheese400 g,$5.99ea,,$1.50/ 100g,False,valu_mart,0.015,g,5.99
dairy_and_eggs,No Name, 75% Vegetable Oil Margarine Squares,No Name 75% Vegetable Oil Margarine Squares1.36 kg,$7.99ea,,$0.59/ 100g,False,valu_mart,0.0059,g,7.99
dairy_and_eggs,Neilson,Skim Milk,NeilsonSkim Milk4 l,$5.99ea,,$0.15/ 100ml,False,valu_mart,0.0015,ml,5.99
dairy_and_eggs,Gray Ridge,Extra Large Eggs,Gray RidgeExtra Large Eggs18 eggs,$7.19ea,,$0.40/ 1ea,False,valu_mart,0.4,,7.19
dairy_and_eggs,Gay Lea,Butter Garlic Parsley ,Gay LeaButter Garlic Parsley 125 g,$4.19ea,,$3.35/ 100g,False,valu_mart,0.0335,g,4.19
dairy_and_eggs,PC Organics,Organic Homogenized Milk,PC OrganicsOrganic Homogenized Milk1 l,$4.59ea,,$0.46/ 100ml,False,valu_mart,0.0046,ml,4.59
dairy_and_eggs,Cracker Barrel,Shreds Double Ched,Cracker BarrelShreds Double Ched320 g,$7.79ea,,$2.43/ 100g,False,valu_mart,0.024300000000000002,g,7.79
dairy_and_eggs,President's Choice,Chocolate Chip Cookie Dough,President's ChoiceChocolate Chip Cookie Dough468 g,$4.49ea,,$0.96/ 100g,False,valu_mart,0.0096,g,4.49
dairy_and_eggs,Astro,"Original Balkan Style Yogurt, French Vanilla","AstroOriginal Balkan Style Yogurt, French Vanilla750 g",$4.79ea,,$0.64/ 100g,False,valu_mart,0.0064,g,4.79
dairy_and_eggs,Violife, Smoke Flavoured Provolone Style Slices ,Violife Smoke Flavoured Provolone Style Slices 200 g,$6.99ea,,$3.50/ 100g,False,valu_mart,0.035,g,6.99
dairy_and_eggs,Golden Gate,Mirage Margarine,Golden GateMirage Margarine2.72 kg,$18.49ea,,$0.68/ 100g,False,valu_mart,0.0068000000000000005,g,18.49
dairy_and_eggs,Philadelphia,Original Light Cream Cheese Product,PhiladelphiaOriginal Light Cream Cheese Product340 g,$7.49ea,,$2.20/ 100g,False,valu_mart,0.022000000000000002,g,7.49
dairy_and_eggs,Olympic,"Fat Free Organic Yogurt, Plain","OlympicFat Free Organic Yogurt, Plain650 g",$5.99ea,,$0.92/ 100g,False,valu_mart,0.0092,g,5.99
dairy_and_eggs,PC Organics,"Organic Cultured Coconut Milk Yogurt, Alternative Vanilla","PC OrganicsOrganic Cultured Coconut Milk Yogurt, Alternative Vanilla680 g",$5.49ea,,$0.81/ 100g,False,valu_mart,0.008100000000000001,g,5.49
dairy_and_eggs,The Greek Gods,"Greek Style Yogurt, Traditional Plain","The Greek GodsGreek Style Yogurt, Traditional Plain500 g",$5.49ea,,$1.10/ 100g,False,valu_mart,0.011000000000000001,g,5.49
dairy_and_eggs,Neilson,"Flavoured Milk, Chocolate","NeilsonFlavoured Milk, Chocolate2 l",$5.49ea,,$0.27/ 100ml,False,valu_mart,0.0027,ml,5.49
dairy_and_eggs,IOGO,"Zip Yogurt, Limited Edition Game Over Edition Strawberry-Melon/Blueberry","IOGOZip Yogurt, Limited Edition Game Over Edition Strawberry-Melon/Blueberry8x60.0 g",$4.29ea,,$0.89/ 100g,False,valu_mart,0.0089,g,4.29
dairy_and_eggs,No Name,68% Vegetable Oil Margarine ,No Name68% Vegetable Oil Margarine 907 g,$4.59ea,,$0.51/ 100g,False,valu_mart,0.0051,g,4.59
dairy_and_eggs,Neilson,Homogenized Milk,NeilsonHomogenized Milk2 l,$5.09ea,,$0.25/ 100ml,False,valu_mart,0.0025,ml,5.09
dairy_and_eggs,Riviera,Crème Fraiche,RivieraCrème Fraiche2x120.0 ml,$4.99ea,,$2.08/ 100ml,False,valu_mart,0.0208,ml,4.99
dairy_and_eggs,Olympic,Organic Yogurt Plain,OlympicOrganic Yogurt Plain1.75 kg,$11.99ea,,$0.69/ 100g,False,valu_mart,0.0069,g,11.99
dairy_and_eggs,Yoplait,Tubes Mixed Berry,YoplaitTubes Mixed Berry8x56.0 g,$4.79ea,,$1.07/ 100g,False,valu_mart,0.010700000000000001,g,4.79
dairy_and_eggs,Earths Own,Dairy Free Butter Spread Whipped & Salted,Earths OwnDairy Free Butter Spread Whipped & Salted340 g,$4.99ea,,$1.47/ 100g,False,valu_mart,0.0147,g,4.99
dairy_and_eggs,Philadelphia,Light Original Cream Cheese Product,PhiladelphiaLight Original Cream Cheese Product227 g,$5.29ea,,$2.33/ 100g,False,valu_mart,0.0233,g,5.29
dairy_and_eggs,Activia,"Probiotic Yogurt, Mixed Berries, Drinkable Yogurt, 8 Pack","ActiviaProbiotic Yogurt, Mixed Berries, Drinkable Yogurt, 8 Pack8x93.0 ml",$7.99ea,,$1.07/ 100ml,False,valu_mart,0.010700000000000001,ml,7.99
dairy_and_eggs,President's Choice,Plant Based Butter Alternative Salted,President's ChoicePlant Based Butter Alternative Salted454 g,$4.99ea,,$1.10/ 100g,False,valu_mart,0.011000000000000001,g,4.99
dairy_and_eggs,PC Organics,"Organic Cultured Coconut Milk Plain, Unsweetened","PC OrganicsOrganic Cultured Coconut Milk Plain, Unsweetened680 g",$5.49ea,,$0.81/ 100g,False,valu_mart,0.008100000000000001,g,5.49
dairy_and_eggs,President's Choice,Plant Based Kefir Probiotic Fermented Coconut Milk,President's ChoicePlant Based Kefir Probiotic Fermented Coconut Milk1 l,$4.99ea,,$0.50/ 100ml,False,valu_mart,0.005,ml,4.99
dairy_and_eggs,Black Diamond,Cheestrings Marble 18% M.F.,Black DiamondCheestrings Marble 18% M.F.588 g,$11.99ea,,$2.04/ 100g,False,valu_mart,0.0204,g,11.99
dairy_and_eggs,Nestle,Nesquik Milkshake,NestleNesquik Milkshake473 ml,$1.79ea,,$0.38/ 100ml,False,valu_mart,0.0038,ml,1.79
dairy_and_eggs,President's Choice,Country Churned Salted Butter,President's ChoiceCountry Churned Salted Butter454 g,$7.99ea,,$1.76/ 100g,False,valu_mart,0.0176,g,7.99
dairy_and_eggs,Black Diamond,Cheestrings Mozzarella 18% M.F.,Black DiamondCheestrings Mozzarella 18% M.F.336 g,$6.99ea,,$2.08/ 100g,False,valu_mart,0.0208,g,6.99
dairy_and_eggs,Philadelphia,Onion Dip,PhiladelphiaOnion Dip340 g,$7.49ea,,$2.20/ 100g,False,valu_mart,0.022000000000000002,g,7.49
dairy_and_eggs,Liberte,Greek Vanilla 2% MF Yogurt,LiberteGreek Vanilla 2% MF Yogurt750 g,$6.49ea,$4.99ea,$0.67/ 100g,True,valu_mart,0.0067,g,4.99
dairy_and_eggs,Rolling Meadow,"Yogurt, Plain 3.25%","Rolling MeadowYogurt, Plain 3.25%500 g",$3.99ea,,$0.80/ 100g,False,valu_mart,0.008,g,3.99
dairy_and_eggs,Rolling Meadow,"Yogurt, Plain 3.25%","Rolling MeadowYogurt, Plain 3.25%500 g",$3.99ea,,$0.80/ 100g,False,valu_mart,0.008,g,3.99
dairy_and_eggs,No Name,Medium Cheddar Cheese Slices,No NameMedium Cheddar Cheese Slices230 g,$4.99ea,,$2.17/ 100g,False,valu_mart,0.0217,g,4.99
dairy_and_eggs,Violife,Mozzarella Style Shreds ,ViolifeMozzarella Style Shreds 227 g,$6.99ea,,$3.08/ 100g,False,valu_mart,0.0308,g,6.99
dairy_and_eggs,Philadelphia,Chive Whipped Cream Cheese Product,PhiladelphiaChive Whipped Cream Cheese Product227 g,$5.29ea,,$2.33/ 100g,False,valu_mart,0.0233,g,5.29
dairy_and_eggs,Savor,Grass Fed Salted Butter,SavorGrass Fed Salted Butter250 g,$7.99ea,,$3.20/ 100g,False,valu_mart,0.032,g,7.99
dairy_and_eggs,Yoplait,Tubes Strawberry Yogurt,YoplaitTubes Strawberry Yogurt8x56.0 g,$4.79ea,,$1.07/ 100g,False,valu_mart,0.010700000000000001,g,4.79
dairy_and_eggs,Violife,Creamy Original ,ViolifeCreamy Original 200 g,$6.99ea,,$3.50/ 100g,False,valu_mart,0.035,g,6.99
dairy_and_eggs,President's Choice,Monterey Jack Sliced Cheese,President's ChoiceMonterey Jack Sliced Cheese210 g,$4.99ea,,$2.38/ 100g,False,valu_mart,0.023799999999999998,g,4.99
dairy_and_eggs,Nestle,COFFEE-MATE Original Powder,NestleCOFFEE-MATE Original Powder450 g,$7.49ea,,$1.66/ 100g,False,valu_mart,0.0166,g,7.49
dairy_and_eggs,Black Diamond,Sliced Marble Cheddar Cheese,Black DiamondSliced Marble Cheddar Cheese240 g,$5.79ea,,$2.41/ 100g,False,valu_mart,0.0241,g,5.79
dairy_and_eggs,Heluva,Jalapeno Cheddar Dip,HeluvaJalapeno Cheddar Dip250 g,$4.49ea,,$1.80/ 100g,False,valu_mart,0.018000000000000002,g,4.49
dairy_and_eggs,PC Organics,"Organic Cheese, Old Cheddar","PC OrganicsOrganic Cheese, Old Cheddar200 g",$6.49ea,,$3.25/ 100g,False,valu_mart,0.0325,g,6.49
dairy_and_eggs,No Name,Cream Cheese Spread with Everything Bagel Seasoning,No NameCream Cheese Spread with Everything Bagel Seasoning227 g,$3.79ea,,$1.67/ 100g,False,valu_mart,0.0167,g,3.79
dairy_and_eggs,President's Choice,Plant Based Sour Cream Alternative,President's ChoicePlant Based Sour Cream Alternative340 ml,$3.29ea,,$0.97/ 100ml,False,valu_mart,0.0097,ml,3.29
dairy_and_eggs,Silk,"Oat For Coffee, Vanilla, Plant Based, Dairy Free Coffee Creamer","SilkOat For Coffee, Vanilla, Plant Based, Dairy Free Coffee Creamer890 ml",$5.49ea,,$0.62/ 100ml,False,valu_mart,0.0062,ml,5.49
dairy_and_eggs,Earth Island,Cheddar Style Dairy-Free Cheese,Earth IslandCheddar Style Dairy-Free Cheese198 g,$6.99ea,,$3.53/ 100g,False,valu_mart,0.0353,g,6.99
dairy_and_eggs,Tre Stelle,"Tre Stelle Creamy Cheese Spread, Lactose Free","Tre StelleTre Stelle Creamy Cheese Spread, Lactose Free200 g",$4.49ea,,$2.25/ 100g,False,valu_mart,0.0225,g,4.49
dairy_and_eggs,President's Choice,French Onion Greek Yogurt Dip,President's ChoiceFrench Onion Greek Yogurt Dip227 g,$3.79ea,,$1.67/ 100g,False,valu_mart,0.0167,g,3.79
dairy_and_eggs,Yoplait,Tubes Limited Edition,YoplaitTubes Limited Edition8x56.0 g,$4.79ea,,$1.07/ 100g,False,valu_mart,0.010700000000000001,g,4.79
dairy_and_eggs,Yoplait,Yop Drinkable Yogurt  Strawberry-Banana Flavour,YoplaitYop Drinkable Yogurt  Strawberry-Banana Flavour200 ml,$1.69ea,,$0.85/ 100ml,False,valu_mart,0.0085,ml,1.69
dairy_and_eggs,President's Choice,Pizza Mozzarella Shredded Cheese,President's ChoicePizza Mozzarella Shredded Cheese320 g,$6.49ea,,$2.03/ 100g,False,valu_mart,0.0203,g,6.49
dairy_and_eggs,Neilson,French Vanilla Milkshake,NeilsonFrench Vanilla Milkshake310 ml,$1.00ea,,$0.32/ 100ml,False,valu_mart,0.0032,ml,1.00
dairy_and_eggs,President's Choice,Lactose Free Pizza Mozzarella Shredded Cheese,President's ChoiceLactose Free Pizza Mozzarella Shredded Cheese320 g,$6.49ea,,$2.03/ 100g,False,valu_mart,0.0203,g,6.49
dairy_and_eggs,Silk,"Dairy Free Plant Based Coconut Yogurt, Vanilla, Unsweetened","SilkDairy Free Plant Based Coconut Yogurt, Vanilla, Unsweetened680 g",$7.49ea,,$1.10/ 100g,False,valu_mart,0.011000000000000001,g,7.49
dairy_and_eggs,IOGO,"Nano Yogurt, Vanilla","IOGONano Yogurt, Vanilla6x93.0 ml",$4.29ea,$3.99ea,$0.72/ 100ml,True,valu_mart,0.0072,ml,3.99
dairy_and_eggs,Cracker Barrel,Slice Old White,Cracker BarrelSlice Old White200 g,$5.79ea,,$2.90/ 100g,False,valu_mart,0.028999999999999998,g,5.79
dairy_and_eggs,Lactantia,Provencal Garlic Butter,LactantiaProvencal Garlic Butter125 g,$4.29ea,,$3.43/ 100g,False,valu_mart,0.034300000000000004,g,4.29
dairy_and_eggs,Activia,"Probiotic Smoothie, Mango, Peach & Carrot, Drinkable Yogurt","ActiviaProbiotic Smoothie, Mango, Peach & Carrot, Drinkable Yogurt190 ml",$2.29ea,,$1.21/ 100ml,False,valu_mart,0.0121,ml,2.29
dairy_and_eggs,No Name,Coffee Whitener,No NameCoffee Whitener450 g,$5.49ea,,$1.22/ 100g,False,valu_mart,0.012199999999999999,g,5.49
dairy_and_eggs,Cracker Barrel,Slice Swiss,Cracker BarrelSlice Swiss220 g,$5.79ea,,$2.63/ 100g,False,valu_mart,0.0263,g,5.79
dairy_and_eggs,President's Choice,Peach Mango 2% M.F. Greek Yogurt,President's ChoicePeach Mango 2% M.F. Greek Yogurt4x100.0 g,$3.79ea,,$0.95/ 100g,False,valu_mart,0.0095,g,3.79
dairy_and_eggs,Black Diamond,"Cheddar Cheese Medium, 32% M.F.","Black DiamondCheddar Cheese Medium, 32% M.F.400 g",$6.99ea,,$1.75/ 100g,False,valu_mart,0.0175,g,6.99
dairy_and_eggs,Nestle,Coffee Mate Coffee Crisp Liquid Coffee Enhancer,NestleCoffee Mate Coffee Crisp Liquid Coffee Enhancer946 ml,$6.49ea,,$0.69/ 100ml,False,valu_mart,0.0069,ml,6.49
dairy_and_eggs,PC Organics,"Organic Free Run Brown Eggs, Medium","PC OrganicsOrganic Free Run Brown Eggs, Medium12 eggs",$7.29ea,,$0.61/ 1ea,False,valu_mart,0.61,,7.29
dairy_and_eggs,Organic Meadow,"Organic Butter, Unsalted","Organic MeadowOrganic Butter, Unsalted454 g",$11.99ea,,$2.64/ 100g,False,valu_mart,0.0264,g,11.99
dairy_and_eggs,Oikos,"High Protein Greek Yogurt, Strawberry-Raspberry Flavour, Blended, Value Tub","OikosHigh Protein Greek Yogurt, Strawberry-Raspberry Flavour, Blended, Value Tub650 g",$7.49ea,,$1.15/ 100g,False,valu_mart,0.0115,g,7.49
dairy_and_eggs,Neilson,Trutaste Lactose Free 1% Milk,NeilsonTrutaste Lactose Free 1% Milk2 l,$6.99ea,,$0.35/ 100ml,False,valu_mart,0.0034999999999999996,ml,6.99
dairy_and_eggs,Black Diamond,Natural Shredded Cheese Mozza Cheddar 24% M.F.,Black DiamondNatural Shredded Cheese Mozza Cheddar 24% M.F.320 g,$6.99ea,,$2.18/ 100g,False,valu_mart,0.0218,g,6.99
dairy_and_eggs,President's Choice,Tre Formaggi Shredded Cheese Blend,President's ChoiceTre Formaggi Shredded Cheese Blend620 g,$12.49ea,,$2.01/ 100g,False,valu_mart,0.020099999999999996,g,12.49
dairy_and_eggs,Derlea,Garlic Spread,DerleaGarlic Spread250 g,$2.99ea,,$1.20/ 100g,False,valu_mart,0.012,g,2.99
dairy_and_eggs,Milk 2 Go,Chocolate Partly Skimmed Milk 1% M.F. 6 x,Milk 2 GoChocolate Partly Skimmed Milk 1% M.F. 6 x6x200.0 ml,$6.19ea,,$515.83/ 100ml,False,valu_mart,5.1583000000000006,ml,6.19
dairy_and_eggs,Nestle,Coffee Mate Coffee Enhancer Hazelnut Value Size,NestleCoffee Mate Coffee Enhancer Hazelnut Value Size1.89 l,$8.99ea,,$0.48/ 100ml,False,valu_mart,0.0048,ml,8.99
dairy_and_eggs,The Greek Gods,"Yogurt, Vanille","The Greek GodsYogurt, Vanille500 g",$5.49ea,,$1.10/ 100g,False,valu_mart,0.011000000000000001,g,5.49
dairy_and_eggs,President's Choice,Lactose Free Plain 2%  M.F. Yogurt,President's ChoiceLactose Free Plain 2%  M.F. Yogurt750 g,$3.49ea,,$0.47/ 100g,False,valu_mart,0.004699999999999999,g,3.49
dairy_and_eggs,Organic Meadow,Vanilla Kefir,Organic MeadowVanilla Kefir1 l,$6.99ea,,$0.70/ 100ml,False,valu_mart,0.006999999999999999,ml,6.99
dairy_and_eggs,PC Organics,Organic Free-Range Brown Eggs,PC OrganicsOrganic Free-Range Brown Eggs12 eggs,$7.49ea,,$0.62/ 1ea,False,valu_mart,0.62,,7.49
dairy_and_eggs,Becel,Buttery Taste Margarine,BecelButtery Taste Margarine680 g,$9.29ea,,$1.46/ 100g,False,valu_mart,0.0146,g,9.29
dairy_and_eggs,Black Diamond,Marble Cheddar Cheese Sticks,Black DiamondMarble Cheddar Cheese Sticks252 g,$6.99ea,,$2.77/ 100g,False,valu_mart,0.0277,g,6.99
dairy_and_eggs,Neilson,Trutaste Lactose Free 1% Milk,NeilsonTrutaste Lactose Free 1% Milk2 l,$6.99ea,,$0.35/ 100ml,False,valu_mart,0.0034999999999999996,ml,6.99
dairy_and_eggs,Black Diamond,Natural Shredded Cheese Mozza Cheddar 24% M.F.,Black DiamondNatural Shredded Cheese Mozza Cheddar 24% M.F.320 g,$6.99ea,,$2.18/ 100g,False,valu_mart,0.0218,g,6.99
dairy_and_eggs,President's Choice,Tre Formaggi Shredded Cheese Blend,President's ChoiceTre Formaggi Shredded Cheese Blend620 g,$12.49ea,,$2.01/ 100g,False,valu_mart,0.020099999999999996,g,12.49
dairy_and_eggs,Neilson,Buttermilk,NeilsonButtermilk1 l,$4.39ea,,$0.44/ 100ml,False,valu_mart,0.0044,ml,4.39
dairy_and_eggs,International Delight,"Maple Latte Flavoured Coffee Creamer, 63 Servings","International DelightMaple Latte Flavoured Coffee Creamer, 63 Servings946 ml",$5.49ea,$4.99ea,$0.53/ 100ml,True,valu_mart,0.0053,ml,4.99
dairy_and_eggs,No Name,Fat-Free Cottage Cheese,No NameFat-Free Cottage Cheese500 g,$4.99ea,,$1.00/ 100g,False,valu_mart,0.01,g,4.99
dairy_and_eggs,Philadelphia,"Original Cream Cheese, Lactose Free","PhiladelphiaOriginal Cream Cheese, Lactose Free250 g",$6.29ea,,$2.52/ 100g,False,valu_mart,0.0252,g,6.29
dairy_and_eggs,Neilson,Skim Milk,NeilsonSkim Milk1 l,$3.49ea,,$0.35/ 100ml,False,valu_mart,0.0034999999999999996,ml,3.49
dairy_and_eggs,Nestle,Coffee Mate Double Double-Mate Liquid Coffee Enhancer,NestleCoffee Mate Double Double-Mate Liquid Coffee Enhancer946 ml,$6.49ea,,$0.69/ 100ml,False,valu_mart,0.0069,ml,6.49
dairy_and_eggs,Gay Lea,Unsalted Butter,Gay LeaUnsalted Butter454 g,$8.19ea,,$1.80/ 100g,False,valu_mart,0.018000000000000002,g,8.19
dairy_and_eggs,President's Choice,Peach Mango 2% M.F. Greek Yogurt,President's ChoicePeach Mango 2% M.F. Greek Yogurt4x100.0 g,$3.79ea,,$0.95/ 100g,False,valu_mart,0.0095,g,3.79
dairy_and_eggs,Black Diamond,"Cheddar Cheese Medium, 32% M.F.","Black DiamondCheddar Cheese Medium, 32% M.F.400 g",$6.99ea,,$1.75/ 100g,False,valu_mart,0.0175,g,6.99
dairy_and_eggs,Milk 2 Go,Chocolate Partly Skimmed Milk 1% M.F. 6 x,Milk 2 GoChocolate Partly Skimmed Milk 1% M.F. 6 x6x200.0 ml,$6.19ea,,$515.83/ 100ml,False,valu_mart,5.1583000000000006,ml,6.19
dairy_and_eggs,Oikos,"Fat Free Greek Yogurt, Vanilla Flavour, Blended, 0% M.F.","OikosFat Free Greek Yogurt, Vanilla Flavour, Blended, 0% M.F.750 g",$7.49ea,,$1.00/ 100g,False,valu_mart,0.01,g,7.49
dairy_and_eggs,Activia,"Yogurt With Probiotics, Peach Flavour Tub","ActiviaYogurt With Probiotics, Peach Flavour Tub650 g",$4.79ea,,$0.74/ 100g,False,valu_mart,0.0074,g,4.79
dairy_and_eggs,Gay Lea,"Nordica Cottage Cheese, 2%","Gay LeaNordica Cottage Cheese, 2%500 g",$5.49ea,,$1.10/ 100g,False,valu_mart,0.011000000000000001,g,5.49
dairy_and_eggs,Yoplait,Yop Drinkable Yogurt Limited Edition,YoplaitYop Drinkable Yogurt Limited Edition200 ml,$1.69ea,,$0.85/ 100ml,False,valu_mart,0.0085,ml,1.69
dairy_and_eggs,Lactantia,"Lactose Free Butter, Unsalted","LactantiaLactose Free Butter, Unsalted250 g",$6.39ea,,$2.56/ 100g,False,valu_mart,0.0256,g,6.39
dairy_and_eggs,Black Diamond,"Cheddar Cheese Style Light, 22 Slices","Black DiamondCheddar Cheese Style Light, 22 Slices410 g",$4.99ea,,$1.22/ 100g,False,valu_mart,0.012199999999999999,g,4.99
dairy_and_eggs,Activia,"Yogurt With Probiotics, Vanilla Flavouractose-Free","ActiviaYogurt With Probiotics, Vanilla Flavouractose-Free8x100.0 g",$6.69ea,,$0.84/ 100g,False,valu_mart,0.0084,g,6.69
dairy_and_eggs,President's Choice,Banana 2% M.F. Greek Yogurt,President's ChoiceBanana 2% M.F. Greek Yogurt4x100.0 g,$3.79ea,,$0.95/ 100g,False,valu_mart,0.0095,g,3.79
dairy_and_eggs,Woolwich,Dairy Goat Milk Unsalted Butter,WoolwichDairy Goat Milk Unsalted Butter250 g,$7.49ea,,$3.00/ 100g,False,valu_mart,0.03,g,7.49
dairy_and_eggs,President's Choice,"Plant Based Cultured Coconut Milk Yogurt Alternative, Plain","President's ChoicePlant Based Cultured Coconut Milk Yogurt Alternative, Plain500 g",$4.79ea,,$0.96/ 100g,False,valu_mart,0.0096,g,4.79
dairy_and_eggs,Neilson,"Cream, 18%","NeilsonCream, 18%473 ml",$3.99ea,,$0.84/ 100ml,False,valu_mart,0.0084,ml,3.99
dairy_and_eggs,Neilson,Whipping Cream 35 percent MF,NeilsonWhipping Cream 35 percent MF1 l,$9.29ea,,$0.93/ 100ml,False,valu_mart,0.009300000000000001,ml,9.29
dairy_and_eggs,Baileys,French Vanilla,BaileysFrench Vanilla400 ml,$4.39ea,,$1.10/ 100ml,False,valu_mart,0.011000000000000001,ml,4.39
dairy_and_eggs,Fairlife,Chocolate Lactose Free 2% Partly Skimmed Ultrafiltered Milk,FairlifeChocolate Lactose Free 2% Partly Skimmed Ultrafiltered Milk1.5 l,$5.49ea,$5.29ea,$0.35/ 100ml,True,valu_mart,0.0034999999999999996,ml,5.29
dairy_and_eggs,International Delight,"Hazelnut Flavoured Coffee Creamer, 63 Servings","International DelightHazelnut Flavoured Coffee Creamer, 63 Servings946 ml",$5.49ea,$4.99ea,$0.53/ 100ml,True,valu_mart,0.0053,ml,4.99
dairy_and_eggs,Saputo,Mozzarellissima,SaputoMozzarellissima500 g,$9.29ea,,$1.86/ 100g,False,valu_mart,0.018600000000000002,g,9.29
dairy_and_eggs,Oikos,"Extra Creamy Greek Yogurt, Banana Chocolate Flavour, 4% Mf","OikosExtra Creamy Greek Yogurt, Banana Chocolate Flavour, 4% Mf4x95.0 g",$4.79ea,,$1.26/ 100g,False,valu_mart,0.0126,g,4.79
dairy_and_eggs,Oikos,Maple Syrup 2% M.F. Greek Yogurt,OikosMaple Syrup 2% M.F. Greek Yogurt4x100.0 g,$4.79ea,,$1.20/ 100g,False,valu_mart,0.012,g,4.79
dairy_and_eggs,Neilson,Chocolate Dairy Beverage 2% M.F.,NeilsonChocolate Dairy Beverage 2% M.F.1 l,$4.69ea,,$0.47/ 100ml,False,valu_mart,0.004699999999999999,ml,4.69
dairy_and_eggs,Starbucks,White Chocolate Mocha Liquid Coffee Enhancer,StarbucksWhite Chocolate Mocha Liquid Coffee Enhancer828 ml,$7.99ea,,$0.96/ 100ml,False,valu_mart,0.0096,ml,7.99
dairy_and_eggs,Gay Lea,Spreadables Light Butter With Canola Oil,Gay LeaSpreadables Light Butter With Canola Oil227 g,$5.49ea,,$2.42/ 100g,False,valu_mart,0.0242,g,5.49
dairy_and_eggs,Starbucks,Cinnamon Dolce Latte,StarbucksCinnamon Dolce Latte828 ml,$7.99ea,,$0.96/ 100ml,False,valu_mart,0.0096,ml,7.99
dairy_and_eggs,Derlea,Garlic Spread,DerleaGarlic Spread250 g,$2.99ea,,$1.20/ 100g,False,valu_mart,0.012,g,2.99
dairy_and_eggs,Oikos,"Greek Yogurt, Strawberry Raspberry, Fruit On The Bottom, 2% M.F.","OikosGreek Yogurt, Strawberry Raspberry, Fruit On The Bottom, 2% M.F.4x100.0 g",$4.79ea,,$1.20/ 100g,False,valu_mart,0.012,g,4.79
dairy_and_eggs,Oikos,"Fat Free Greek Yogurt, 30% Less Sugar, Peach Flavour, Blended","OikosFat Free Greek Yogurt, 30% Less Sugar, Peach Flavour, Blended4x100.0 g",$4.79ea,,$1.20/ 100g,False,valu_mart,0.012,g,4.79
dairy_and_eggs,President's Choice,Phyllo Pastry,President's ChoicePhyllo Pastry454 g,$4.69ea,,$1.03/ 100g,False,valu_mart,0.0103,g,4.69
dairy_and_eggs,Natrel,10% Lactose Free Coffee Cream (1L),Natrel10% Lactose Free Coffee Cream (1L)1 l,$5.89ea,,$0.59/ 100ml,False,valu_mart,0.0059,ml,5.89
dairy_and_eggs,Nestle,Coffee Mate After Eight Liquid Coffee Enhancer,NestleCoffee Mate After Eight Liquid Coffee Enhancer946 ml,$6.49ea,,$0.69/ 100ml,False,valu_mart,0.0069,ml,6.49
dairy_and_eggs,Oikos,"Greek Yogurt, Pineapple Flavour, Fruit On The Bottom, 2% M.F.","OikosGreek Yogurt, Pineapple Flavour, Fruit On The Bottom, 2% M.F.4x100.0 g",$4.79ea,,$1.20/ 100g,False,valu_mart,0.012,g,4.79
dairy_and_eggs,PC Organics,Organic Free-Range Egg Whites,PC OrganicsOrganic Free-Range Egg Whites500 g,$4.99ea,,$1.00/ 100g,False,valu_mart,0.01,g,4.99
dairy_and_eggs,Silk,"Dairy-Free Whipping Cream Alternative, Coconut based","SilkDairy-Free Whipping Cream Alternative, Coconut based473 ml",$5.49ea,,$1.16/ 100ml,False,valu_mart,0.0116,ml,5.49
dairy_and_eggs,Earth Island,Cheddar Cheese Slices,Earth IslandCheddar Cheese Slices200 g,$8.99ea,,$4.50/ 100g,False,valu_mart,0.045,g,8.99
dairy_and_eggs,IOGO,"Nano Yogurt, Peach 1%","IOGONano Yogurt, Peach 1%6x93.0 ml",$3.99ea,,$0.72/ 100ml,False,valu_mart,0.0072,ml,3.99
dairy_and_eggs,No Name,Light Original Cream Cheese Product,No NameLight Original Cream Cheese Product227 g,$3.79ea,,$1.67/ 100g,False,valu_mart,0.0167,g,3.79
dairy_and_eggs,Olympic,"Organic Yogurt, Plain 3.5%","OlympicOrganic Yogurt, Plain 3.5%650 g",$5.99ea,,$0.92/ 100g,False,valu_mart,0.0092,g,5.99
dairy_and_eggs,PC Organics,Organic 14% M.F. Sour Cream,PC OrganicsOrganic 14% M.F. Sour Cream500 g,$5.29ea,,$1.06/ 100g,False,valu_mart,0.0106,g,5.29
dairy_and_eggs,PC Organics,"Organic Fresh Churned Butter, Unsalted","PC OrganicsOrganic Fresh Churned Butter, Unsalted250 g",$6.99ea,,$2.80/ 100g,False,valu_mart,0.027999999999999997,g,6.99
dairy_and_eggs,IOGO,"Nano Drinkable Yogurt, Raspberry","IOGONano Drinkable Yogurt, Raspberry6x93.0 ml",$3.99ea,,$0.72/ 100ml,False,valu_mart,0.0072,ml,3.99
dairy_and_eggs,Earth Island,Alternative Sour Cream,Earth IslandAlternative Sour Cream473 ml,$11.99ea,,$2.53/ 100ml,False,valu_mart,0.0253,ml,11.99
dairy_and_eggs,Riviera,"Goat Yogurt, Plain 4.9%","RivieraGoat Yogurt, Plain 4.9%500 g",$6.49ea,,$1.30/ 100ml,False,valu_mart,0.013000000000000001,ml,6.49
dairy_and_eggs,Tre Stelle,Tre Stelle Organic Cream Cheese Spread,Tre StelleTre Stelle Organic Cream Cheese Spread200 g,$4.49ea,,$2.25/ 100g,False,valu_mart,0.0225,g,4.49
dairy_and_eggs,Yoplait,Special Edition Yogurt,YoplaitSpecial Edition Yogurt8x56.0 g,$4.79ea,,$1.07/ 100g,False,valu_mart,0.010700000000000001,g,4.79
dairy_and_eggs,President's Choice,Plant Based Coconut Cream Cheese-Style Spread,President's ChoicePlant Based Coconut Cream Cheese-Style Spread227 g,$3.49ea,,$1.54/ 100g,False,valu_mart,0.0154,g,3.49
dairy_and_eggs,Olympic,Yogurt-French Vanilla,OlympicYogurt-French Vanilla1.75 kg,$11.99ea,,$0.69/ 100g,False,valu_mart,0.0069,g,11.99
dairy_and_eggs,Activia,"Probiotic Yogurt, Blueberry/Vanilla","ActiviaProbiotic Yogurt, Blueberry/Vanilla12x100.0 g",$6.99ea,,$0.58/ 100g,False,valu_mart,0.0058,g,6.99
dairy_and_eggs,Philadelphia,Mixed Berry Whipped Cream Cheese Product,PhiladelphiaMixed Berry Whipped Cream Cheese Product227 g,$5.29ea,,$2.33/ 100g,False,valu_mart,0.0233,g,5.29
dairy_and_eggs,PC Organics,"Organic Fresh Churned Butter, Salted","PC OrganicsOrganic Fresh Churned Butter, Salted250 g",$6.99ea,,$2.80/ 100g,False,valu_mart,0.027999999999999997,g,6.99
dairy_and_eggs,Spread 'Em Kitchen Co.,The Meadow,Spread 'Em Kitchen Co.The Meadow200 g,$10.99ea,,$5.50/ 100g,False,valu_mart,0.055,g,10.99
dairy_and_eggs,Becel,Margarine with Olive Oil,BecelMargarine with Olive Oil850 g,$9.29ea,,$1.09/ 100g,False,valu_mart,0.0109,g,9.29
dairy_and_eggs,Liberte,Greek Plain 0% MF Yogurt,LiberteGreek Plain 0% MF Yogurt750 g,$6.49ea,$4.99ea,$0.67/ 100g,True,valu_mart,0.0067,g,4.99
dairy_and_eggs,Heluva,Sour Cream Dip Nacho Queso Supreme,HeluvaSour Cream Dip Nacho Queso Supreme250 g,$4.49ea,,$1.80/ 100g,False,valu_mart,0.018000000000000002,g,4.49
dairy_and_eggs,Oikos,"Greek Yogurt, Strawberry-Banana Flavour, Blended, 2% M.F.","OikosGreek Yogurt, Strawberry-Banana Flavour, Blended, 2% M.F.4x100.0 g",$4.79ea,,$1.20/ 100g,False,valu_mart,0.012,g,4.79
dairy_and_eggs,Cracker Barrel,Slice Medium Cheddar Light,Cracker BarrelSlice Medium Cheddar Light240 g,$5.79ea,,$2.41/ 100g,False,valu_mart,0.0241,g,5.79
dairy_and_eggs,Oikos,"High Protein Greek Yogurt, Vanilla Flavour, Blended, Value Tub","OikosHigh Protein Greek Yogurt, Vanilla Flavour, Blended, Value Tub650 g",$7.49ea,,$1.15/ 100g,False,valu_mart,0.0115,g,7.49
dairy_and_eggs,Liberte,Méditerranée Raspbery Cheesecake 9%MF Yogurt,LiberteMéditerranée Raspbery Cheesecake 9%MF Yogurt500 g,$5.79ea,,$1.16/ 100g,False,valu_mart,0.0116,g,5.79
dairy_and_eggs,The A2 Milk Company,2% M.F. Partly Skimmed Milk,The A2 Milk Company2% M.F. Partly Skimmed Milk2 l,$6.49ea,,$0.32/ 100ml,False,valu_mart,0.0032,ml,6.49
dairy_and_eggs,IOGO,"0% Strawberry, Raspberry, Blueberry, Cherry Yogurt","IOGO0% Strawberry, Raspberry, Blueberry, Cherry Yogurt16x100.0 g",$8.49ea,,$0.53/ 100g,False,valu_mart,0.0053,g,8.49
dairy_and_eggs,Oikos,"Greek Yogurt, Plain, No Added Sugar, 2% Mf, Value Tub","OikosGreek Yogurt, Plain, No Added Sugar, 2% Mf, Value Tub750 g",$7.49ea,,$1.00/ 100g,False,valu_mart,0.01,g,7.49
dairy_and_eggs,Oikos,"Drinkable Greek Yogurt With Banana, Oats, & Seeds, 9G Protein","OikosDrinkable Greek Yogurt With Banana, Oats, & Seeds, 9G Protein190 ml",$2.29ea,,$1.21/ 100ml,False,valu_mart,0.0121,ml,2.29
dairy_and_eggs,President's Choice,Shredded Pizza Mozzarella Cheese,President's ChoiceShredded Pizza Mozzarella Cheese620 g,$12.49ea,,$2.01/ 100g,False,valu_mart,0.020099999999999996,g,12.49
dairy_and_eggs,IOGO,"Fat Free Yogurt, Strawberry, Blueberry, Peach, Vanilla","IOGOFat Free Yogurt, Strawberry, Blueberry, Peach, Vanilla16x100.0 g",$8.49ea,,$0.53/ 100g,False,valu_mart,0.0053,g,8.49
dairy_and_eggs,Kraft,Singles Original Thick Slices,KraftSingles Original Thick Slices410 g,$5.99ea,,$1.46/ 100g,False,valu_mart,0.0146,g,5.99
dairy_and_eggs,No Name, Light Cottage Cheese,No Name Light Cottage Cheese250 g,$3.29ea,,$1.32/ 100g,False,valu_mart,0.0132,g,3.29
dairy_and_eggs,No Name,2% M.F. Cottage Cheese ,No Name2% M.F. Cottage Cheese 750 g,$5.99ea,,$0.80/ 100g,False,valu_mart,0.008,g,5.99
dairy_and_eggs,Starbucks,Almond And Oat Dairy Free Caramel Macchiato Coffee Enhancer,StarbucksAlmond And Oat Dairy Free Caramel Macchiato Coffee Enhancer828 ml,$7.99ea,,$0.96/ 100ml,False,valu_mart,0.0096,ml,7.99
dairy_and_eggs,Beatrice,Protein Milk Chocolate,BeatriceProtein Milk Chocolate460 ml,$3.45ea,,$0.75/ 100ml,False,valu_mart,0.0075,ml,3.45
dairy_and_eggs,International Delight,Irish Creme Coffee Creamer,International DelightIrish Creme Coffee Creamer946 ml,$5.49ea,$4.99ea,$0.53/ 100ml,True,valu_mart,0.0053,ml,4.99
dairy_and_eggs,Lactantia,1% M.F. Partly Skimmed Milk,Lactantia1% M.F. Partly Skimmed Milk2 l,$5.69ea,,$0.28/ 100ml,False,valu_mart,0.0028000000000000004,ml,5.69
dairy_and_eggs,Woolwich,Goat Dairy Marble Goat Cheddar Cheese 31 % M.F.,WoolwichGoat Dairy Marble Goat Cheddar Cheese 31 % M.F.200 g,$8.99ea,,$4.50/ 100g,False,valu_mart,0.045,g,8.99
dairy_and_eggs,President,Premium Salted Cultured Butter,PresidentPremium Salted Cultured Butter250 g,$5.19ea,,$2.08/ 100g,False,valu_mart,0.0208,g,5.19
dairy_and_eggs,Yoplait,Lactose Free Mango,YoplaitLactose Free Mango200 ml,$1.69ea,,$0.85/ 100ml,False,valu_mart,0.0085,ml,1.69
dairy_and_eggs,Activia,"Yogurt With Probiotics, Cherry Flavour","ActiviaYogurt With Probiotics, Cherry Flavour650 g",$4.79ea,,$0.74/ 100g,False,valu_mart,0.0074,g,4.79
dairy_and_eggs,President's Choice,Plain Skyr Icelandic Style 4% M.F. Yogurt,President's ChoicePlain Skyr Icelandic Style 4% M.F. Yogurt500 g,$5.99ea,,$1.20/ 100g,False,valu_mart,0.012,g,5.99
dairy_and_eggs,PC Organics,Organic Partly Skimmed 1% Milk,PC OrganicsOrganic Partly Skimmed 1% Milk2 l,$6.89ea,,$0.34/ 100ml,False,valu_mart,0.0034000000000000002,ml,6.89
dairy_and_eggs,Oikos,"Greek Yogurt, Variety Pack, Raspberry-Pomegranate / Key Lime / Vanilla / Strawberry Banana, Blended 2% M.F.","OikosGreek Yogurt, Variety Pack, Raspberry-Pomegranate / Key Lime / Vanilla / Strawberry Banana, Blended 2% M.F.12x100.0 g",$10.99ea,,$0.92/ 100g,False,valu_mart,0.0092,g,10.99
dairy_and_eggs,Neilson,TruTaste Lactose Free 2% Milk,NeilsonTruTaste Lactose Free 2% Milk4 l,$10.59ea,,$0.26/ 100ml,False,valu_mart,0.0026,ml,10.59
dairy_and_eggs,Natrel,3.25% Lactose Free Enriched Milk,Natrel3.25% Lactose Free Enriched Milk2 l,$6.59ea,,$0.33/ 100ml,False,valu_mart,0.0033,ml,6.59
dairy_and_eggs,President's Choice,Vanilla 2% M.F. Greek Yogurt,President's ChoiceVanilla 2% M.F. Greek Yogurt908 g,$6.99ea,$6.49ea,$0.71/ 100g,True,valu_mart,0.0070999999999999995,g,6.49
dairy_and_eggs,President's Choice,Black Cherry Skyr Icelandic Style 4% M.F. Yogurt,President's ChoiceBlack Cherry Skyr Icelandic Style 4% M.F. Yogurt500 g,$5.99ea,,$1.20/ 100g,False,valu_mart,0.012,g,5.99
dairy_and_eggs,PC Organics,Organic Free-Range Brown Eggs,PC OrganicsOrganic Free-Range Brown Eggs12 eggs,$7.69ea,,$0.64/ 1ea,False,valu_mart,0.64,,7.69
dairy_and_eggs,Black Diamond,Cheddar Coloured Old,Black DiamondCheddar Coloured Old400 g,$6.99ea,,$1.75/ 100g,False,valu_mart,0.0175,g,6.99
dairy_and_eggs,Gay Lea,"Real Whipped Cream, Light","Gay LeaReal Whipped Cream, Light225 g",$4.49ea,,$2.00/ 100g,False,valu_mart,0.02,g,4.49
dairy_and_eggs,Activia,"Yogurt With Probiotics, Strawberry, Raspberry, Vanilla, Blueberry Flavour, 24XG","ActiviaYogurt With Probiotics, Strawberry, Raspberry, Vanilla, Blueberry Flavour, 24XG24x100.0 g",$13.99ea,,$0.58/ 100g,False,valu_mart,0.0058,g,13.99
dairy_and_eggs,Oikos,"Greek Yogurt, Variety Pack, Raspberry-Pomegranate / Key Lime / Vanilla / Strawberry Banana, Blended 2% M.F.","OikosGreek Yogurt, Variety Pack, Raspberry-Pomegranate / Key Lime / Vanilla / Strawberry Banana, Blended 2% M.F.12x100.0 g",$10.99ea,,$0.92/ 100g,False,valu_mart,0.0092,g,10.99
dairy_and_eggs,No Name,2% M.F. Cottage Cheese ,No Name2% M.F. Cottage Cheese 750 g,$5.99ea,,$0.80/ 100g,False,valu_mart,0.008,g,5.99
dairy_and_eggs,Kiri,Cream Cheese,KiriCream Cheese144 g,$5.99ea,,$4.16/ 100g,False,valu_mart,0.0416,g,5.99
dairy_and_eggs,Yoso,Yoats Yogurt Alternative Oat Vanilla,YosoYoats Yogurt Alternative Oat Vanilla440 g,$6.49ea,,$1.48/ 100g,False,valu_mart,0.0148,g,6.49
dairy_and_eggs,Starbucks,Almond And Oat Dairy Free Caramel Macchiato Coffee Enhancer,StarbucksAlmond And Oat Dairy Free Caramel Macchiato Coffee Enhancer828 ml,$7.99ea,,$0.96/ 100ml,False,valu_mart,0.0096,ml,7.99
dairy_and_eggs,IOGO,Nanö Drinkable Yogurt Strawberry 1 % M.F.,IOGONanö Drinkable Yogurt Strawberry 1 % M.F.900 ml,$5.49ea,,$0.61/ 100ml,False,valu_mart,0.0060999999999999995,ml,5.49
dairy_and_eggs,Neilson,TruTaste 1% Milk,NeilsonTruTaste 1% Milk1 l,$4.09ea,,$0.41/ 100ml,False,valu_mart,0.0040999999999999995,ml,4.09
dairy_and_eggs,No Name,Shredded Nacho Cheese Blend,No NameShredded Nacho Cheese Blend320 g,$5.99ea,,$1.87/ 100g,False,valu_mart,0.0187,g,5.99
dairy_and_eggs,No Name,Stringable Cheese Marble,No NameStringable Cheese Marble336 g,$6.69ea,,$1.99/ 100g,False,valu_mart,0.0199,g,6.69
dairy_and_eggs,Neilson,TruTaste 2% Milk,NeilsonTruTaste 2% Milk1 l,$4.09ea,,$0.41/ 100ml,False,valu_mart,0.0040999999999999995,ml,4.09
dairy_and_eggs,No Name,Old Cheddar Cheese,No NameOld Cheddar Cheese200 g,$4.29ea,,$2.15/ 100g,False,valu_mart,0.0215,g,4.29
dairy_and_eggs,Nestle,Coffee Mate Liquid French Vanilla,NestleCoffee Mate Liquid French Vanilla946 ml,$6.49ea,,$0.69/ 100ml,False,valu_mart,0.0069,ml,6.49
dairy_and_eggs,Imperial,Soft Margarine Spread,ImperialSoft Margarine Spread454 g,$4.99ea,,$1.17/ 100g,False,valu_mart,0.011699999999999999,g,4.99
dairy_and_eggs,Beatrice,Protein Milk Chocolate,BeatriceProtein Milk Chocolate460 ml,$3.45ea,,$0.75/ 100ml,False,valu_mart,0.0075,ml,3.45
dairy_and_eggs,International Delight,Irish Creme Coffee Creamer,International DelightIrish Creme Coffee Creamer946 ml,$5.49ea,$4.99ea,$0.53/ 100ml,True,valu_mart,0.0053,ml,4.99
dairy_and_eggs,Lactantia,1% M.F. Partly Skimmed Milk,Lactantia1% M.F. Partly Skimmed Milk2 l,$5.69ea,,$0.28/ 100ml,False,valu_mart,0.0028000000000000004,ml,5.69
dairy_and_eggs,Gay Lea,Lactose Free Sour Cream,Gay LeaLactose Free Sour Cream450 ml,$4.29ea,,$0.95/ 100ml,False,valu_mart,0.0095,ml,4.29
dairy_and_eggs,Woolwich,Goat Dairy Marble Goat Cheddar Cheese 31 % M.F.,WoolwichGoat Dairy Marble Goat Cheddar Cheese 31 % M.F.200 g,$8.99ea,,$4.50/ 100g,False,valu_mart,0.045,g,8.99
dairy_and_eggs,Oikos,"Fat Free Greek Yogurt, High Protein, Plain, 0% M.F.","OikosFat Free Greek Yogurt, High Protein, Plain, 0% M.F.650 g",$7.49ea,,$1.15/ 100g,False,valu_mart,0.0115,g,7.49
dairy_and_eggs,Lactantia,"My Country Butter, Unsalted","LactantiaMy Country Butter, Unsalted454 g",$8.49ea,,$1.87/ 100g,False,valu_mart,0.0187,g,8.49
dairy_and_eggs,No Name,Deep Dish Pie Shells,No NameDeep Dish Pie Shells380 g,$4.49ea,,$1.18/ 100g,False,valu_mart,0.0118,g,4.49
dairy_and_eggs,Neilson,2% Milk,Neilson2% Milk1 l,$3.49ea,,$0.35/ 100ml,False,valu_mart,0.0034999999999999996,ml,3.49
dairy_and_eggs,International Delight,"Caramel Waffle Cookie, Limited Edition Coffee Creamer","International DelightCaramel Waffle Cookie, Limited Edition Coffee Creamer946 ml",$5.49ea,$4.99ea,$0.53/ 100ml,True,valu_mart,0.0053,ml,4.99
dairy_and_eggs,No Name, Light Cottage Cheese,No Name Light Cottage Cheese250 g,$3.29ea,,$1.32/ 100g,False,valu_mart,0.0132,g,3.29
dairy_and_eggs,Rowe Farms,Green Valley Eggs Size Large Free Run Brown,Rowe FarmsGreen Valley Eggs Size Large Free Run Brown12 eggs,$6.69ea,,$0.56/ 1ea,False,valu_mart,0.56,,6.69
dairy_and_eggs,Astro,"Original Balkan Style Yogurt, Strawberry, Raspberry, Black Cherry, Nectarine","AstroOriginal Balkan Style Yogurt, Strawberry, Raspberry, Black Cherry, Nectarine12x100.0 g",$7.99ea,,$0.67/ 100g,False,valu_mart,0.0067,g,7.99
dairy_and_eggs,Milk 2 Go,Chocolate,Milk 2 GoChocolate473 ml,$1.79ea,,$0.38/ 100ml,False,valu_mart,0.0038,ml,1.79
dairy_and_eggs,Nestle,Coffee Mate Turtles Liquid Coffee Enhancer,NestleCoffee Mate Turtles Liquid Coffee Enhancer946 ml,$6.49ea,,$0.69/ 100ml,False,valu_mart,0.0069,ml,6.49
dairy_and_eggs,President's Choice,Gluten Free Pie Crust,President's ChoiceGluten Free Pie Crust380 g,$6.99ea,,$1.84/ 100g,False,valu_mart,0.0184,g,6.99
dairy_and_eggs,Cracker Barrel,Shreds 3 Cheese Mexicana,Cracker BarrelShreds 3 Cheese Mexicana320 g,$7.79ea,,$2.43/ 100g,False,valu_mart,0.024300000000000002,g,7.79
dairy_and_eggs,Neilson,TruTaste Skim Milk,NeilsonTruTaste Skim Milk4 l,$6.79ea,,$0.17/ 100ml,False,valu_mart,0.0017000000000000001,ml,6.79
dairy_and_eggs,Activia,"Yogurt With Probioticsactose Free, Vanilla, Strawberry, Raspberry, Cherry Flavour","ActiviaYogurt With Probioticsactose Free, Vanilla, Strawberry, Raspberry, Cherry Flavour12x100.0 g",$6.99ea,,$0.58/ 100g,False,valu_mart,0.0058,g,6.99
dairy_and_eggs,Neilson,Table Cream,NeilsonTable Cream1 l,$6.99ea,,$0.70/ 100ml,False,valu_mart,0.006999999999999999,ml,6.99
dairy_and_eggs,Liberte,Greek Vanilla yogurt,LiberteGreek Vanilla yogurt650 g,$7.49ea,,$1.15/ 100g,False,valu_mart,0.0115,g,7.49
dairy_and_eggs,Organic Meadow,10% Half & Half Organic Cream,Organic Meadow10% Half & Half Organic Cream500 ml,$4.29ea,,$0.86/ 100ml,False,valu_mart,0.0086,ml,4.29
dairy_and_eggs,Lactantia,Whole Milk Organic 3.8% M.F.,LactantiaWhole Milk Organic 3.8% M.F.1.5 l,$5.74ea,,$0.38/ 100ml,False,valu_mart,0.0038,ml,5.74
dairy_and_eggs,Riviera,"Vegan Yogurt, Vanilla Coconut","RivieraVegan Yogurt, Vanilla Coconut650 g",$6.49ea,,$1.00/ 100g,False,valu_mart,0.01,g,6.49
dairy_and_eggs,No Name,Herb and Spice Sour Cream Dip,No NameHerb and Spice Sour Cream Dip250 g,$3.79ea,,$1.52/ 100g,False,valu_mart,0.0152,g,3.79
dairy_and_eggs,Earth Island,Mozzarella Style Dairy-Free Cheese,Earth IslandMozzarella Style Dairy-Free Cheese198 g,$6.99ea,,$3.53/ 100g,False,valu_mart,0.0353,g,6.99
dairy_and_eggs,Danone,"Drinkable Yogurt, Strawberry, Made With Real Fruit, 2% M.F.","DanoneDrinkable Yogurt, Strawberry, Made With Real Fruit, 2% M.F.190 ml",$1.29ea,,$0.68/ 100ml,False,valu_mart,0.0068000000000000005,ml,1.29
dairy_and_eggs,Liberte,Strawberry Banana 1.5 % M.F. Drinkable Yogourt,LiberteStrawberry Banana 1.5 % M.F. Drinkable Yogourt1 l,$6.99ea,,$0.70/ 100ml,False,valu_mart,0.006999999999999999,ml,6.99
dairy_and_eggs,Yoplait,Yop Drinkable Yogurt Raspberrry Flavour,YoplaitYop Drinkable Yogurt Raspberrry Flavour200 ml,$1.69ea,,$0.85/ 100ml,False,valu_mart,0.0085,ml,1.69
dairy_and_eggs,President's Choice,Butter Puff Pastry,President's ChoiceButter Puff Pastry450 g,$6.49ea,,$1.44/ 100g,False,valu_mart,0.0144,g,6.49
dairy_and_eggs,Yoplait,Yop Drinkable Yogurt Strawberry Flavour 1% M.F.,YoplaitYop Drinkable Yogurt Strawberry Flavour 1% M.F.6x200.0 ml,$6.99ea,,$0.58/ 100ml,False,valu_mart,0.0058,ml,6.99
dairy_and_eggs,Armstrong,"Cheese, Sliced Cheddar with Jalapeño Mexican Fiesta 31 % M.F.","ArmstrongCheese, Sliced Cheddar with Jalapeño Mexican Fiesta 31 % M.F.220 g",$6.49ea,$5.99ea,$2.72/ 100g,True,valu_mart,0.027200000000000002,g,5.99
dairy_and_eggs,Activia,"Immune System, Probiotic Yogurt Drink, Strawberry Drinkable Yogurt, 8 Pack","ActiviaImmune System, Probiotic Yogurt Drink, Strawberry Drinkable Yogurt, 8 Pack8x93.0 ml",$7.99ea,,$1.07/ 100ml,False,valu_mart,0.010700000000000001,ml,7.99
dairy_and_eggs,Oikos,"Greek Yogurt, Raspberry-Pomegramate Flavour, Fruit On Bottom, 2% M.F.,","OikosGreek Yogurt, Raspberry-Pomegramate Flavour, Fruit On Bottom, 2% M.F.,4x100.0 g",$4.79ea,,$1.20/ 100g,False,valu_mart,0.012,g,4.79
dairy_and_eggs,No Name,Old Cheddar Cheese Slices ,No NameOld Cheddar Cheese Slices 210 g,$4.99ea,,$2.38/ 100g,False,valu_mart,0.023799999999999998,g,4.99
dairy_and_eggs,Becel,Margarine Original,BecelMargarine Original1.81 kg,$16.99ea,,$1.00/ 100g,False,valu_mart,0.01,g,16.99
dairy_and_eggs,PC Organics,"Organic Cheese, Medium Cheddar","PC OrganicsOrganic Cheese, Medium Cheddar200 g",$6.49ea,,$3.25/ 100g,False,valu_mart,0.0325,g,6.49
dairy_and_eggs,No Name,Dill Pickle Sour Cream Dip,No NameDill Pickle Sour Cream Dip250 g,$3.79ea,,$1.52/ 100g,False,valu_mart,0.0152,g,3.79
dairy_and_eggs,Heluva,"Sour Cream Dip, Dill Pickle","HeluvaSour Cream Dip, Dill Pickle250 g",$4.49ea,,$1.80/ 100g,False,valu_mart,0.018000000000000002,g,4.49
dairy_and_eggs,Imperial,Margarine Club Pack,ImperialMargarine Club Pack1.36 kg,$8.99ea,,$0.71/ 100g,False,valu_mart,0.0070999999999999995,g,8.99
dairy_and_eggs,Silk,"Plant Based Dairy Free Coconut Yogurt, Vanilla Flavour, 4 pack","SilkPlant Based Dairy Free Coconut Yogurt, Vanilla Flavour, 4 pack100 g",$4.29ea,$3.99ea,$3.99/ 100g,True,valu_mart,0.039900000000000005,g,3.99
dairy_and_eggs,Philadelphia,Light Cream Cheese,PhiladelphiaLight Cream Cheese450 g,$8.99ea,,$2.00/ 100g,False,valu_mart,0.02,g,8.99
dairy_and_eggs,Spread 'Em Kitchen Co.,The Big Smoke,Spread 'Em Kitchen Co.The Big Smoke200 g,$10.99ea,,$5.50/ 100g,False,valu_mart,0.055,g,10.99
dairy_and_eggs,Danone,"Drinkable Yogurt, Strawberry, Made With Real Fruit, 2% M.F.","DanoneDrinkable Yogurt, Strawberry, Made With Real Fruit, 2% M.F.190 ml",$1.29ea,,$0.68/ 100ml,False,valu_mart,0.0068000000000000005,ml,1.29
dairy_and_eggs,Liberte,Strawberry Banana 1.5 % M.F. Drinkable Yogourt,LiberteStrawberry Banana 1.5 % M.F. Drinkable Yogourt1 l,$6.99ea,,$0.70/ 100ml,False,valu_mart,0.006999999999999999,ml,6.99
dairy_and_eggs,Yoplait,Yop Drinkable Yogurt Raspberrry Flavour,YoplaitYop Drinkable Yogurt Raspberrry Flavour200 ml,$1.69ea,,$0.85/ 100ml,False,valu_mart,0.0085,ml,1.69
dairy_and_eggs,Follow Your Heart,Soy Free Vegenaise,Follow Your HeartSoy Free Vegenaise473 ml,$9.49ea,,$2.01/ 100ml,False,valu_mart,0.020099999999999996,ml,9.49
dairy_and_eggs,Activia,"Yogurt With Probiotics & Fibre, 3X Vanilla, 3X Blueberry, 3X Peach, 3X Strawberry Kiwi,","ActiviaYogurt With Probiotics & Fibre, 3X Vanilla, 3X Blueberry, 3X Peach, 3X Strawberry Kiwi,12x100.0 g",$6.99ea,,$0.58/ 100g,False,valu_mart,0.0058,g,6.99
dairy_and_eggs,PC Organics,"Organic Cheese, Marble Cheddar","PC OrganicsOrganic Cheese, Marble Cheddar200 g",$6.49ea,,$3.25/ 100g,False,valu_mart,0.0325,g,6.49
dairy_and_eggs,Riviera,Oat Based Vegan Delight Plain,RivieraOat Based Vegan Delight Plain650 g,$6.99ea,,$1.08/ 100g,False,valu_mart,0.0108,g,6.99
dairy_and_eggs,Activia,"Yogurt With Probiotics, Strawberry Flavour","ActiviaYogurt With Probiotics, Strawberry Flavour12x100.0 g",$6.99ea,,$0.58/ 100g,False,valu_mart,0.0058,g,6.99
dairy_and_eggs,Lactantia,Partly Skimmed Milk Organic 1% M.F.,LactantiaPartly Skimmed Milk Organic 1% M.F.1.5 l,$5.74ea,,$0.38/ 100ml,False,valu_mart,0.0038,ml,5.74
dairy_and_eggs,Liberte,Greek Vanilla yogurt,LiberteGreek Vanilla yogurt650 g,$7.49ea,,$1.15/ 100g,False,valu_mart,0.0115,g,7.49
dairy_and_eggs,President's Choice,Butter Puff Pastry,President's ChoiceButter Puff Pastry450 g,$6.49ea,,$1.44/ 100g,False,valu_mart,0.0144,g,6.49
dairy_and_eggs,Danone,Strawberry Flavoured Paw Patrol Yogurt Drink For Kids,DanoneStrawberry Flavoured Paw Patrol Yogurt Drink For Kids8x93.0 ml,$5.99ea,,$0.81/ 100ml,False,valu_mart,0.008100000000000001,ml,5.99
dairy_and_eggs,Danone,"Drinkable Yogurt, Strawberry Banana Flavour, Made With Real Fruit, 2% M.F.","DanoneDrinkable Yogurt, Strawberry Banana Flavour, Made With Real Fruit, 2% M.F.190 ml",$1.29ea,,$0.68/ 100ml,False,valu_mart,0.0068000000000000005,ml,1.29
dairy_and_eggs,Activia,"Yogurt With Probiotics, Vanilla Flavour, 100G","ActiviaYogurt With Probiotics, Vanilla Flavour, 100G8x100.0 g",$6.69ea,,$0.84/ 100g,False,valu_mart,0.0084,g,6.69
dairy_and_eggs,Activia,"Yogurt With Probiotics, Raspberry Flavour","ActiviaYogurt With Probiotics, Raspberry Flavour650 g",$4.79ea,,$0.74/ 100g,False,valu_mart,0.0074,g,4.79
dairy_and_eggs,Liberte,Greek Vanilla Bean 5% MF Yogurt,LiberteGreek Vanilla Bean 5% MF Yogurt4x100.0 g,$5.49ea,,$1.37/ 100g,False,valu_mart,0.0137,g,5.49
dairy_and_eggs,President's Choice,Triple Cheddar Shredded Cheese Blend,President's ChoiceTriple Cheddar Shredded Cheese Blend320 g,$6.99ea,,$2.18/ 100g,False,valu_mart,0.0218,g,6.99
dairy_and_eggs,Liberte,Greek Raspberry 5% MF Yogurt,LiberteGreek Raspberry 5% MF Yogurt4x100.0 g,$5.49ea,,$1.37/ 100g,False,valu_mart,0.0137,g,5.49
dairy_and_eggs,Fairlife,Lactose Free Skim Ultrafiltered Milk,FairlifeLactose Free Skim Ultrafiltered Milk1.5 l,$5.49ea,$5.29ea,$0.35/ 100ml,True,valu_mart,0.0034999999999999996,ml,5.29
dairy_and_eggs,Oikos,"High Protein Greek Yogurt, Zesty Lemon & Lime Flavour, Blended, Value Tub","OikosHigh Protein Greek Yogurt, Zesty Lemon & Lime Flavour, Blended, Value Tub650 g",$7.49ea,,$1.15/ 100g,False,valu_mart,0.0115,g,7.49
dairy_and_eggs,Neilson,Trutaste Lactose Free Cream Half & Half 10% M.F.,NeilsonTrutaste Lactose Free Cream Half & Half 10% M.F.1 l,$3.99ea,,$0.40/ 100ml,False,valu_mart,0.004,ml,3.99
dairy_and_eggs,Black Diamond,Old Cheddar Cheese + Sea-Salted Roasted Cashews & Cherry Infused Dried Cranberries,Black DiamondOld Cheddar Cheese + Sea-Salted Roasted Cashews & Cherry Infused Dried Cranberries127.6 g,$5.49ea,,$4.30/ 100g,False,valu_mart,0.043,g,5.49
dairy_and_eggs,President's Choice,Oatmeal Chocolate Chip Cookie Dough,President's ChoiceOatmeal Chocolate Chip Cookie Dough468 g,$4.49ea,,$0.96/ 100g,False,valu_mart,0.0096,g,4.49
dairy_and_eggs,Fairlife,Lactose Free 1% Partly Skimmed Ultrafiltered Milk,FairlifeLactose Free 1% Partly Skimmed Ultrafiltered Milk1.5 l,$5.49ea,$5.29ea,$0.35/ 100ml,True,valu_mart,0.0034999999999999996,ml,5.29
dairy_and_eggs,Activia,"Yogurt With Probiotics, Strawberry Flavour","ActiviaYogurt With Probiotics, Strawberry Flavour650 g",$4.79ea,,$0.74/ 100g,False,valu_mart,0.0074,g,4.79
dairy_and_eggs,No Name,Old Cheddar Cheese,No NameOld Cheddar Cheese400 g,$5.99ea,,$1.50/ 100g,False,valu_mart,0.015,g,5.99
dairy_and_eggs,Organic Meadow,"Organic Cheese, Medium Cheddar","Organic MeadowOrganic Cheese, Medium Cheddar340 g",$12.99ea,,$3.82/ 100g,False,valu_mart,0.0382,g,12.99
dairy_and_eggs,Tofutti,Better Than Cream Cheese,TofuttiBetter Than Cream Cheese227 g,$5.29ea,,$2.33/ 100g,False,valu_mart,0.0233,g,5.29
dairy_and_eggs,Fairlife,Lactose Free Whole Ultrafiltered Milk,FairlifeLactose Free Whole Ultrafiltered Milk1.5 l,$5.49ea,$5.29ea,$0.35/ 100ml,True,valu_mart,0.0034999999999999996,ml,5.29
dairy_and_eggs,Beatrice,"Sour Cream, Regular 14%","BeatriceSour Cream, Regular 14%500 ml",$3.99ea,,$0.80/ 100ml,False,valu_mart,0.008,ml,3.99
dairy_and_eggs,Lactantia,Organic 2% M.F.,LactantiaOrganic 2% M.F.1.5 l,$5.74ea,,$0.38/ 100ml,False,valu_mart,0.0038,ml,5.74
dairy_and_eggs,Black Diamond,Cheddar Old Coloured Shred,Black DiamondCheddar Old Coloured Shred320 g,$6.99ea,,$2.18/ 100g,False,valu_mart,0.0218,g,6.99
dairy_and_eggs,International Delight,"White Chocolate Mocha, Zero Sugar Coffee Creamer, Limited Edition","International DelightWhite Chocolate Mocha, Zero Sugar Coffee Creamer, Limited Edition946 ml",$5.49ea,$4.99ea,$0.53/ 100ml,True,valu_mart,0.0053,ml,4.99
dairy_and_eggs,Heluva,Caramelized Onion Dip,HeluvaCaramelized Onion Dip250 g,$4.49ea,,$1.80/ 100g,False,valu_mart,0.018000000000000002,g,4.49
dairy_and_eggs,International Delight,"French Vanilla Flavoured Coffee Creamer, 63 Servings","International DelightFrench Vanilla Flavoured Coffee Creamer, 63 Servings946 ml",$5.49ea,$4.99ea,$0.53/ 100ml,True,valu_mart,0.0053,ml,4.99
dairy_and_eggs,PC Organics,Organic Partly Skimmed 2% Milk,PC OrganicsOrganic Partly Skimmed 2% Milk2 l,$6.89ea,,$0.34/ 100ml,False,valu_mart,0.0034000000000000002,ml,6.89
dairy_and_eggs,Neilson,1% Partly Skimmed Milk,Neilson1% Partly Skimmed Milk2 l,$4.99ea,,$0.25/ 100ml,False,valu_mart,0.0025,ml,4.99
dairy_and_eggs,Neilson,"Flavoured Milk, Chocolate","NeilsonFlavoured Milk, Chocolate4 l",$7.99ea,,$0.20/ 100ml,False,valu_mart,0.002,ml,7.99
dairy_and_eggs,Pillsbury,Reese Cookie Dough,PillsburyReese Cookie Dough454 g,$4.49ea,,$0.99/ 100g,False,valu_mart,0.009899999999999999,g,4.49
dairy_and_eggs,No Name,Farmer's Marble Cheese ,No NameFarmer's Marble Cheese 200 g,$4.29ea,,$2.15/ 100g,False,valu_mart,0.0215,g,4.29
dairy_and_eggs,PC Organics,Organic Partly Skimmed 2% Milk,PC OrganicsOrganic Partly Skimmed 2% Milk2 l,$6.89ea,,$0.34/ 100ml,False,valu_mart,0.0034000000000000002,ml,6.89
dairy_and_eggs,Neilson,1% Partly Skimmed Milk,Neilson1% Partly Skimmed Milk2 l,$4.99ea,,$0.25/ 100ml,False,valu_mart,0.0025,ml,4.99
dairy_and_eggs,Neilson,"Flavoured Milk, Chocolate","NeilsonFlavoured Milk, Chocolate4 l",$7.99ea,,$0.20/ 100ml,False,valu_mart,0.002,ml,7.99
dairy_and_eggs,International Delight,"White Chocolate Mocha, Zero Sugar Coffee Creamer, Limited Edition","International DelightWhite Chocolate Mocha, Zero Sugar Coffee Creamer, Limited Edition946 ml",$5.49ea,$4.99ea,$0.53/ 100ml,True,valu_mart,0.0053,ml,4.99
dairy_and_eggs,No Name,Old Cheddar Cheese,No NameOld Cheddar Cheese400 g,$5.99ea,,$1.50/ 100g,False,valu_mart,0.015,g,5.99
dairy_and_eggs,Woolwich,Partially Skimmed Goat Milk 2%,WoolwichPartially Skimmed Goat Milk 2%1 l,$4.59ea,,$0.46/ 100ml,False,valu_mart,0.0046,ml,4.59
dairy_and_eggs,Cracker Barrel,Bar Medium Cheddar,Cracker BarrelBar Medium Cheddar400 g,$9.29ea,,$2.32/ 100g,False,valu_mart,0.0232,g,9.29
dairy_and_eggs,No Name,Mild Cheddar Cheese,No NameMild Cheddar Cheese400 g,$5.99ea,,$1.50/ 100g,False,valu_mart,0.015,g,5.99
dairy_and_eggs,No Name,Cheese Sticks Stringable Marble,No NameCheese Sticks Stringable Marble588 g,$11.19ea,,$1.90/ 100g,False,valu_mart,0.019,g,11.19
dairy_and_eggs,Oikos,"Fat Free Greek Yogurt, 30% Less Sugar, Mixed Berry Flavour, Blended","OikosFat Free Greek Yogurt, 30% Less Sugar, Mixed Berry Flavour, Blended4x100.0 g",$4.79ea,,$1.20/ 100g,False,valu_mart,0.012,g,4.79
dairy_and_eggs,Oikos,"Greek Yogurt, Key Lime Flavour, 2% M.F., Blended","OikosGreek Yogurt, Key Lime Flavour, 2% M.F., Blended4x100.0 g",$4.79ea,,$1.20/ 100g,False,valu_mart,0.012,g,4.79
dairy_and_eggs,Beatrice,Vanila Milkshake Bottle,BeatriceVanila Milkshake Bottle460 ml,$3.45ea,,$0.75/ 100ml,False,valu_mart,0.0075,ml,3.45
dairy_and_eggs,Activia,"Probiotic Yogurt With Fibre, Vanilla Flavour With Oats, Almonds, Pumpkin Seeds And Dried Cranberries, 3 Pack","ActiviaProbiotic Yogurt With Fibre, Vanilla Flavour With Oats, Almonds, Pumpkin Seeds And Dried Cranberries, 3 Pack3x150.0 g",$6.69ea,,$1.49/ 100g,False,valu_mart,0.0149,g,6.69
dairy_and_eggs,No Name,Pie Shells,No NamePie Shells350 g,$4.49ea,,$1.28/ 100g,False,valu_mart,0.0128,g,4.49
dairy_and_eggs,Black Diamond,Lactose Free Sliced Marble Cheese ,Black DiamondLactose Free Sliced Marble Cheese 220 g,$5.79ea,,$2.63/ 100g,False,valu_mart,0.0263,g,5.79
dairy_and_eggs,Nestle,Rolo Milkshake,NestleRolo Milkshake473 ml,$1.79ea,,$0.38/ 100ml,False,valu_mart,0.0038,ml,1.79
dairy_and_eggs,Activia,Yogurt With Probioticsemon Flavour,ActiviaYogurt With Probioticsemon Flavour650 g,$4.79ea,,$0.74/ 100g,False,valu_mart,0.0074,g,4.79
dairy_and_eggs,Pillsbury,Crescents Flaky Rolls,PillsburyCrescents Flaky Rolls340 g,$4.49ea,,$1.32/ 100g,False,valu_mart,0.0132,g,4.49
dairy_and_eggs,Pillsbury,Country Biscuits,PillsburyCountry Biscuits340 g,$4.49ea,,$1.32/ 100g,False,valu_mart,0.0132,g,4.49
dairy_and_eggs,Gay Lea,"Butter Sticks, Unsalted","Gay LeaButter Sticks, Unsalted454 g",$8.49ea,,$1.87/ 100g,False,valu_mart,0.0187,g,8.49
dairy_and_eggs,Black Diamond,Old Cheddar Cheese + Sea-Salted Roasted Cashews & Cherry Infused Dried Cranberries,Black DiamondOld Cheddar Cheese + Sea-Salted Roasted Cashews & Cherry Infused Dried Cranberries127.6 g,$5.49ea,,$4.30/ 100g,False,valu_mart,0.043,g,5.49
dairy_and_eggs,President's Choice,Oatmeal Chocolate Chip Cookie Dough,President's ChoiceOatmeal Chocolate Chip Cookie Dough468 g,$4.49ea,,$0.96/ 100g,False,valu_mart,0.0096,g,4.49
dairy_and_eggs,Pillsbury,Reese Cookie Dough,PillsburyReese Cookie Dough454 g,$4.49ea,,$0.99/ 100g,False,valu_mart,0.009899999999999999,g,4.49
dairy_and_eggs,Neilson,Trutaste No Lactose 3.25% Milk,NeilsonTrutaste No Lactose 3.25% Milk2 l,$6.89ea,,$0.34/ 100ml,False,valu_mart,0.0034000000000000002,ml,6.89
dairy_and_eggs,PC Organics,Organic Partly Skimmed 2% Milk,PC OrganicsOrganic Partly Skimmed 2% Milk4 l,$10.39ea,,$0.26/ 100ml,False,valu_mart,0.0026,ml,10.39
dairy_and_eggs,Spread 'Em Kitchen Co.,The Classic Greek Inspired Cashew Cheeze Block,Spread 'Em Kitchen Co.The Classic Greek Inspired Cashew Cheeze Block200 g,$10.99ea,,$5.50/ 100g,False,valu_mart,0.055,g,10.99
dairy_and_eggs,Vegenaise,Original,VegenaiseOriginal473 ml,$6.99ea,,$1.48/ 100ml,False,valu_mart,0.0148,ml,6.99
dairy_and_eggs,JUST Egg,Plant Based Egg,JUST EggPlant Based Egg355 ml,$7.49ea,,$2.20/ 100ml,False,valu_mart,0.022000000000000002,ml,7.49
dairy_and_eggs,Philadelphia,Original Cream Cheese,PhiladelphiaOriginal Cream Cheese227 g,$6.29ea,,$2.77/ 100g,False,valu_mart,0.0277,g,6.29
dairy_and_eggs,No Name,Original Cream Cheese Spread ,No NameOriginal Cream Cheese Spread 340 g,$4.79ea,,$1.41/ 100g,False,valu_mart,0.0141,g,4.79
dairy_and_eggs,Riviera,Coconut Milk Vegan Yogurt - Raspberry Blackcurrant,RivieraCoconut Milk Vegan Yogurt - Raspberry Blackcurrant500 g,$6.49ea,,$1.30/ 100g,False,valu_mart,0.013000000000000001,g,6.49
dairy_and_eggs,Liberte,Greek Vanilla 0% MF Yogurt,LiberteGreek Vanilla 0% MF Yogurt750 g,$6.49ea,$4.99ea,$0.67/ 100g,True,valu_mart,0.0067,g,4.99
dairy_and_eggs,Becel,Unsalted Plant-Based Margarine Bricks,BecelUnsalted Plant-Based Margarine Bricks454 g,$5.99ea,,$1.32/ 100g,False,valu_mart,0.0132,g,5.99
dairy_and_eggs,Astro,"Original Balkan Style Yogurt, Plain 2%","AstroOriginal Balkan Style Yogurt, Plain 2%750 g",$4.79ea,,$0.64/ 100g,False,valu_mart,0.0064,g,4.79
dairy_and_eggs,Activia,"Probiotic Yogurt, Blackberry, Blueberry, Blackcurrent, Berries, 12XG","ActiviaProbiotic Yogurt, Blackberry, Blueberry, Blackcurrent, Berries, 12XG12x100.0 g",$6.99ea,,$0.58/ 100g,False,valu_mart,0.0058,g,6.99
dairy_and_eggs,President's Choice,Shredded Feta Cheese,President's ChoiceShredded Feta Cheese300 g,$6.49ea,,$2.16/ 100g,False,valu_mart,0.0216,g,6.49
dairy_and_eggs,Nestle,Coffee Crisp Milkshake,NestleCoffee Crisp Milkshake473 ml,$1.79ea,,$0.38/ 100ml,False,valu_mart,0.0038,ml,1.79
dairy_and_eggs,Kraft,Singles Original Slices,KraftSingles Original Slices825 g,$9.99ea,,$1.21/ 100g,False,valu_mart,0.0121,g,9.99
dairy_and_eggs,Becel,Margarine Salt Free,BecelMargarine Salt Free850 g,$9.29ea,,$1.09/ 100g,False,valu_mart,0.0109,g,9.29
dairy_and_eggs,Liberte,Greek Lactose Free Plain 0% MF Yogurt,LiberteGreek Lactose Free Plain 0% MF Yogurt750 g,$6.49ea,$4.99ea,$0.67/ 100g,True,valu_mart,0.0067,g,4.99
dairy_and_eggs,No Name,Tart Shells,No NameTart Shells30 ea,$7.49ea,,$1.31/ 100g,False,valu_mart,0.0131,g,7.49
dairy_and_eggs,Black Diamond,"Cheese Mozzarella, 27% M.F.","Black DiamondCheese Mozzarella, 27% M.F.400 g",$6.99ea,,$1.75/ 100g,False,valu_mart,0.0175,g,6.99
dairy_and_eggs,Yoplait,"Yogurt Tubes, Strawberry Banana & Fruit Punch","YoplaitYogurt Tubes, Strawberry Banana & Fruit Punch8x56.0 g",$4.79ea,,$1.07/ 100g,False,valu_mart,0.010700000000000001,g,4.79
dairy_and_eggs,Pillsbury,Flaky Real Apple Turnovers,PillsburyFlaky Real Apple Turnovers383 g,$4.49ea,,$1.17/ 100g,False,valu_mart,0.011699999999999999,g,4.49
dairy_and_eggs,Neilson,Strawberry Milkshake,NeilsonStrawberry Milkshake310 ml,$1.00ea,,$0.32/ 100ml,False,valu_mart,0.0032,ml,1.00
dairy_and_eggs,Activia,"Yogurt With Probiotics, Fieldberry Flavour Tub","ActiviaYogurt With Probiotics, Fieldberry Flavour Tub650 g",$4.79ea,,$0.74/ 100g,False,valu_mart,0.0074,g,4.79
dairy_and_eggs,Liberte,Méditerranée Apple Pie 9%MF Yogurt,LiberteMéditerranée Apple Pie 9%MF Yogurt500 g,$5.79ea,,$1.16/ 100g,False,valu_mart,0.0116,g,5.79
dairy_and_eggs,Lactantia,"Lactose Free Butter, Salted","LactantiaLactose Free Butter, Salted250 g",$6.39ea,,$2.56/ 100g,False,valu_mart,0.0256,g,6.39
dairy_and_eggs,Lactantia,"Lactose Free Butter, Salted","LactantiaLactose Free Butter, Salted250 g",$6.39ea,,$2.56/ 100g,False,valu_mart,0.0256,g,6.39
dairy_and_eggs,President's Choice,Tex Mex Shredded Cheese Blend,President's ChoiceTex Mex Shredded Cheese Blend320 g,$6.49ea,,$2.03/ 100g,False,valu_mart,0.0203,g,6.49
dairy_and_eggs,Philadelphia,Smoked Salmon Cream Cheese Product,PhiladelphiaSmoked Salmon Cream Cheese Product227 g,$5.29ea,,$2.33/ 100g,False,valu_mart,0.0233,g,5.29
dairy_and_eggs,Activia,"Probiotic Smoothie, Blueberry, Strawberry, & Beet, Drinkable Yogurt","ActiviaProbiotic Smoothie, Blueberry, Strawberry, & Beet, Drinkable Yogurt190 ml",$2.29ea,,$1.21/ 100ml,False,valu_mart,0.0121,ml,2.29
dairy_and_eggs,Yoplait,Yop Drinkable Yogurt Strawberry Flavour ,YoplaitYop Drinkable Yogurt Strawberry Flavour 200 ml,$1.69ea,,$0.85/ 100ml,False,valu_mart,0.0085,ml,1.69
dairy_and_eggs,Oikos,"Drinkable Greek Yogurt With Field Berries, Oats, & Seeds, 9G Protein","OikosDrinkable Greek Yogurt With Field Berries, Oats, & Seeds, 9G Protein190 ml",$2.29ea,,$1.21/ 100ml,False,valu_mart,0.0121,ml,2.29
dairy_and_eggs,Yummy Doh,Raw Cookie Dough Chocolate Chunk,Yummy DohRaw Cookie Dough Chocolate Chunk400 g,$6.49ea,,$1.62/ 100g,False,valu_mart,0.016200000000000003,g,6.49
dairy_and_eggs,Kraft,Shredded Parmesan Cheese,KraftShredded Parmesan Cheese200 g,$8.99ea,,$4.50/ 100g,False,valu_mart,0.045,g,8.99
dairy_and_eggs,Kraft,Shaved Parmesan Cheese,KraftShaved Parmesan Cheese141 g,$7.49ea,,$5.31/ 100g,False,valu_mart,0.053099999999999994,g,7.49
dairy_and_eggs,Becel,Margarine with Avocado Oil,BecelMargarine with Avocado Oil427 g,$5.49ea,,$1.29/ 100g,False,valu_mart,0.0129,g,5.49
dairy_and_eggs,No Name,Light Part Skim Mozzarella Cheese,No NameLight Part Skim Mozzarella Cheese400 g,$5.99ea,,$1.50/ 100g,False,valu_mart,0.015,g,5.99
dairy_and_eggs,Pillsbury,Ciinnamon Rolls,PillsburyCiinnamon Rolls351 g,$4.49ea,,$1.28/ 100g,False,valu_mart,0.0128,g,4.49
dairy_and_eggs,Philadelphia,Herb & Garlic Cream Cheese Product,PhiladelphiaHerb & Garlic Cream Cheese Product227 g,$5.29ea,,$2.33/ 100g,False,valu_mart,0.0233,g,5.29
dairy_and_eggs,Becel,Margarine Original,BecelMargarine Original454 g,$5.49ea,,$1.29/ 100g,False,valu_mart,0.0129,g,5.49
dairy_and_eggs,Earth Balance,Original Buttery Spread,Earth BalanceOriginal Buttery Spread425 g,$5.49ea,,$1.29/ 100g,False,valu_mart,0.0129,g,5.49
dairy_and_eggs,PC Organics,Dairy-Free Coconut Milk Kefir,PC OrganicsDairy-Free Coconut Milk Kefir1000 ml,$5.49ea,,$0.55/ 100ml,False,valu_mart,0.0055000000000000005,ml,5.49
dairy_and_eggs,No Name,Everything Bagel Seasoning Sour Cream Dip,No NameEverything Bagel Seasoning Sour Cream Dip250 g,$3.79ea,,$1.52/ 100g,False,valu_mart,0.0152,g,3.79
dairy_and_eggs,Philadelphia,Whipped Original Cream Cheese Product,PhiladelphiaWhipped Original Cream Cheese Product227 g,$5.29ea,,$2.33/ 100g,False,valu_mart,0.0233,g,5.29
dairy_and_eggs,Del Monte,Red Grapefruit In Slightly Sweetened Water 8 Cups (Case),Del MonteRed Grapefruit In Slightly Sweetened Water 8 Cups (Case)8x190.0 ml,$18.99ea,,$1.25/ 100ml,False,valu_mart,0.0125,ml,18.99
dairy_and_eggs,Lactantia,Unsalted Butter,LactantiaUnsalted Butter454 g,$8.49ea,,$1.87/ 100g,False,valu_mart,0.0187,g,8.49
dairy_and_eggs,Heluva,"Sour Cream Dip, French Onion","HeluvaSour Cream Dip, French Onion680 g",$5.99ea,,$0.88/ 100g,False,valu_mart,0.0088,g,5.99
dairy_and_eggs,Silk,"Coconut Yogurt Style, Raspberry Flavour, Plant Based Dairy Free Yogurt","SilkCoconut Yogurt Style, Raspberry Flavour, Plant Based Dairy Free Yogurt680 g",$7.49ea,,$1.10/ 100g,False,valu_mart,0.011000000000000001,g,7.49
dairy_and_eggs,Philadelphia,Original Cream Cheese Product,PhiladelphiaOriginal Cream Cheese Product450 g,$8.99ea,,$2.00/ 100g,False,valu_mart,0.02,g,8.99
dairy_and_eggs,Violife,Mature Cheddar Style Slices,ViolifeMature Cheddar Style Slices200 g,$6.99ea,,$3.50/ 100g,False,valu_mart,0.035,g,6.99
dairy_and_eggs,President's Choice,Vanilla Skyr Icelandic Style 0% M.F. Yogurt,President's ChoiceVanilla Skyr Icelandic Style 0% M.F. Yogurt500 g,$5.99ea,,$1.20/ 100g,False,valu_mart,0.012,g,5.99
dairy_and_eggs,Neilson,Trutaste Lactose Free Skim Milk,NeilsonTrutaste Lactose Free Skim Milk2 l,$6.99ea,,$0.35/ 100ml,False,valu_mart,0.0034999999999999996,ml,6.99
dairy_and_eggs,Becel,Buttery Taste Margarine,BecelButtery Taste Margarine1.36 kg,$16.99ea,,$1.33/ 100g,False,valu_mart,0.013300000000000001,g,16.99
dairy_and_eggs,Nestle,Coffee Mate Liquid Creamer Caramel Macchiato,NestleCoffee Mate Liquid Creamer Caramel Macchiato946 ml,$6.49ea,,$0.69/ 100ml,False,valu_mart,0.0069,ml,6.49
dairy_and_eggs,No Name,Shredded Marble Farmer's Cheese,No NameShredded Marble Farmer's Cheese900 g,$14.99ea,,$1.67/ 100g,False,valu_mart,0.0167,g,14.99
dairy_and_eggs,Kiri,"Cheese, Cream Product Original 29.5% M.F.","KiriCheese, Cream Product Original 29.5% M.F.150 g",$4.29ea,,$2.86/ 100g,False,valu_mart,0.0286,g,4.29
dairy_and_eggs,No Name,Old Cheddar Cheese,No NameOld Cheddar Cheese400 g,$5.99ea,,$1.50/ 100g,False,valu_mart,0.015,g,5.99
dairy_and_eggs,Black Diamond,Sliced Medium Cheddar Cheese,Black DiamondSliced Medium Cheddar Cheese240 g,$5.79ea,,$2.41/ 100g,False,valu_mart,0.0241,g,5.79
dairy_and_eggs,No Name,Medium Cheddar Cheese,No NameMedium Cheddar Cheese400 g,$5.99ea,,$1.50/ 100g,False,valu_mart,0.015,g,5.99
dairy_and_eggs,The A2 Milk Company,1% M.F. Partly Skimmed Milk,The A2 Milk Company1% M.F. Partly Skimmed Milk2 l,$6.49ea,,$0.32/ 100ml,False,valu_mart,0.0032,ml,6.49
dairy_and_eggs,Neilson,Table Cream,NeilsonTable Cream237 ml,$3.19ea,,$1.35/ 100ml,False,valu_mart,0.013500000000000002,ml,3.19
dairy_and_eggs,Astro,"Original Balkan Style Yogurt, Plain 3%    ","AstroOriginal Balkan Style Yogurt, Plain 3%    750 g",$4.79ea,,$0.64/ 100g,False,valu_mart,0.0064,g,4.79
dairy_and_eggs,Armstrong,Combos - Mozzarella & Naturally Smoked Salami Sticks,ArmstrongCombos - Mozzarella & Naturally Smoked Salami Sticks180 g,$6.49ea,,$3.61/ 100g,False,valu_mart,0.0361,g,6.49
dairy_and_eggs,Activia,"Yogurt With Probioticsactose-Free, Vanilla Flavour","ActiviaYogurt With Probioticsactose-Free, Vanilla Flavour650 g",$4.79ea,,$0.74/ 100g,False,valu_mart,0.0074,g,4.79
dairy_and_eggs,President's Choice,Key Lime 2% M.F. Greek Yogurt ,President's ChoiceKey Lime 2% M.F. Greek Yogurt 4x100.0 g,$3.79ea,,$0.95/ 100g,False,valu_mart,0.0095,g,3.79
dairy_and_eggs,Gay Lea,Spreadables Butter With Canola Oil,Gay LeaSpreadables Butter With Canola Oil227 g,$5.49ea,,$2.42/ 100g,False,valu_mart,0.0242,g,5.49
dairy_and_eggs,No Name,14% M.F. Regular Sour Cream,No Name14% M.F. Regular Sour Cream250 ml,$2.79ea,,$1.12/ 100ml,False,valu_mart,0.011200000000000002,ml,2.79
dairy_and_eggs,Starbucks,Almond And Oat Dairy Free Hazelnut Latte Coffee Enhancer,StarbucksAlmond And Oat Dairy Free Hazelnut Latte Coffee Enhancer828 ml,$7.99ea,,$0.96/ 100ml,False,valu_mart,0.0096,ml,7.99
dairy_and_eggs,Neilson,Trutaste Light Cream,NeilsonTrutaste Light Cream473 ml,$3.69ea,,$0.78/ 100ml,False,valu_mart,0.0078000000000000005,ml,3.69
dairy_and_eggs,Gay Lea,"Nordica Cottage Cheese, Creamed 4%","Gay LeaNordica Cottage Cheese, Creamed 4%500 g",$5.49ea,,$1.10/ 100g,False,valu_mart,0.011000000000000001,g,5.49
dairy_and_eggs,Chobani,Greek Yogurt Plain 2%MF,ChobaniGreek Yogurt Plain 2%MF907 g,$7.79ea,,$0.86/ 100g,False,valu_mart,0.0086,g,7.79
dairy_and_eggs,Cracker Barrel,Sweet Combo,Cracker BarrelSweet Combo129 g,$5.49ea,,$4.26/ 100g,False,valu_mart,0.0426,g,5.49
dairy_and_eggs,President's Choice,Tre Formaggi Shredded Cheese Blend,President's ChoiceTre Formaggi Shredded Cheese Blend320 g,$6.49ea,,$2.03/ 100g,False,valu_mart,0.0203,g,6.49
dairy_and_eggs,Neilson,2% Milk,Neilson2% Milk473 ml,$2.59ea,,$0.55/ 100ml,False,valu_mart,0.0055000000000000005,ml,2.59
dairy_and_eggs,Neilson,Homogenized Milk 3.25%,NeilsonHomogenized Milk 3.25%473 ml,$2.89ea,,$0.61/ 100ml,False,valu_mart,0.0060999999999999995,ml,2.89
dairy_and_eggs,President's Choice,Tre Formaggi Shredded Cheese Blend,President's ChoiceTre Formaggi Shredded Cheese Blend320 g,$6.49ea,,$2.03/ 100g,False,valu_mart,0.0203,g,6.49
dairy_and_eggs,Chobani,Greek Yogurt Plain 2%MF,ChobaniGreek Yogurt Plain 2%MF907 g,$7.79ea,,$0.86/ 100g,False,valu_mart,0.0086,g,7.79
dairy_and_eggs,Cracker Barrel,Sweet Combo,Cracker BarrelSweet Combo129 g,$5.49ea,,$4.26/ 100g,False,valu_mart,0.0426,g,5.49
dairy_and_eggs,Black Diamond,Combo Marble Cubes and Sea Salted Roasted Almonds and Dried Cranberries,Black DiamondCombo Marble Cubes and Sea Salted Roasted Almonds and Dried Cranberries127.6 g,$5.49ea,,$4.30/ 100g,False,valu_mart,0.043,g,5.49
dairy_and_eggs,Gay Lea,"Nordica Cottage Cheese, Creamed 4%","Gay LeaNordica Cottage Cheese, Creamed 4%500 g",$5.49ea,,$1.10/ 100g,False,valu_mart,0.011000000000000001,g,5.49
dairy_and_eggs,Kiri,"Cheese, Cream Product Original 29.5% M.F.","KiriCheese, Cream Product Original 29.5% M.F.150 g",$4.29ea,,$2.86/ 100g,False,valu_mart,0.0286,g,4.29
dairy_and_eggs,No Name,Old Cheddar Cheese,No NameOld Cheddar Cheese400 g,$5.99ea,,$1.50/ 100g,False,valu_mart,0.015,g,5.99
dairy_and_eggs,Neilson,Trutaste Lactose Free Skim Milk,NeilsonTrutaste Lactose Free Skim Milk2 l,$6.99ea,,$0.35/ 100ml,False,valu_mart,0.0034999999999999996,ml,6.99
dairy_and_eggs,Becel,Buttery Taste Margarine,BecelButtery Taste Margarine1.36 kg,$16.99ea,,$1.33/ 100g,False,valu_mart,0.013300000000000001,g,16.99
dairy_and_eggs,Black Diamond,Sliced Medium Cheddar Cheese,Black DiamondSliced Medium Cheddar Cheese240 g,$5.79ea,,$2.41/ 100g,False,valu_mart,0.0241,g,5.79
dairy_and_eggs,Neilson,Table Cream,NeilsonTable Cream237 ml,$3.19ea,,$1.35/ 100ml,False,valu_mart,0.013500000000000002,ml,3.19
dairy_and_eggs,President's Choice,Vanilla Skyr Icelandic Style 0% M.F. Yogurt,President's ChoiceVanilla Skyr Icelandic Style 0% M.F. Yogurt500 g,$5.99ea,,$1.20/ 100g,False,valu_mart,0.012,g,5.99
dairy_and_eggs,Astro,"Original Balkan Style Yogurt, Plain 3%    ","AstroOriginal Balkan Style Yogurt, Plain 3%    750 g",$4.79ea,,$0.64/ 100g,False,valu_mart,0.0064,g,4.79
dairy_and_eggs,Nestle,Coffee Mate Liquid Creamer Caramel Macchiato,NestleCoffee Mate Liquid Creamer Caramel Macchiato946 ml,$6.49ea,,$0.69/ 100ml,False,valu_mart,0.0069,ml,6.49
dairy_and_eggs,Organic Meadow,Cottage Cheese,Organic MeadowCottage Cheese500 g,$8.99ea,,$1.80/ 100g,False,valu_mart,0.018000000000000002,g,8.99
dairy_and_eggs,Neilson,Trutaste Skim Milk,NeilsonTrutaste Skim Milk1 l,$4.09ea,,$0.41/ 100ml,False,valu_mart,0.0040999999999999995,ml,4.09
dairy_and_eggs,No Name,Shredded Marble Farmer's Cheese,No NameShredded Marble Farmer's Cheese900 g,$14.99ea,,$1.67/ 100g,False,valu_mart,0.0167,g,14.99
dairy_and_eggs,Gay Lea,"Sour Cream, Regular 14%","Gay LeaSour Cream, Regular 14%250 ml",$3.29ea,,$1.32/ 100ml,False,valu_mart,0.0132,ml,3.29
dairy_and_eggs,No Name,Medium Cheddar Cheese,No NameMedium Cheddar Cheese400 g,$5.99ea,,$1.50/ 100g,False,valu_mart,0.015,g,5.99
dairy_and_eggs,The A2 Milk Company,1% M.F. Partly Skimmed Milk,The A2 Milk Company1% M.F. Partly Skimmed Milk2 l,$6.49ea,,$0.32/ 100ml,False,valu_mart,0.0032,ml,6.49
dairy_and_eggs,President's Choice,Black Cherry 0% M.F. Greek Yogurt ,President's ChoiceBlack Cherry 0% M.F. Greek Yogurt 4x100.0 g,$3.79ea,,$0.95/ 100g,False,valu_mart,0.0095,g,3.79
dairy_and_eggs,Yoso,Oat Unsweetened Yogurt Alternative,YosoOat Unsweetened Yogurt Alternative440 g,$6.49ea,,$1.48/ 100g,False,valu_mart,0.0148,g,6.49
dairy_and_eggs,No Name,Cottage Cheese,No NameCottage Cheese250 g,$3.29ea,,$1.32/ 100g,False,valu_mart,0.0132,g,3.29
dairy_and_eggs,Organic Meadow,"Organic Cheese, Mozzarella","Organic MeadowOrganic Cheese, Mozzarella340 g",$12.99ea,,$3.82/ 100g,False,valu_mart,0.0382,g,12.99
dairy_and_eggs,Astro,Original Balkan Yogourt 4% M.F.,AstroOriginal Balkan Yogourt 4% M.F.12x100.0 g,$7.99ea,,$0.67/ 100g,False,valu_mart,0.0067,g,7.99
dairy_and_eggs,Starbucks,Almond And Oat Dairy Free Hazelnut Latte Coffee Enhancer,StarbucksAlmond And Oat Dairy Free Hazelnut Latte Coffee Enhancer828 ml,$7.99ea,,$0.96/ 100ml,False,valu_mart,0.0096,ml,7.99
dairy_and_eggs,Neilson,Trutaste Light Cream,NeilsonTrutaste Light Cream473 ml,$3.69ea,,$0.78/ 100ml,False,valu_mart,0.0078000000000000005,ml,3.69
dairy_and_eggs,International Delight,Classic French Vanilla Coffee Creamer,International DelightClassic French Vanilla Coffee Creamer1.42 l,$8.99ea,,$0.63/ 100ml,False,valu_mart,0.0063,ml,8.99
dairy_and_eggs,Liberte,Yogourt Orchard Peach 9 % M.F.,LiberteYogourt Orchard Peach 9 % M.F.4x100.0 g,$5.49ea,,$1.37/ 100g,False,valu_mart,0.0137,g,5.49
dairy_and_eggs,Nestle,Coffee Mate Liquid Fat Free French Vanilla,NestleCoffee Mate Liquid Fat Free French Vanilla946 ml,$6.49ea,,$0.69/ 100ml,False,valu_mart,0.0069,ml,6.49
dairy_and_eggs,President's Choice,Plain 2% M.F. Greek Yogurt,President's ChoicePlain 2% M.F. Greek Yogurt908 g,$6.49ea,,$0.71/ 100g,False,valu_mart,0.0070999999999999995,g,6.49
dairy_and_eggs,Milk 2 Go,Strawberry,Milk 2 GoStrawberry473 ml,$1.79ea,,$0.38/ 100ml,False,valu_mart,0.0038,ml,1.79
dairy_and_eggs,Lactantia,2% M.F. Partly Skimmed Milk,Lactantia2% M.F. Partly Skimmed Milk2 l,$5.69ea,,$0.28/ 100ml,False,valu_mart,0.0028000000000000004,ml,5.69
dairy_and_eggs,Woolwich,Homogenized Goat Milk 3.25%MF  ,WoolwichHomogenized Goat Milk 3.25%MF  1 l,$4.59ea,,$0.46/ 100ml,False,valu_mart,0.0046,ml,4.59
dairy_and_eggs,Neilson,1% Milk,Neilson1% Milk1 l,$3.49ea,,$0.35/ 100ml,False,valu_mart,0.0034999999999999996,ml,3.49
dairy_and_eggs,Oikos,"Extra Creamy Greek Yogurtemon Meringue Flavour, 4% Mf","OikosExtra Creamy Greek Yogurtemon Meringue Flavour, 4% Mf4x95.0 g",$4.79ea,,$1.26/ 100g,False,valu_mart,0.0126,g,4.79
dairy_and_eggs,Tim Hortons,"Coffee, Roast: Medium Premium Instant ","Tim HortonsCoffee, Roast: Medium Premium Instant 300 g",$16.99ea,,$5.66/ 100g,False,valu_mart,0.056600000000000004,g,16.99
dairy_and_eggs,Lactantia,Healthy Attitude Omega-3 Margarine,LactantiaHealthy Attitude Omega-3 Margarine850 g,$8.29ea,,$0.98/ 100g,False,valu_mart,0.0098,g,8.29
dairy_and_eggs,Armstrong,Medium Cheddar Cheese Slice,ArmstrongMedium Cheddar Cheese Slice240 g,$6.49ea,$5.99ea,$2.50/ 100g,True,valu_mart,0.025,g,5.99
dairy_and_eggs,Amooza,Pizza Mozzarella Cheese With Mild Cheddar Taste 22 % M.F.,AmoozaPizza Mozzarella Cheese With Mild Cheddar Taste 22 % M.F.228 g,$5.99ea,,$2.63/ 100g,False,valu_mart,0.0263,g,5.99
dairy_and_eggs,Armstrong,Combos - Marble & Naturally Smoked Ham Sausage Sticks,ArmstrongCombos - Marble & Naturally Smoked Ham Sausage Sticks180 g,$6.49ea,,$3.61/ 100g,False,valu_mart,0.0361,g,6.49
dairy_and_eggs,Liberte,Greek Plain 0% MF Yogurt,LiberteGreek Plain 0% MF Yogurt1000 g,$10.79ea,,$1.08/ 100g,False,valu_mart,0.0108,g,10.79
dairy_and_eggs,Oikos,"Fat Free Greek Yogurt, Peach-Mango Flavour, Fruit On The Bottom, 0% M.F.","OikosFat Free Greek Yogurt, Peach-Mango Flavour, Fruit On The Bottom, 0% M.F.4x100.0 g",$4.79ea,,$1.20/ 100g,False,valu_mart,0.012,g,4.79
dairy_and_eggs,Oikos,"Greek Yogurt, Vanilla Flavour, 2% M.F.,  Blended","OikosGreek Yogurt, Vanilla Flavour, 2% M.F.,  Blended4x100.0 g",$4.79ea,,$1.20/ 100g,False,valu_mart,0.012,g,4.79
dairy_and_eggs,IOGO,Yogurt 1.5% M.F. Variety Pack,IOGOYogurt 1.5% M.F. Variety Pack16x100.0 g,$8.49ea,,$0.53/ 100g,False,valu_mart,0.0053,g,8.49
dairy_and_eggs,Lactantia,Dairy Product 2% M.F.,LactantiaDairy Product 2% M.F.1.5 l,$5.49ea,,$0.37/ 100ml,False,valu_mart,0.0037,ml,5.49
dairy_and_eggs,No Name,Cheddar Flavour Processed Cheese Product Slices,No NameCheddar Flavour Processed Cheese Product Slices400 g,$4.29ea,,$1.07/ 100g,False,valu_mart,0.010700000000000001,g,4.29
dairy_and_eggs,President's Choice,Plant Based Cultured Oat Yogurt Alternative Strawberry Vanilla,President's ChoicePlant Based Cultured Oat Yogurt Alternative Strawberry Vanilla500 g,$3.99ea,,$0.80/ 100g,False,valu_mart,0.008,g,3.99
dairy_and_eggs,Becel,Margarine Unsalted Plant-Based Sticks,BecelMargarine Unsalted Plant-Based Sticks454 g,$5.49ea,,$1.21/ 100g,False,valu_mart,0.0121,g,5.49
dairy_and_eggs,Activia,"Plant-Based Probiotic Yogurt, Cherry And Peach, 8 Pack","ActiviaPlant-Based Probiotic Yogurt, Cherry And Peach, 8 Pack8x100.0 g",$6.69ea,,$0.84/ 100g,False,valu_mart,0.0084,g,6.69
dairy_and_eggs,Fairlife,Lactose Free 2% Partly Skimmed Ultrafiltered Milk,FairlifeLactose Free 2% Partly Skimmed Ultrafiltered Milk1.5 l,$5.49ea,$5.29ea,$0.35/ 100ml,True,valu_mart,0.0034999999999999996,ml,5.29
dairy_and_eggs,No Name,Swiss Cheese Slices,No NameSwiss Cheese Slices210 g,$4.99ea,,$2.38/ 100g,False,valu_mart,0.023799999999999998,g,4.99
dairy_and_eggs,No Name,"Cottage Cheese, 2% M.F.","No NameCottage Cheese, 2% M.F.500 g",$4.99ea,,$1.00/ 100g,False,valu_mart,0.01,g,4.99
dairy_and_eggs,Riviera,"Vegan Yogurt, Plain Coconut","RivieraVegan Yogurt, Plain Coconut650 g",$6.49ea,,$1.00/ 100g,False,valu_mart,0.01,g,6.49
dairy_and_eggs,No Name,French Onion Sour Cream Dip ,No NameFrench Onion Sour Cream Dip 250 g,$3.79ea,,$1.52/ 100g,False,valu_mart,0.0152,g,3.79
dairy_and_eggs,PC Organics,Organic Plain Kefir Probiotic Fermented 1% M.F. Milk,PC OrganicsOrganic Plain Kefir Probiotic Fermented 1% M.F. Milk1 l,$5.49ea,,$0.55/ 100ml,False,valu_mart,0.0055000000000000005,ml,5.49
dairy_and_eggs,Liberte,Greek Coconut 2% MF Yogurt,LiberteGreek Coconut 2% MF Yogurt750 g,$6.49ea,$4.99ea,$0.67/ 100g,True,valu_mart,0.0067,g,4.99
dairy_and_eggs,Becel,Margarine Salted Plant-Based Sticks,BecelMargarine Salted Plant-Based Sticks454 g,$5.49ea,,$1.21/ 100g,False,valu_mart,0.0121,g,5.49
dairy_and_eggs,President,Premium Unsalted Cultured Butter,PresidentPremium Unsalted Cultured Butter250 g,$5.19ea,,$2.08/ 100g,False,valu_mart,0.0208,g,5.19
dairy_and_eggs,Black Diamond,Marble Cheese,Black DiamondMarble Cheese400 g,$6.99ea,,$1.75/ 100g,False,valu_mart,0.0175,g,6.99
dairy_and_eggs,Philadelphia,Dill Pickle Dip,PhiladelphiaDill Pickle Dip227 g,$5.29ea,,$2.33/ 100g,False,valu_mart,0.0233,g,5.29
dairy_and_eggs,Riviera,"Goat Yogurt, Vanilla 4.9%","RivieraGoat Yogurt, Vanilla 4.9%500 g",$6.49ea,,$1.30/ 100ml,False,valu_mart,0.013000000000000001,ml,6.49
dairy_and_eggs,PC Organics,Organic Skyr Yogurt 0% Mf Plain,PC OrganicsOrganic Skyr Yogurt 0% Mf Plain500 g,$5.49ea,,$1.10/ 100g,False,valu_mart,0.011000000000000001,g,5.49
dairy_and_eggs,Lactantia,Butter Sticks Salted with Sea Salt,LactantiaButter Sticks Salted with Sea Salt454 g,$8.99ea,,$1.98/ 100g,False,valu_mart,0.019799999999999998,g,8.99
dairy_and_eggs,Philadelphia,Dill Pickle Dip,PhiladelphiaDill Pickle Dip340 g,$7.49ea,,$2.20/ 100g,False,valu_mart,0.022000000000000002,g,7.49
dairy_and_eggs,Tim Hortons,Fine Grind Coffee Maple Roast Medium,Tim HortonsFine Grind Coffee Maple Roast Medium300 g,$10.99ea,,$3.66/ 100g,False,valu_mart,0.0366,g,10.99
dairy_and_eggs,Lactantia,"My Country Butter Sticks, Unsalted","LactantiaMy Country Butter Sticks, Unsalted4x113.5 g",$8.49ea,,$1.87/ 100g,False,valu_mart,0.0187,g,8.49
dairy_and_eggs,Armstrong,Snack Marble Cheese,ArmstrongSnack Marble Cheese210 g,$6.49ea,,$3.09/ 100g,False,valu_mart,0.030899999999999997,g,6.49
dairy_and_eggs,Lactantia,Provencal Garlic Butter,LactantiaProvencal Garlic Butter125 g,$4.29ea,,$3.43/ 100g,False,valu_mart,0.034300000000000004,g,4.29
dairy_and_eggs,Activia,"Probiotic Smoothie, Mango, Peach & Carrot, Drinkable Yogurt","ActiviaProbiotic Smoothie, Mango, Peach & Carrot, Drinkable Yogurt190 ml",$2.29ea,,$1.21/ 100ml,False,valu_mart,0.0121,ml,2.29
dairy_and_eggs,No Name,Coffee Whitener,No NameCoffee Whitener450 g,$5.49ea,,$1.22/ 100g,False,valu_mart,0.012199999999999999,g,5.49
dairy_and_eggs,Milk 2 Go,"Sport, Chocolate","Milk 2 GoSport, Chocolate325 ml",$2.69ea,,$0.83/ 100ml,False,valu_mart,0.0083,ml,2.69
dairy_and_eggs,Kraft,Grated Parmesan Cheese,KraftGrated Parmesan Cheese250 g,$8.99ea,,$3.60/ 100g,False,valu_mart,0.036000000000000004,g,8.99
dairy_and_eggs,Liberte,Goat Milk 3.25% M.F,LiberteGoat Milk 3.25% M.F1 l,$5.49ea,,$0.55/ 100ml,False,valu_mart,0.0055000000000000005,ml,5.49
dairy_and_eggs,Becel,Calorie-Reduced Margarine Light,BecelCalorie-Reduced Margarine Light907 g,$9.29ea,,$1.09/ 100g,False,valu_mart,0.0109,g,9.29
dairy_and_eggs,Kraft,Light Grated Parmesan Cheese,KraftLight Grated Parmesan Cheese250 g,$8.99ea,,$3.60/ 100g,False,valu_mart,0.036000000000000004,g,8.99
dairy_and_eggs,President's Choice,"Yogurt, Plant Based Cultured Oat Alternative Yuzu Citrus Flavour","President's ChoiceYogurt, Plant Based Cultured Oat Alternative Yuzu Citrus Flavour500 g",$3.99ea,,$0.80/ 100g,False,valu_mart,0.008,g,3.99
dairy_and_eggs,Activia,"Probiotics Yogurt, Yellow Apple/Apricot/Mango/Peach","ActiviaProbiotics Yogurt, Yellow Apple/Apricot/Mango/Peach12x100.0 g",$6.99ea,,$0.58/ 100g,False,valu_mart,0.0058,g,6.99
dairy_and_eggs,President's Choice,Plant Based Butter Alternative Unsalted,President's ChoicePlant Based Butter Alternative Unsalted454 g,$4.99ea,,$1.10/ 100g,False,valu_mart,0.011000000000000001,g,4.99
dairy_and_eggs,Neilson,Ultrafiltered Skim Milk 0% M.F.,NeilsonUltrafiltered Skim Milk 0% M.F.1 l,$4.69ea,,$0.47/ 100ml,False,valu_mart,0.004699999999999999,ml,4.69
dairy_and_eggs,President's Choice,Havarti Sliced Cheese,President's ChoiceHavarti Sliced Cheese210 g,$4.99ea,,$2.38/ 100g,False,valu_mart,0.023799999999999998,g,4.99
dairy_and_eggs,Black Diamond,Marble Shredded Cheese,Black DiamondMarble Shredded Cheese320 g,$6.99ea,,$2.18/ 100g,False,valu_mart,0.0218,g,6.99
dairy_and_eggs,Silk,"Almond For Coffee, Vanilla, Plant Based, Dairy Free Coffee Creamer","SilkAlmond For Coffee, Vanilla, Plant Based, Dairy Free Coffee Creamer473 ml",$2.99ea,,$0.63/ 100ml,False,valu_mart,0.0063,ml,2.99
dairy_and_eggs,Oikos,"Fat Free Greek Yogurt, Cherry Flavour, Fruit On The Bottom, 0% M.F.","OikosFat Free Greek Yogurt, Cherry Flavour, Fruit On The Bottom, 0% M.F.4x100.0 g",$4.79ea,,$1.20/ 100g,False,valu_mart,0.012,g,4.79
dairy_and_eggs,Armstrong,Marble Cheddar Cheese Slice,ArmstrongMarble Cheddar Cheese Slice240 g,$5.99ea,,$2.50/ 100g,False,valu_mart,0.025,g,5.99
dairy_and_eggs,Yoplait,Source Vanilla  Yogurt 0% MF,YoplaitSource Vanilla  Yogurt 0% MF630 g,$4.79ea,,$0.76/ 100g,False,valu_mart,0.0076,g,4.79
dairy_and_eggs,No Name,1% M.F. Light Cottage Cheese,No Name1% M.F. Light Cottage Cheese500 g,$4.99ea,,$1.00/ 100g,False,valu_mart,0.01,g,4.99
dairy_and_eggs,Activia,"Yogurt With Probiotics, Stawberry Vanilla Flavour","ActiviaYogurt With Probiotics, Stawberry Vanilla Flavour8x100.0 g",$6.69ea,,$0.84/ 100g,False,valu_mart,0.0084,g,6.69
dairy_and_eggs,Activia,"Probiotic Yogurt, Strawberry/Blueberry/Raspberry/Peach Flavour","ActiviaProbiotic Yogurt, Strawberry/Blueberry/Raspberry/Peach Flavour12x100.0 g",$6.99ea,,$0.58/ 100g,False,valu_mart,0.0058,g,6.99
dairy_and_eggs,Black Diamond,Sliced Marble Cheddar Cheese,Black DiamondSliced Marble Cheddar Cheese240 g,$5.79ea,,$2.41/ 100g,False,valu_mart,0.0241,g,5.79
dairy_and_eggs,Nestle,COFFEE-MATE Original Powder,NestleCOFFEE-MATE Original Powder450 g,$7.49ea,,$1.66/ 100g,False,valu_mart,0.0166,g,7.49
dairy_and_eggs,Yoplait,Source Strawberry 0% MF,YoplaitSource Strawberry 0% MF630 g,$4.79ea,,$0.76/ 100g,False,valu_mart,0.0076,g,4.79
dairy_and_eggs,No Name,Cream Cheese Product With Strawberries,No NameCream Cheese Product With Strawberries227 g,$3.79ea,,$1.67/ 100g,False,valu_mart,0.0167,g,3.79
dairy_and_eggs,Kraft,Cheez Whiz Cheese Spread,KraftCheez Whiz Cheese Spread450 g,$5.99ea,,$1.33/ 100g,False,valu_mart,0.013300000000000001,g,5.99
dairy_and_eggs,Oikos,"Greek Yogurt, Variety Pack, 6X Strawberry, 6X Vanilla, Blended, 2% M.F.","OikosGreek Yogurt, Variety Pack, 6X Strawberry, 6X Vanilla, Blended, 2% M.F.12x100.0 g",$10.99ea,,$0.92/ 100g,False,valu_mart,0.0092,g,10.99
dairy_and_eggs,Oikos,"Greek Yogurt, Variety Pack, 6X Strawberry, 6X Vanilla, Blended, 2% M.F.","OikosGreek Yogurt, Variety Pack, 6X Strawberry, 6X Vanilla, Blended, 2% M.F.12x100.0 g",$10.99ea,,$0.92/ 100g,False,valu_mart,0.0092,g,10.99
dairy_and_eggs,President's Choice,Havarti Cheese,President's ChoiceHavarti Cheese400 g,$6.49ea,,$1.62/ 100g,False,valu_mart,0.016200000000000003,g,6.49
dairy_and_eggs,Gay Lea,"Real Whipped Cream, Regular","Gay LeaReal Whipped Cream, Regular225 g",$4.49ea,,$2.00/ 100g,False,valu_mart,0.02,g,4.49
dairy_and_eggs,PC Blue Menu,"Free Run Omega-3 Hard-Boiled Peeled Eggs, Pack of 3","PC Blue MenuFree Run Omega-3 Hard-Boiled Peeled Eggs, Pack of 33x88.0 g",$4.99ea,,$5.67/ 100g,False,valu_mart,0.0567,g,4.99
dairy_and_eggs,Natrel,Lactose Free 1% Dairy Product (2L),NatrelLactose Free 1% Dairy Product (2L)2 l,$6.89ea,,$0.34/ 100ml,False,valu_mart,0.0034000000000000002,ml,6.89
dairy_and_eggs,Burnbrae Farms,Naturegg Simply Egg Whites,Burnbrae FarmsNaturegg Simply Egg Whites1 ea,$5.29ea,,$1.06/ 100ml,False,valu_mart,0.0106,ml,5.29
dairy_and_eggs,Burnbrae Farms,"Egg Creations, Original","Burnbrae FarmsEgg Creations, Original500 g",$5.29ea,,$1.06/ 100g,False,valu_mart,0.0106,g,5.29
dairy_and_eggs,President's Choice,Gouda Cheese,President's ChoiceGouda Cheese400 g,$6.49ea,,$1.62/ 100g,False,valu_mart,0.016200000000000003,g,6.49
dairy_and_eggs,siggi's,Vanilla Yogurt,siggi'sVanilla Yogurt750 g,$7.49ea,,$1.00/ 100g,False,valu_mart,0.01,g,7.49
dairy_and_eggs,siggi's,"Yogurt, Strawberry 2% M.F. Simple Ingredient Skyr","siggi'sYogurt, Strawberry 2% M.F. Simple Ingredient Skyr650 g",$7.49ea,,$1.15/ 100g,False,valu_mart,0.0115,g,7.49
dairy_and_eggs,PC Organics,"Organic Fresh Churned Butter, Salted","PC OrganicsOrganic Fresh Churned Butter, Salted250 g",$6.99ea,,$2.80/ 100g,False,valu_mart,0.027999999999999997,g,6.99
dairy_and_eggs,Spread 'Em Kitchen Co.,The Meadow,Spread 'Em Kitchen Co.The Meadow200 g,$10.99ea,,$5.50/ 100g,False,valu_mart,0.055,g,10.99
dairy_and_eggs,Earth Island,Alternative Sour Cream,Earth IslandAlternative Sour Cream473 ml,$11.99ea,,$2.53/ 100ml,False,valu_mart,0.0253,ml,11.99
dairy_and_eggs,Riviera,"Goat Yogurt, Plain 4.9%","RivieraGoat Yogurt, Plain 4.9%500 g",$6.49ea,,$1.30/ 100ml,False,valu_mart,0.013000000000000001,ml,6.49
dairy_and_eggs,Tre Stelle,Tre Stelle Organic Cream Cheese Spread,Tre StelleTre Stelle Organic Cream Cheese Spread200 g,$4.49ea,,$2.25/ 100g,False,valu_mart,0.0225,g,4.49
dairy_and_eggs,Yoplait,Special Edition Yogurt,YoplaitSpecial Edition Yogurt8x56.0 g,$4.79ea,,$1.07/ 100g,False,valu_mart,0.010700000000000001,g,4.79
dairy_and_eggs,President's Choice,Plant Based Coconut Cream Cheese-Style Spread,President's ChoicePlant Based Coconut Cream Cheese-Style Spread227 g,$3.49ea,,$1.54/ 100g,False,valu_mart,0.0154,g,3.49
dairy_and_eggs,PC Organics,Organic Free-Range Egg Whites,PC OrganicsOrganic Free-Range Egg Whites500 g,$4.99ea,,$1.00/ 100g,False,valu_mart,0.01,g,4.99
dairy_and_eggs,Silk,"Dairy-Free Whipping Cream Alternative, Coconut based","SilkDairy-Free Whipping Cream Alternative, Coconut based473 ml",$5.49ea,,$1.16/ 100ml,False,valu_mart,0.0116,ml,5.49
dairy_and_eggs,Earth Island,Cheddar Cheese Slices,Earth IslandCheddar Cheese Slices200 g,$8.99ea,,$4.50/ 100g,False,valu_mart,0.045,g,8.99
dairy_and_eggs,IOGO,"Nano Yogurt, Peach 1%","IOGONano Yogurt, Peach 1%6x93.0 ml",$3.99ea,,$0.72/ 100ml,False,valu_mart,0.0072,ml,3.99
dairy_and_eggs,No Name,Light Original Cream Cheese Product,No NameLight Original Cream Cheese Product227 g,$3.79ea,,$1.67/ 100g,False,valu_mart,0.0167,g,3.79
dairy_and_eggs,No Name,5% M.F. Light Sour Cream,No Name5% M.F. Light Sour Cream500 ml,$3.79ea,,$0.76/ 100ml,False,valu_mart,0.0076,ml,3.79
dairy_and_eggs,IOGO,"Nano Drinkable Yogurt, Raspberry","IOGONano Drinkable Yogurt, Raspberry6x93.0 ml",$3.99ea,,$0.72/ 100ml,False,valu_mart,0.0072,ml,3.99
dairy_and_eggs,Olympic,"Organic Yogurt, Plain 3.5%","OlympicOrganic Yogurt, Plain 3.5%650 g",$5.99ea,,$0.92/ 100g,False,valu_mart,0.0092,g,5.99
dairy_and_eggs,PC Organics,Organic 14% M.F. Sour Cream,PC OrganicsOrganic 14% M.F. Sour Cream500 g,$5.29ea,,$1.06/ 100g,False,valu_mart,0.0106,g,5.29
dairy_and_eggs,PC Organics,"Organic Fresh Churned Butter, Unsalted","PC OrganicsOrganic Fresh Churned Butter, Unsalted250 g",$6.99ea,,$2.80/ 100g,False,valu_mart,0.027999999999999997,g,6.99
dairy_and_eggs,Becel,Margarine with Olive Oil,BecelMargarine with Olive Oil850 g,$9.29ea,,$1.09/ 100g,False,valu_mart,0.0109,g,9.29
dairy_and_eggs,Liberte,Greek Plain 0% MF Yogurt,LiberteGreek Plain 0% MF Yogurt750 g,$6.49ea,$4.99ea,$0.67/ 100g,True,valu_mart,0.0067,g,4.99
dairy_and_eggs,Heluva,Sour Cream Dip Nacho Queso Supreme,HeluvaSour Cream Dip Nacho Queso Supreme250 g,$4.49ea,,$1.80/ 100g,False,valu_mart,0.018000000000000002,g,4.49
dairy_and_eggs,Lactantia,"Fresh Churned Butter, Salted","LactantiaFresh Churned Butter, Salted454 g",$8.49ea,,$1.87/ 100g,False,valu_mart,0.0187,g,8.49
dairy_and_eggs,Activia,"Yogurt With Probiotics, Stawberry Raspberry Flavour","ActiviaYogurt With Probiotics, Stawberry Raspberry Flavour8x100.0 g",$6.69ea,,$0.84/ 100g,False,valu_mart,0.0084,g,6.69
dairy_and_eggs,No Name,Whipped Topping ,No NameWhipped Topping 225 g,$3.49ea,,$1.55/ 100g,False,valu_mart,0.0155,g,3.49
dairy_and_eggs,President's Choice,Monterey Jack Cheese,President's ChoiceMonterey Jack Cheese400 g,$6.49ea,,$1.62/ 100g,False,valu_mart,0.016200000000000003,g,6.49
dairy_and_eggs,Silk,"Soy For Coffee, Original Coffee Creamer","SilkSoy For Coffee, Original Coffee Creamer890 ml",$5.49ea,,$0.62/ 100ml,False,valu_mart,0.0062,ml,5.49
dairy_and_eggs,Natrel,Lactose Free 2% Dairy Product (2L),NatrelLactose Free 2% Dairy Product (2L)2 l,$6.89ea,,$0.34/ 100ml,False,valu_mart,0.0034000000000000002,ml,6.89
dairy_and_eggs,President's Choice,Smoke Flavoured Cheddar Cheese,President's ChoiceSmoke Flavoured Cheddar Cheese400 g,$6.49ea,,$1.62/ 100g,False,valu_mart,0.016200000000000003,g,6.49
dairy_and_eggs,Burnbrae Farms,"Egg Creations! Whole Eggs, Original","Burnbrae FarmsEgg Creations! Whole Eggs, Original500 g",$5.29ea,,$1.06/ 100g,False,valu_mart,0.0106,g,5.29
dairy_and_eggs,Natrel,2% Lactose Free Enriched Milk,Natrel2% Lactose Free Enriched Milk2 l,$7.19ea,,$0.36/ 100ml,False,valu_mart,0.0036,ml,7.19
dairy_and_eggs,No Name,Grade A Extra Large Eggs,No NameGrade A Extra Large Eggs12 eggs,$4.49ea,,$0.37/ 1ea,False,valu_mart,0.37,,4.49
dairy_and_eggs,Burnbrae Farms,Naturegg Egg Whites,Burnbrae FarmsNaturegg Egg Whites2x250.0 ea,$5.29ea,,$1.06/ 100ml,False,valu_mart,0.0106,ml,5.29
dairy_and_eggs,PC Blue Menu,Free Run Egg Whites,PC Blue MenuFree Run Egg Whites1 g,$5.49ea,,$1.10/ 100g,False,valu_mart,0.011000000000000001,g,5.49
dairy_and_eggs,Califia Farms,Barista Blend,Califia FarmsBarista Blend946 ml,$6.49ea,,$0.69/ 100ml,False,valu_mart,0.0069,ml,6.49
dairy_and_eggs,Neilson,"Milk, Ultrafiltered Partly Skimmed 2% M.F.","NeilsonMilk, Ultrafiltered Partly Skimmed 2% M.F.1 l",$4.69ea,,$0.47/ 100ml,False,valu_mart,0.004699999999999999,ml,4.69
dairy_and_eggs,Liberte,"Goat Milk, 2%","LiberteGoat Milk, 2%1 l",$5.49ea,,$0.55/ 100ml,False,valu_mart,0.0055000000000000005,ml,5.49
dairy_and_eggs,Becel,Margarine Vegan,BecelMargarine Vegan850 g,$9.29ea,,$1.09/ 100g,False,valu_mart,0.0109,g,9.29
dairy_and_eggs,Silk,"Oat Yogurt Style, Plainluten Free, Vegan","SilkOat Yogurt Style, Plainluten Free, Vegan640 g",$7.49ea,,$1.17/ 100g,False,valu_mart,0.011699999999999999,g,7.49
dairy_and_eggs,Liberte,Greek 5% M.F Plain Yogourt,LiberteGreek 5% M.F Plain Yogourt650 g,$6.49ea,$4.99ea,$0.77/ 100g,True,valu_mart,0.0077,g,4.99
dairy_and_eggs,Liberte,Greek Vanilla Bean 5% MF Yogurt,LiberteGreek Vanilla Bean 5% MF Yogurt4x100.0 g,$5.49ea,,$1.37/ 100g,False,valu_mart,0.0137,g,5.49
dairy_and_eggs,President's Choice,Triple Cheddar Shredded Cheese Blend,President's ChoiceTriple Cheddar Shredded Cheese Blend320 g,$6.99ea,,$2.18/ 100g,False,valu_mart,0.0218,g,6.99
dairy_and_eggs,Liberte,Greek Raspberry 5% MF Yogurt,LiberteGreek Raspberry 5% MF Yogurt4x100.0 g,$5.49ea,,$1.37/ 100g,False,valu_mart,0.0137,g,5.49
dairy_and_eggs,Fairlife,Lactose Free Skim Ultrafiltered Milk,FairlifeLactose Free Skim Ultrafiltered Milk1.5 l,$5.49ea,$5.29ea,$0.35/ 100ml,True,valu_mart,0.0034999999999999996,ml,5.29
dairy_and_eggs,Kraft,Singles Original Slices,KraftSingles Original Slices410 g,$5.99ea,,$1.46/ 100g,False,valu_mart,0.0146,g,5.99
dairy_and_eggs,No Name,Marble Cheddar Cheese,No NameMarble Cheddar Cheese400 g,$5.99ea,,$1.50/ 100g,False,valu_mart,0.015,g,5.99
dairy_and_eggs,IOGO,1% Lactose Free Strawberry-Banana Drinkable Yogurt,IOGO1% Lactose Free Strawberry-Banana Drinkable Yogurt6x93.0 ml,$3.99ea,,$0.72/ 100g,False,valu_mart,0.0072,g,3.99
dairy_and_eggs,President's Choice,Berries & Cherries Skyr Icelandic Style 0% M.F. Yogurt,President's ChoiceBerries & Cherries Skyr Icelandic Style 0% M.F. Yogurt500 g,$5.99ea,,$1.20/ 100g,False,valu_mart,0.012,g,5.99
dairy_and_eggs,Cracker Barrel,Bar Marble Cheddar,Cracker BarrelBar Marble Cheddar400 g,$9.29ea,,$2.32/ 100g,False,valu_mart,0.0232,g,9.29
dairy_and_eggs,PC Blue Menu,Blue Menu Original Margarine,PC Blue MenuBlue Menu Original Margarine454 g,$4.79ea,,$1.06/ 100g,False,valu_mart,0.0106,g,4.79
dairy_and_eggs,IOGO,"Yogurt Duo, Pineapple-Coconut-Banana, Raspberry, Orange-Mandarin, Peach-Mango","IOGOYogurt Duo, Pineapple-Coconut-Banana, Raspberry, Orange-Mandarin, Peach-Mango16x100.0 g",$8.49ea,,$0.53/ 100g,False,valu_mart,0.0053,g,8.49
dairy_and_eggs,President's Choice,Parmesan Shredded Cheese,President's ChoiceParmesan Shredded Cheese250 g,$6.49ea,,$2.60/ 100g,False,valu_mart,0.026000000000000002,g,6.49
dairy_and_eggs,Imperial,Soft Margarine Spread,ImperialSoft Margarine Spread907 g,$8.79ea,,$1.03/ 100g,False,valu_mart,0.0103,g,8.79
dairy_and_eggs,Neilson,Ultrafiltered Milk 3.25% M.F.,NeilsonUltrafiltered Milk 3.25% M.F.1 l,$4.69ea,,$0.47/ 100ml,False,valu_mart,0.004699999999999999,ml,4.69
dairy_and_eggs,No Name,Pasteurized Light Cream Cheese Spread,No NamePasteurized Light Cream Cheese Spread250 g,$3.79ea,,$1.52/ 100g,False,valu_mart,0.0152,g,3.79
dairy_and_eggs,siggi's,"Yogurt, Vanilla Cinnamon 3.25% M.F. Creamy Skyr","siggi'sYogurt, Vanilla Cinnamon 3.25% M.F. Creamy Skyr650 g",$7.49ea,,$1.15/ 100g,False,valu_mart,0.0115,g,7.49
dairy_and_eggs,Oikos,"Greek Yogurtimited Edition, Vanilla Chai Flavour, 4X100G","OikosGreek Yogurtimited Edition, Vanilla Chai Flavour, 4X100G4x100.0 g",$4.79ea,,$1.20/ 100g,False,valu_mart,0.012,g,4.79
dairy_and_eggs,Silk,"For Coffee, Hazelnut Flavour, Dairy Free Coffee Creamer","SilkFor Coffee, Hazelnut Flavour, Dairy Free Coffee Creamer473 ml",$2.99ea,,$0.63/ 100ml,False,valu_mart,0.0063,ml,2.99
dairy_and_eggs,Pillsbury,Holiday Premium Edition Cookies,PillsburyHoliday Premium Edition Cookies396 g,$4.49ea,,$1.13/ 100g,False,valu_mart,0.0113,g,4.49
dairy_and_eggs,Yoso,"Cultured Coconut Yogurt, Unsweetened","YosoCultured Coconut Yogurt, Unsweetened440 g",$6.49ea,,$1.48/ 100g,False,valu_mart,0.0148,g,6.49
dairy_and_eggs,Pillsbury,Peanut Butter Cookie Dough,PillsburyPeanut Butter Cookie Dough204 g,$4.49ea,,$2.20/ 100g,False,valu_mart,0.022000000000000002,g,4.49
dairy_and_eggs,Natrel,Lactose Free Fat Free Skim 0% Dairy Product (2L),NatrelLactose Free Fat Free Skim 0% Dairy Product (2L)2 l,$6.89ea,,$0.34/ 100ml,False,valu_mart,0.0034000000000000002,ml,6.89
dairy_and_eggs,Burnbrae Farms,Eggs2go! 6 Hard Boiled Peeled Eggs,Burnbrae FarmsEggs2go! 6 Hard Boiled Peeled Eggs6 ea,$4.99ea,,$0.83/ 1ea,False,valu_mart,0.83,,4.99
dairy_and_eggs,President's Choice,Cheddar Cheese with Habanero,President's ChoiceCheddar Cheese with Habanero400 g,$6.49ea,,$1.62/ 100g,False,valu_mart,0.016200000000000003,g,6.49
dairy_and_eggs,President's Choice,Lactose Free Old Yellow Cheddar Cheese,President's ChoiceLactose Free Old Yellow Cheddar Cheese400 g,$6.49ea,,$1.62/ 100g,False,valu_mart,0.016200000000000003,g,6.49
dairy_and_eggs,Philadelphia,Smoked Salmon Cream Cheese Product,PhiladelphiaSmoked Salmon Cream Cheese Product227 g,$5.29ea,,$2.33/ 100g,False,valu_mart,0.0233,g,5.29
dairy_and_eggs,Lactantia,Unsalted Butter,LactantiaUnsalted Butter454 g,$8.49ea,,$1.87/ 100g,False,valu_mart,0.0187,g,8.49
dairy_and_eggs,Pillsbury,Grands! Crescents,PillsburyGrands! Crescents318 g,$4.49ea,,$1.41/ 100g,False,valu_mart,0.0141,g,4.49
dairy_and_eggs,No Name,Pasteurized Cream Cheese,No NamePasteurized Cream Cheese250 g,$3.79ea,,$1.52/ 100g,False,valu_mart,0.0152,g,3.79
dairy_and_eggs,No Name,Cream Cheese Spread ,No NameCream Cheese Spread 227 g,$3.79ea,,$1.67/ 100g,False,valu_mart,0.0167,g,3.79
dairy_and_eggs,Pillsbury,Chocolatey Chip Cookies,PillsburyChocolatey Chip Cookies468 g,$4.49ea,,$0.96/ 100g,False,valu_mart,0.0096,g,4.49
dairy_and_eggs,Del Monte,Red Grapefruit In Slightly Sweetened Water 8 Cups (Case),Del MonteRed Grapefruit In Slightly Sweetened Water 8 Cups (Case)8x190.0 ml,$18.99ea,,$1.25/ 100ml,False,valu_mart,0.0125,ml,18.99
dairy_and_eggs,Pillsbury,Pbry Cookie Swt Heart,PillsburyPbry Cookie Swt Heart260 g,$4.49ea,,$1.73/ 100g,False,valu_mart,0.0173,g,4.49
dairy_and_eggs,President's Choice,Marble Cheddar Cheese,President's ChoiceMarble Cheddar Cheese400 g,$6.49ea,,$1.62/ 100g,False,valu_mart,0.016200000000000003,g,6.49
dairy_and_eggs,President's Choice,Lactose Free Marble Cheddar ,President's ChoiceLactose Free Marble Cheddar 400 g,$6.49ea,,$1.62/ 100g,False,valu_mart,0.016200000000000003,g,6.49
dairy_and_eggs,Pillsbury,"Cinnamon Rolls, Strawberry","PillsburyCinnamon Rolls, Strawberry496 g",$4.19ea,,$0.84/ 100g,False,valu_mart,0.0084,g,4.19
dairy_and_eggs,President's Choice,Lactose Free Nacho Shredded Cheese Blend,President's ChoiceLactose Free Nacho Shredded Cheese Blend320 g,$6.49ea,,$2.03/ 100g,False,valu_mart,0.0203,g,6.49
dairy_and_eggs,PC Blue Menu,Blue Menu Free Run Large Brown Eggs 12 Pack,PC Blue MenuBlue Menu Free Run Large Brown Eggs 12 Pack12 eggs,$7.39ea,,$0.62/ 1ea,False,valu_mart,0.62,,7.39
dairy_and_eggs,President's Choice,Free Run Brown Eggs Large,President's ChoiceFree Run Brown Eggs Large12 eggs,$6.79ea,,$0.57/ 1ea,False,valu_mart,0.57,,6.79
dairy_and_eggs,Becel,Salted Plant-Based Margarine Bricks,BecelSalted Plant-Based Margarine Bricks454 g,$5.99ea,,$1.32/ 100g,False,valu_mart,0.0132,g,5.99
dairy_and_eggs,Liberte,Greek Lemon 2% MF Yogurt,LiberteGreek Lemon 2% MF Yogurt4x100.0 g,$5.49ea,,$1.37/ 100g,False,valu_mart,0.0137,g,5.49
dairy_and_eggs,Tim Hortons,"K-cup Pods Medium Roast, Maple","Tim HortonsK-cup Pods Medium Roast, Maple12 ea",$12.99ea,,$1.08/ 1ea,False,valu_mart,1.08,,12.99
dairy_and_eggs,President's Choice,Greek Yogurt Tzatziki Dip,President's ChoiceGreek Yogurt Tzatziki Dip227 g,$3.79ea,,$1.67/ 100g,False,valu_mart,0.0167,g,3.79
dairy_and_eggs,No Name,Sour Cream 14%,No NameSour Cream 14%500 ml,$3.79ea,,$0.76/ 100ml,False,valu_mart,0.0076,ml,3.79
dairy_and_eggs,Tim Hortons,Fine Grind Coffee Maple Roast Medium,Tim HortonsFine Grind Coffee Maple Roast Medium300 g,$10.99ea,,$3.66/ 100g,False,valu_mart,0.0366,g,10.99
dairy_and_eggs,Lactantia,"My Country Butter Sticks, Unsalted","LactantiaMy Country Butter Sticks, Unsalted4x113.5 g",$8.49ea,,$1.87/ 100g,False,valu_mart,0.0187,g,8.49
dairy_and_eggs,Earth Island, Mozzarella Slices,Earth Island Mozzarella Slices200 g,$8.99ea,,$4.50/ 100g,False,valu_mart,0.045,g,8.99
dairy_and_eggs,Savor,Grass Fed Unsalted Butter,SavorGrass Fed Unsalted Butter250 g,$7.99ea,,$3.20/ 100g,False,valu_mart,0.032,g,7.99
dairy_and_eggs,PC Blue Menu,Blue Menu Margarine with Olive Oil,PC Blue MenuBlue Menu Margarine with Olive Oil907 g,$6.49ea,,$0.72/ 100g,False,valu_mart,0.0072,g,6.49
dairy_and_eggs,Becel,Salted Plant-Based Margarine Bricks,BecelSalted Plant-Based Margarine Bricks454 g,$5.99ea,,$1.32/ 100g,False,valu_mart,0.0132,g,5.99
dairy_and_eggs,Liberte,Greek Lemon 2% MF Yogurt,LiberteGreek Lemon 2% MF Yogurt4x100.0 g,$5.49ea,,$1.37/ 100g,False,valu_mart,0.0137,g,5.49
dairy_and_eggs,Tim Hortons,"K-cup Pods Medium Roast, Maple","Tim HortonsK-cup Pods Medium Roast, Maple12 ea",$12.99ea,,$1.08/ 1ea,False,valu_mart,1.08,,12.99
dairy_and_eggs,President's Choice,Greek Yogurt Tzatziki Dip,President's ChoiceGreek Yogurt Tzatziki Dip227 g,$3.79ea,,$1.67/ 100g,False,valu_mart,0.0167,g,3.79
dairy_and_eggs,Danone,Strawberry-Banana Flavoured Paw Patrol Yogurt Drink For Kids,DanoneStrawberry-Banana Flavoured Paw Patrol Yogurt Drink For Kids8x93.0 ml,$5.99ea,,$0.81/ 100ml,False,valu_mart,0.008100000000000001,ml,5.99
dairy_and_eggs,Pillsbury,Easy Roll Pie Crust   ,PillsburyEasy Roll Pie Crust   400 g,$4.49ea,,$1.12/ 100g,False,valu_mart,0.011200000000000002,g,4.49
dairy_and_eggs,No Name,Cream Cheese Product With Jalapeño ,No NameCream Cheese Product With Jalapeño 227 g,$3.79ea,,$1.67/ 100g,False,valu_mart,0.0167,g,3.79
dairy_and_eggs,President's Choice,Naturally Lactose-Free Swiss Cheese ,President's ChoiceNaturally Lactose-Free Swiss Cheese 300 g,$6.49ea,,$2.16/ 100g,False,valu_mart,0.0216,g,6.49
dairy_and_eggs,Pillsbury,Crescents - Reduced Fat,PillsburyCrescents - Reduced Fat227 g,$3.19ea,,$1.41/ 100g,False,valu_mart,0.0141,g,3.19
dairy_and_eggs,President's Choice,Mozzarella Cheese ,President's ChoiceMozzarella Cheese 400 g,$6.49ea,,$1.62/ 100g,False,valu_mart,0.016200000000000003,g,6.49
dairy_and_eggs,siggi's,"Yogurt, Plain 0% M.F. Icelandic Skyr Thick Yogourt","siggi'sYogurt, Plain 0% M.F. Icelandic Skyr Thick Yogourt750 g",$7.49ea,,$1.00/ 100g,False,valu_mart,0.01,g,7.49
bakery,Country Harvest,14 Grains Whole Wheat Bread,Country Harvest14 Grains Whole Wheat Bread600 g,$4.29ea,,$0.72/ 100g,False,valu_mart,0.0072,g,4.29
bakery,Casa Mendosa,Large Original Tortillas,Casa MendosaLarge Original Tortillas640 g,$4.79ea,,$0.75/ 100g,False,valu_mart,0.0075,g,4.79
bakery,,White Baguette,White Baguette255 g,$1.69ea,,$0.66/ 100g,False,valu_mart,0.0066,g,1.69
bakery,ACE,White Baguette,ACEWhite Baguette350 g,$3.79ea,,$1.08/ 100g,False,valu_mart,0.0108,g,3.79
bakery,President's Choice,Tortillas Original ,President's ChoiceTortillas Original 650 g,$4.29ea,,$0.66/ 100g,False,valu_mart,0.0066,g,4.29
bakery,Old Mill,White Bread,Old MillWhite Bread675 g,$2.79ea,,$0.41/ 100g,False,valu_mart,0.0040999999999999995,g,2.79
bakery,President's Choice,Original English Muffins,President's ChoiceOriginal English Muffins342 g,$3.09ea,,$0.90/ 100g,False,valu_mart,0.009000000000000001,g,3.09
bakery,Country Harvest,Ancient Grains & Red Fife Bread,Country HarvestAncient Grains & Red Fife Bread600 g,$4.29ea,,$0.72/ 100g,False,valu_mart,0.0072,g,4.29
bakery,Wonder,"Bread, Sliced White","WonderBread, Sliced White675 g",$3.79ea,,$0.56/ 100g,False,valu_mart,0.005600000000000001,g,3.79
bakery,Old Mill,100% Whole Wheat Bread,Old Mill100% Whole Wheat Bread675 g,$2.79ea,,$0.41/ 100g,False,valu_mart,0.0040999999999999995,g,2.79
bakery,Farmer's Market,Banana Chocolate Chunk Muffins,Farmer's MarketBanana Chocolate Chunk Muffins600 g,$6.99ea,,$1.17/ 100g,False,valu_mart,0.011699999999999999,g,6.99
bakery,Casa Mendosa,Large Whole Wheat Tortillas,Casa MendosaLarge Whole Wheat Tortillas640 g,$4.79ea,,$0.75/ 100g,False,valu_mart,0.0075,g,4.79
bakery,Farmer's Market,Butter Croissant,Farmer's MarketButter Croissant270 g,$5.99ea,,$2.22/ 100g,False,valu_mart,0.0222,g,5.99
bakery,Farmer's Market,Chocolate Chip Muffins,Farmer's MarketChocolate Chip Muffins600 g,$6.99ea,,$1.17/ 100g,False,valu_mart,0.011699999999999999,g,6.99
bakery,Wonder,"Thin Sandwich Bread, White","WonderThin Sandwich Bread, White675 g",$3.79ea,,$0.56/ 100g,False,valu_mart,0.005600000000000001,g,3.79
bakery,Farmer's Market,Blueberry Muffins,Farmer's MarketBlueberry Muffins570 g,$6.99ea,,$1.23/ 100g,False,valu_mart,0.0123,g,6.99
bakery,Country Harvest,Everything Bagel,Country HarvestEverything Bagel450 g,$4.29ea,,$0.95/ 100g,False,valu_mart,0.0095,g,4.29
bakery,Wonder,White Hamburger Buns,WonderWhite Hamburger Buns8x47.25 g,$3.79ea,,$1.00/ 100g,False,valu_mart,0.01,g,3.79
bakery,Wonder,White Bread with Fibre,WonderWhite Bread with Fibre675 g,$3.79ea,,$0.56/ 100g,False,valu_mart,0.005600000000000001,g,3.79
bakery,No Name,Bagel Everthing,No NameBagel Everthing480 g,$2.89ea,,$0.60/ 100g,False,valu_mart,0.006,g,2.89
bakery,DItaliano,Thick Slices Bread,DItalianoThick Slices Bread675 g,$4.29ea,,$0.64/ 100g,False,valu_mart,0.0064,g,4.29
bakery,DItaliano,Brioche-Style Hamburger Buns,DItalianoBrioche-Style Hamburger Buns560 g,$4.29ea,,$0.77/ 100g,False,valu_mart,0.0077,g,4.29
bakery,No Name,Bagel Plain 6 Pack,No NameBagel Plain 6 Pack510 g,$2.89ea,,$0.57/ 100g,False,valu_mart,0.005699999999999999,g,2.89
bakery,Wonder,100% Whole Wheat Bread,Wonder100% Whole Wheat Bread675 g,$3.79ea,,$0.56/ 100g,False,valu_mart,0.005600000000000001,g,3.79
bakery,Farmer's Market,Carrot Muffins,Farmer's MarketCarrot Muffins600 g,$6.99ea,,$1.17/ 100g,False,valu_mart,0.011699999999999999,g,6.99
bakery,Wonder,White Bread White Texas,WonderWhite Bread White Texas675 g,$3.79ea,,$0.56/ 100g,False,valu_mart,0.005600000000000001,g,3.79
bakery,Suraj,Naan Original 5 Flatbreads,SurajNaan Original 5 Flatbreads500 g,$3.99ea,,$0.80/ 100g,False,valu_mart,0.008,g,3.99
bakery,Country Harvest,Cinnamon Raisin Bread,Country HarvestCinnamon Raisin Bread600 g,$4.29ea,,$0.72/ 100g,False,valu_mart,0.0072,g,4.29
bakery,Country Harvest,Everything Bread,Country HarvestEverything Bread600 g,$4.29ea,,$0.72/ 100g,False,valu_mart,0.0072,g,4.29
bakery,Country Harvest,Quinoa Flax Bread,Country HarvestQuinoa Flax Bread600 g,$4.29ea,,$0.72/ 100g,False,valu_mart,0.0072,g,4.29
bakery,Country Harvest,Oat & Honey Whole Wheat Bread,Country HarvestOat & Honey Whole Wheat Bread600 g,$4.29ea,,$0.72/ 100g,False,valu_mart,0.0072,g,4.29
bakery,Casa Mendosa,"10 Medium Tortillas, Original","Casa Mendosa10 Medium Tortillas, Original340 g",$4.29ea,,$1.26/ 100g,False,valu_mart,0.0126,g,4.29
bakery,Country Harvest,Protein Bread,Country HarvestProtein Bread600 g,$4.29ea,,$0.72/ 100g,False,valu_mart,0.0072,g,4.29
bakery,Country Harvest,Whole Grains Bread No Sugar Added,Country HarvestWhole Grains Bread No Sugar Added600 g,$4.29ea,,$0.72/ 100g,False,valu_mart,0.0072,g,4.29
bakery,Country Harvest,Original Bagels,Country HarvestOriginal Bagels450 g,$4.29ea,,$0.95/ 100g,False,valu_mart,0.0095,g,4.29
bakery,Farmer's Market,Butter Croissants Mini,Farmer's MarketButter Croissants Mini336 g,$5.99ea,,$1.78/ 100g,False,valu_mart,0.0178,g,5.99
bakery,Farmer's Market,Cake Chocolate,Farmer's MarketCake Chocolate1.5 kg,$22.99ea,,$1.53/ 100g,False,valu_mart,0.015300000000000001,g,22.99
bakery,,"Strawberry Rhubarb Pie, 8 Inch","Strawberry Rhubarb Pie, 8 Inch680 g",$6.79ea,,$1.00/ 100g,False,valu_mart,0.01,g,6.79
bakery,,Swirl Bun 2 Pack,Swirl Bun 2 Pack153 g,$3.19ea,,$2.08/ 100g,False,valu_mart,0.0208,g,3.19
bakery,,"Pumpernickel Bread, Sliced","Pumpernickel Bread, Sliced675 g",$4.79ea,,$0.71/ 100g,False,valu_mart,0.0070999999999999995,g,4.79
bakery,,"7 Grain Bread, Sliced","7 Grain Bread, Sliced570 g",$3.99ea,,$0.89/ 100g,False,valu_mart,0.0089,g,3.99
bakery,,Buns Kaiser 2 Pack,Buns Kaiser 2 Pack117 g,$1.59ea,,$1.36/ 100g,False,valu_mart,0.013600000000000001,g,1.59
bakery,Paneriso,Banana Loaf Cake,PanerisoBanana Loaf Cake454 g,$8.49ea,,$1.87/ 100g,False,valu_mart,0.0187,g,8.49
bakery,,"White Single Layer Celebration Cake, 8 in","White Single Layer Celebration Cake, 8 in500 g",$7.99ea,,$1.60/ 100g,False,valu_mart,0.016,g,7.99
bakery,,PC Dinner Rolls 60% Whole Wheat,PC Dinner Rolls 60% Whole Wheat12x1.0 ea,$4.29ea,,$0.36/ 1ea,False,valu_mart,0.36,,4.29
bakery,Farmer's Market,Cinnamon Coffee Cake,Farmer's MarketCinnamon Coffee Cake500 g,$6.00ea,,$1.20/ 100g,False,valu_mart,0.012,g,6.00
bakery,,Submarine Buns 4 Pack,Submarine Buns 4 Pack464 g,$2.79ea,,$2.15/ 100g,False,valu_mart,0.0215,g,2.79
bakery,,Chocolate and Cream Cheese Single Layer Cake,Chocolate and Cream Cheese Single Layer Cake600 g,$7.99ea,,$1.33/ 100g,False,valu_mart,0.013300000000000001,g,7.99
bakery,,Bagels,Bagels113 g,$0.79ea,,$0.70/ 100g,False,valu_mart,0.006999999999999999,g,0.79
bakery,,"Pumpernickel Bread, Sliced","Pumpernickel Bread, Sliced675 g",$4.79ea,,$0.71/ 100g,False,valu_mart,0.0070999999999999995,g,4.79
bakery,,"Plain Croissant, 6 Pack","Plain Croissant, 6 Pack300 g",$4.29ea,,$1.43/ 100g,False,valu_mart,0.0143,g,4.29
bakery,Sha Sha,Cookies Pumpkin Spice Snaps,Sha ShaCookies Pumpkin Spice Snaps250 g,$5.29ea,,$2.12/ 100g,False,valu_mart,0.0212,g,5.29
bakery,,"Blueberry Pie, 8 Inch","Blueberry Pie, 8 Inch680 g",$6.79ea,,$1.00/ 100g,False,valu_mart,0.01,g,6.79
bakery,Farmer's Market,Lemon Curd Cake,Farmer's MarketLemon Curd Cake475 g,$6.99ea,,$1.47/ 100g,False,valu_mart,0.0147,g,6.99
bakery,,Cheese Swirl Buns 4 Pack,Cheese Swirl Buns 4 Pack400 g,$5.79ea,,$1.45/ 100g,False,valu_mart,0.014499999999999999,g,5.79
bakery,Sha Sha,Ginger Snap Cookies,Sha ShaGinger Snap Cookies300x300.0 g,$7.49ea,,$2.50/ 100g,False,valu_mart,0.025,g,7.49
bakery,Poppers,Wheat Popped Grains,PoppersWheat Popped Grains120 g,$5.29ea,,$4.41/ 100g,False,valu_mart,0.0441,g,5.29
bakery,Farmer's Market,Cake Chocolate,Farmer's MarketCake Chocolate1.5 kg,$22.99ea,,$1.53/ 100g,False,valu_mart,0.015300000000000001,g,22.99
bakery,,"Strawberry Rhubarb Pie, 8 Inch","Strawberry Rhubarb Pie, 8 Inch680 g",$6.79ea,,$1.00/ 100g,False,valu_mart,0.01,g,6.79
bakery,Paneriso,Banana Loaf Cake,PanerisoBanana Loaf Cake454 g,$8.49ea,,$1.87/ 100g,False,valu_mart,0.0187,g,8.49
bakery,,Panini Roll 2 Pack,Panini Roll 2 Pack107 g,$1.59ea,,$1.49/ 100g,False,valu_mart,0.0149,g,1.59
bakery,Baxters,Vanilla Raspberry Cream,BaxtersVanilla Raspberry Cream6x67.0 g,$5.49ea,,$1.37/ 100g,False,valu_mart,0.0137,g,5.49
bakery,Poppers,Popped Grains Corn Minis,PoppersPopped Grains Corn Minis45 g,$3.99ea,,$8.87/ 100g,False,valu_mart,0.08869999999999999,g,3.99
bakery,President's Choice,Triple Chocolate Cake,President's ChoiceTriple Chocolate Cake710 g,$17.49ea,,$2.46/ 100g,False,valu_mart,0.0246,g,17.49
bakery,,Buns Kaiser 2 Pack,Buns Kaiser 2 Pack117 g,$1.59ea,,$1.36/ 100g,False,valu_mart,0.013600000000000001,g,1.59
bakery,,All Butter Almondine Rolls,All Butter Almondine Rolls255 g,$3.99ea,,$1.16/ 100g,False,valu_mart,0.0116,g,3.99
bakery,Farmer's Market,"Tea Biscuits, Cheddar Cheese","Farmer's MarketTea Biscuits, Cheddar Cheese315 g",$6.29ea,,$2.00/ 100g,False,valu_mart,0.02,g,6.29
bakery,,Panini Rolls 6 Pack,Panini Rolls 6 Pack320 g,$3.99ea,,$1.25/ 100g,False,valu_mart,0.0125,g,3.99
bakery,,"White Subs, 2 Pack","White Subs, 2 Pack200 g",$1.59ea,,$0.80/ 100g,False,valu_mart,0.008,g,1.59
bakery,,"7 Grain Bread, Sliced","7 Grain Bread, Sliced570 g",$3.99ea,,$0.89/ 100g,False,valu_mart,0.0089,g,3.99
bakery,,Kaiser Rolls Large 6 Pack,Kaiser Rolls Large 6 Pack350 g,$3.99ea,,$1.14/ 100g,False,valu_mart,0.011399999999999999,g,3.99
bakery,,"Bagel, Plain, 6-pack","Bagel, Plain, 6-pack113 g",$4.29ea,,$3.80/ 100g,False,valu_mart,0.038,g,4.29
bakery,Furlani,Frozen Texas Toast Garlic,FurlaniFrozen Texas Toast Garlic16x40.0 g,$5.29ea,,$0.83/ 100g,False,valu_mart,0.0083,g,5.29
bakery,PC Blue Menu,100% Whole Wheat Bagels,PC Blue Menu100% Whole Wheat Bagels336 g,$4.49ea,,$1.34/ 100g,False,valu_mart,0.0134,g,4.49
bakery,DItaliano,Thick Sliced Brioche-Style Loaf,DItalianoThick Sliced Brioche-Style Loaf0.62 g,$4.29ea,,$0.69/ 100g,False,valu_mart,0.0069,g,4.29
bakery,President's Choice,Brioche Mini Rolls,President's ChoiceBrioche Mini Rolls400 g,$5.49ea,,$1.37/ 100g,False,valu_mart,0.0137,g,5.49
bakery,Frontier Bakery,Lebanese Style White Pita,Frontier BakeryLebanese Style White Pita330 g,$1.39ea,,$0.42/ 100g,False,valu_mart,0.0042,g,1.39
bakery,Dempster,100% Whole Wheat Bread,Dempster100% Whole Wheat Bread675 g,$3.89ea,,$0.58/ 100g,False,valu_mart,0.0058,g,3.89
bakery,President's Choice,Multigrain Flatbread,President's ChoiceMultigrain Flatbread300 g,$3.29ea,,$1.10/ 100g,False,valu_mart,0.011000000000000001,g,3.29
bakery,President's Choice,Gluten Free Hot Dog Buns,President's ChoiceGluten Free Hot Dog Buns65 g,$4.69ea,,$1.80/ 100g,False,valu_mart,0.018000000000000002,g,4.69
bakery,DItaliano,Sesame Seed Bread,DItalianoSesame Seed Bread675 g,$4.29ea,,$0.64/ 100g,False,valu_mart,0.0064,g,4.29
bakery,No Name,Bagel Whole Wheat,No NameBagel Whole Wheat510 g,$2.89ea,,$0.57/ 100g,False,valu_mart,0.005699999999999999,g,2.89
bakery,Dimpflmeier,100% Rye Bread With Flaxseeds,Dimpflmeier100% Rye Bread With Flaxseeds454 g,$4.99ea,,$1.10/ 100g,False,valu_mart,0.011000000000000001,g,4.99
bakery,Dimpflmeier,Klosterbrot Bread,DimpflmeierKlosterbrot Bread454 g,$4.09ea,,$0.90/ 100g,False,valu_mart,0.009000000000000001,g,4.09
bakery,Dempster,Fresh White Bread,DempsterFresh White Bread675 g,$3.59ea,,$0.53/ 100g,False,valu_mart,0.0053,g,3.59
bakery,LA FOURNEE DOREE,Brioche Hot Dog Rolls,LA FOURNEE DOREEBrioche Hot Dog Rolls16x385.0 g,$4.49ea,,$1.17/ 100g,False,valu_mart,0.011699999999999999,g,4.49
bakery,DItaliano,Brizzolio Bread,DItalianoBrizzolio Bread600 g,$4.29ea,,$0.72/ 100g,False,valu_mart,0.0072,g,4.29
bakery,LA FOURNEE DOREE,Sesame Brioche Burger Buns,LA FOURNEE DOREESesame Brioche Burger Buns200 g,$4.29ea,,$2.15/ 100g,False,valu_mart,0.0215,g,4.29
bakery,Dimpflmeier,Bread Original Swedish Style Light Rye,DimpflmeierBread Original Swedish Style Light Rye454 g,$4.49ea,,$0.99/ 100g,False,valu_mart,0.009899999999999999,g,4.49
bakery,President's Choice,Sourdough Loaf,President's ChoiceSourdough Loaf500 g,$3.99ea,,$0.80/ 100g,False,valu_mart,0.008,g,3.99
bakery,President's Choice,Italian Style Bread Crumbs,President's ChoiceItalian Style Bread Crumbs275 g,$2.99ea,,$1.09/ 100g,False,valu_mart,0.0109,g,2.99
bakery,LA FOURNEE DOREE, Croissant Bun,LA FOURNEE DOREE Croissant Bun300 g,$6.99ea,,$2.33/ 100g,False,valu_mart,0.0233,g,6.99
bakery,Frontier Bakery,Lebanese Style Whole Wheat Pita,Frontier BakeryLebanese Style Whole Wheat Pita330 g,$1.39ea,,$0.42/ 100g,False,valu_mart,0.0042,g,1.39
bakery,ACE,Ciabatta Piccola,ACECiabatta Piccola800 g,$6.79ea,,$0.85/ 100g,False,valu_mart,0.0085,g,6.79
bakery,PC Organics,Organic 100% Whole Grain Bread,PC OrganicsOrganic 100% Whole Grain Bread709 g,$5.29ea,,$0.75/ 100g,False,valu_mart,0.0075,g,5.29
bakery,Frontier Bakery,Thick Pouch White Bread Pitas,Frontier BakeryThick Pouch White Bread Pitas425 g,$1.59ea,,$0.37/ 100g,False,valu_mart,0.0037,g,1.59
bakery,No Name,Whole Wheat English Muffins,No NameWhole Wheat English Muffins342 g,$2.89ea,,$0.85/ 100g,False,valu_mart,0.0085,g,2.89
bakery,President's Choice,Thick Pizza Crust,President's ChoiceThick Pizza Crust300 g,$4.29ea,,$1.43/ 100g,False,valu_mart,0.0143,g,4.29
bakery,Old Mill,"12"" Thin Pizza Starter Kit","Old Mill12"" Thin Pizza Starter Kit700 g",$4.39ea,,$0.63/ 100g,False,valu_mart,0.0063,g,4.39
bakery,Farmer's Market,Pecan Butter Tarts,Farmer's MarketPecan Butter Tarts6x85.0 g,$7.99ea,,$1.57/ 100g,False,valu_mart,0.015700000000000002,g,7.99
bakery,Casa Mendosa,"6 Large Tortillas, Tomato Salsa","Casa Mendosa6 Large Tortillas, Tomato Salsa384 g",$4.79ea,,$1.25/ 100g,False,valu_mart,0.0125,g,4.79
bakery,President's Choice,Pumpernickel Rye Loaf Bread,President's ChoicePumpernickel Rye Loaf Bread480 g,$3.99ea,,$0.83/ 100g,False,valu_mart,0.0083,g,3.99
bakery,President's Choice,Plain Barbari Flatbread,President's ChoicePlain Barbari Flatbread250 g,$3.49ea,,$1.40/ 100g,False,valu_mart,0.013999999999999999,g,3.49
bakery,President's Choice,Traditional Naan,President's ChoiceTraditional Naan250 g,$3.69ea,,$1.48/ 100g,False,valu_mart,0.0148,g,3.69
bakery,President's Choice,Mini Naan Garlic 4 Flatbreads,President's ChoiceMini Naan Garlic 4 Flatbreads180 g,$3.49ea,,$1.94/ 100g,False,valu_mart,0.0194,g,3.49
bakery,PC Blue Menu,100% Whole Grain Tortillas,PC Blue Menu100% Whole Grain Tortillas6x65.0 g,$4.29ea,,$1.10/ 100g,False,valu_mart,0.011000000000000001,g,4.29
bakery,Casa Mendosa,"10 Medium Tortillas, Whole Wheat","Casa Mendosa10 Medium Tortillas, Whole Wheat340 g",$4.29ea,,$1.26/ 100g,False,valu_mart,0.0126,g,4.29
bakery,Rubschlager,Sesame Multigrain Loaf,RubschlagerSesame Multigrain Loaf454 g,$3.49ea,,$0.77/ 100g,False,valu_mart,0.0077,g,3.49
bakery,,Truffle Royale,Truffle Royale600 g,$18.99ea,,$3.17/ 100g,False,valu_mart,0.0317,g,18.99
bakery,ACE,Rustic Italian Oval,ACERustic Italian Oval350 g,$4.59ea,,$1.31/ 100g,False,valu_mart,0.0131,g,4.59
bakery,Farmer's Market,Tuxedo Cake,Farmer's MarketTuxedo Cake753 g,$14.99ea,,$1.99/ 100g,False,valu_mart,0.0199,g,14.99
bakery,Farmer's Market,Cake Vanilla,Farmer's MarketCake Vanilla1.5 kg,$22.99ea,,$1.53/ 100g,False,valu_mart,0.015300000000000001,g,22.99
bakery,President's Choice,Banana Chocolate Chip Mini Muffins,President's ChoiceBanana Chocolate Chip Mini Muffins336 g,$5.69ea,,$1.69/ 100g,False,valu_mart,0.0169,g,5.69
bakery,Farmer's Market,Chocolate Cake,Farmer's MarketChocolate Cake850 g,$15.99ea,,$1.88/ 100g,False,valu_mart,0.018799999999999997,g,15.99
bakery,,"100% Whole Wheat Bread, Sliced","100% Whole Wheat Bread, Sliced450 g",$2.99ea,,$0.66/ 100g,False,valu_mart,0.0066,g,2.99
bakery,,Old Fashioned Apple Pie,Old Fashioned Apple Pie114 g,$1.79ea,,$1.57/ 100g,False,valu_mart,0.015700000000000002,g,1.79
bakery,La Baguetterie,Ciabatta Demi ,La BaguetterieCiabatta Demi 450 g,$2.79ea,,$0.62/ 100g,False,valu_mart,0.0062,g,2.79
bakery,,Honey Glazed Ring Donuts 2 Pack,Honey Glazed Ring Donuts 2 Pack2x160.0 g,$3.49ea,,$2.18/ 100g,False,valu_mart,0.0218,g,3.49
bakery,,Amazing Grain Raisin Bread Sliced,Amazing Grain Raisin Bread Sliced450 g,$4.49ea,,$1.00/ 100g,False,valu_mart,0.01,g,4.49
bakery,Farmer's Market,Cake Carrot,Farmer's MarketCake Carrot1.4 kg,$22.99ea,,$1.64/ 100g,False,valu_mart,0.016399999999999998,g,22.99
bakery,Farmer's Market,Lemon Coffee Cake,Farmer's MarketLemon Coffee Cake500 g,$6.00ea,,$1.20/ 100g,False,valu_mart,0.012,g,6.00
bakery,Farmer's Market,"Sliced Loaf Cake, Marble","Farmer's MarketSliced Loaf Cake, Marble420 g",$5.49ea,,$1.31/ 100g,False,valu_mart,0.0131,g,5.49
bakery,,"Italian Bread, Multi-grain  Sliced","Italian Bread, Multi-grain  Sliced450 g",$3.49ea,,$0.78/ 100g,False,valu_mart,0.0078000000000000005,g,3.49
bakery,,Maple Pecan Braided Danish,Maple Pecan Braided Danish300 g,$4.99ea,,$1.66/ 100g,False,valu_mart,0.0166,g,4.99
bakery,President's Choice,Carrot Mini Muffins,President's ChoiceCarrot Mini Muffins336 g,$5.69ea,,$1.69/ 100g,False,valu_mart,0.0169,g,5.69
bakery,Farmer's Market,Oatmeal & Chocolate Cookies,Farmer's MarketOatmeal & Chocolate Cookies456 g,$5.99ea,,$1.31/ 100g,False,valu_mart,0.0131,g,5.99
bakery,Farmer's Market,Hello Dolly 7 Layer Square,Farmer's MarketHello Dolly 7 Layer Square450 g,$6.99ea,,$1.55/ 100g,False,valu_mart,0.0155,g,6.99
bakery,School Safe,Muffin Bars Banana Chocolate Chip,School SafeMuffin Bars Banana Chocolate Chip296 g,$3.99ea,,$1.35/ 100g,False,valu_mart,0.013500000000000002,g,3.99
bakery,President's Choice,Gluten Free Strawberry Cake ,President's ChoiceGluten Free Strawberry Cake 553 g,$9.99ea,,$1.81/ 100g,False,valu_mart,0.0181,g,9.99
bakery,,"Bagels, Poppy Seed 6 Pack","Bagels, Poppy Seed 6 Pack108 g",$4.29ea,,$3.97/ 100g,False,valu_mart,0.0397,g,4.29
bakery,,Croissant Chocolatine 4 Pack,Croissant Chocolatine 4 Pack324 g,$3.99ea,,$1.23/ 100g,False,valu_mart,0.0123,g,3.99
bakery,,"Sourdough Bread, Sliced","Sourdough Bread, Sliced675 g",$4.79ea,,$0.71/ 100g,False,valu_mart,0.0070999999999999995,g,4.79
bakery,,PC Multigrain Kaiser 6S,PC Multigrain Kaiser 6S400 g,$3.99ea,,$1.00/ 100g,False,valu_mart,0.01,g,3.99
bakery,,Croissant 2 Pack,Croissant 2 Pack124 g,$1.59ea,,$1.28/ 100g,False,valu_mart,0.0128,g,1.59
bakery,,"Truffle Royale Cake 8""","Truffle Royale Cake 8""1100 g",$29.99ea,,$2.73/ 100g,False,valu_mart,0.0273,g,29.99
bakery,Vachon,Flaky Pastries Apple-Raspberry,VachonFlaky Pastries Apple-Raspberry305 g,$4.89ea,,$1.60/ 100g,False,valu_mart,0.016,g,4.89
bakery,Dimpflmeier,Marble Rye Bread,DimpflmeierMarble Rye Bread500 g,$3.89ea,,$0.78/ 100g,False,valu_mart,0.0078000000000000005,g,3.89
bakery,Wonder,Whole Wheat Hot Dog Rolls,WonderWhole Wheat Hot Dog Rolls8x60.0 g,$3.79ea,,$0.79/ 100g,False,valu_mart,0.0079,g,3.79
bakery,Wonder,Whole Wheat Hamburger Buns,WonderWhole Wheat Hamburger Buns8x56.0 g,$3.79ea,,$0.85/ 100g,False,valu_mart,0.0085,g,3.79
bakery,President's Choice,Extra Raisins Hot Cross Buns,President's ChoiceExtra Raisins Hot Cross Buns8x70.6 g,$4.99ea,,$0.88/ 100g,False,valu_mart,0.0088,g,4.99
bakery,Dimpflmeier,Pumpernickel Bread,DimpflmeierPumpernickel Bread454 g,$4.99ea,,$1.10/ 100g,False,valu_mart,0.011000000000000001,g,4.99
bakery,Country Harvest,Sourdough Loaf,Country HarvestSourdough Loaf650 g,$4.29ea,,$0.66/ 100g,False,valu_mart,0.0066,g,4.29
bakery,President's Choice,Bread Crumbs,President's ChoiceBread Crumbs300 g,$2.99ea,,$1.00/ 100g,False,valu_mart,0.01,g,2.99
bakery,Rudolphs,Bavarian Rye Bread,RudolphsBavarian Rye Bread500 g,$4.29ea,,$0.86/ 100g,False,valu_mart,0.0086,g,4.29
bakery,Wonder,"English Muffins, Whole Wheat","WonderEnglish Muffins, Whole Wheat342 g",$3.79ea,,$1.11/ 100g,False,valu_mart,0.0111,g,3.79
bakery,Dimpflmeier,Pumpernickel Bread,DimpflmeierPumpernickel Bread454 g,$4.99ea,,$1.10/ 100g,False,valu_mart,0.011000000000000001,g,4.99
bakery,Country Harvest,Sourdough Loaf,Country HarvestSourdough Loaf650 g,$4.29ea,,$0.66/ 100g,False,valu_mart,0.0066,g,4.29
bakery,President's Choice,Bread Crumbs,President's ChoiceBread Crumbs300 g,$2.99ea,,$1.00/ 100g,False,valu_mart,0.01,g,2.99
bakery,Rudolphs,Bavarian Rye Bread,RudolphsBavarian Rye Bread500 g,$4.29ea,,$0.86/ 100g,False,valu_mart,0.0086,g,4.29
bakery,PC Blue Menu,White Whole Grain Thin Buns,PC Blue MenuWhite Whole Grain Thin Buns8x60.0 g,$3.99ea,,$0.83/ 100g,False,valu_mart,0.0083,g,3.99
bakery,,King’s Hawaiian Sweet Rolls ,King’s Hawaiian Sweet Rolls 0.34 kg,$4.49ea,,$1.32/ 100g,False,valu_mart,0.0132,g,4.49
bakery,President's Choice,Garlic Naan ,President's ChoiceGarlic Naan 250 g,$3.69ea,,$1.48/ 100g,False,valu_mart,0.0148,g,3.69
bakery,Suraj,Naan Garlic 5 Flatbreads,SurajNaan Garlic 5 Flatbreads500 g,$3.99ea,,$0.80/ 100g,False,valu_mart,0.008,g,3.99
bakery,,Flame-Baked Naan Cilantro & Roasted Garlic,Flame-Baked Naan Cilantro & Roasted Garlic400 g,$3.99ea,,$1.00/ 100g,False,valu_mart,0.01,g,3.99
bakery,President's Choice,Traditional Naan Dippers Flatbreads Club Pack,President's ChoiceTraditional Naan Dippers Flatbreads Club Pack400 g,$6.99ea,,$1.75/ 100g,False,valu_mart,0.0175,g,6.99
bakery,Casa Mendosa,Extra Large Burrito Tortillas,Casa MendosaExtra Large Burrito Tortillas630 g,$4.19ea,,$0.67/ 100g,False,valu_mart,0.0067,g,4.19
bakery,,Core 12 Grain Breads,Core 12 Grain Breads284 g,$4.29ea,,$1.51/ 100g,False,valu_mart,0.0151,g,4.29
bakery,Suraj,Naan Original Flatbreads,SurajNaan Original Flatbreads1 ea,$5.49ea,,$5.49/ 1ea,False,valu_mart,5.49,,5.49
bakery,Rubschlager,Marble Rye Loaf,RubschlagerMarble Rye Loaf454 g,$3.49ea,,$0.77/ 100g,False,valu_mart,0.0077,g,3.49
bakery,,"12 Grain Bread, Sliced","12 Grain Bread, Sliced450 g",$3.99ea,,$0.89/ 100g,False,valu_mart,0.0089,g,3.99
bakery,Farmer's Market,Date Square,Farmer's MarketDate Square450 g,$6.99ea,,$1.55/ 100g,False,valu_mart,0.0155,g,6.99
bakery,Ready Bake,Garlic Bread,Ready BakeGarlic Bread330 g,$3.99ea,,$1.21/ 100g,False,valu_mart,0.0121,g,3.99
bakery,ACE,Rosemary Crisps,ACERosemary Crisps180 g,$6.29ea,,$3.49/ 100g,False,valu_mart,0.0349,g,6.29
bakery,,Kaiser Rolls Whole Wheat 6 Pack,Kaiser Rolls Whole Wheat 6 Pack400 g,$3.99ea,,$1.00/ 100g,False,valu_mart,0.01,g,3.99
bakery,La Baguetterie,White Oval,La BaguetterieWhite Oval454 g,$2.79ea,,$0.61/ 100g,False,valu_mart,0.0060999999999999995,g,2.79
bakery,Farmer's Market,Raisin Bran Muffins,Farmer's MarketRaisin Bran Muffins600 g,$6.99ea,,$1.17/ 100g,False,valu_mart,0.011699999999999999,g,6.99
bakery,,Cheese Pizza Buns 4 Pack,Cheese Pizza Buns 4 Pack460 g,$5.79ea,,$1.26/ 100g,False,valu_mart,0.0126,g,5.79
bakery,Farmer's Market,Cookies and Creme Cake,Farmer's MarketCookies and Creme Cake825 g,$15.99ea,,$1.94/ 100g,False,valu_mart,0.0194,g,15.99
bakery,,"Pumpernickel Bread, Sliced","Pumpernickel Bread, Sliced450 g",$3.19ea,,$0.71/ 100g,False,valu_mart,0.0070999999999999995,g,3.19
bakery,Farmer's Market,Sandwich Croissant,Farmer's MarketSandwich Croissant260 g,$5.99ea,,$2.30/ 100g,False,valu_mart,0.023,g,5.99
bakery,Farmer's Market,"Cookies, Peanut Butter, 12 Pack","Farmer's MarketCookies, Peanut Butter, 12 Pack456 g",$5.99ea,,$1.31/ 100g,False,valu_mart,0.0131,g,5.99
bakery,,"6"" Chocolate Truffle Cake","6"" Chocolate Truffle Cake600 g",$18.99ea,,$3.17/ 100g,False,valu_mart,0.0317,g,18.99
bakery,Farmer's Market,Muffins Double Chocolate    ,Farmer's MarketMuffins Double Chocolate    570 g,$6.99ea,,$1.23/ 100g,False,valu_mart,0.0123,g,6.99
bakery,Farmer's Market,Raisin Butter Tarts,Farmer's MarketRaisin Butter Tarts6x85.0 g,$7.99ea,,$1.57/ 100g,False,valu_mart,0.015700000000000002,g,7.99
bakery,Moms,Golden Pound Cake,MomsGolden Pound Cake450 g,$5.49ea,,$1.22/ 100g,False,valu_mart,0.012199999999999999,g,5.49
bakery,two-bite,Mini Vanilla Cupcakes 12 Pack,two-biteMini Vanilla Cupcakes 12 Pack284 g,$5.29ea,,$1.86/ 100g,False,valu_mart,0.018600000000000002,g,5.29
bakery,ACE,Roasted Garlic Mini Crisps,ACERoasted Garlic Mini Crisps180 g,$6.29ea,,$3.49/ 100g,False,valu_mart,0.0349,g,6.29
bakery,Kimberley's Bakeshoppe,"Frosted Cookies, Vanilla","Kimberley's BakeshoppeFrosted Cookies, Vanilla383 g",$3.99ea,,$1.04/ 100g,False,valu_mart,0.0104,g,3.99
bakery,,Cheese Swirl Bun 2 Pack,Cheese Swirl Bun 2 Pack133 g,$3.19ea,,$2.40/ 100g,False,valu_mart,0.024,g,3.19
bakery,two-bite,Mini Chocolate Cupcakes 12 Pack,two-biteMini Chocolate Cupcakes 12 Pack284 g,$5.29ea,,$1.86/ 100g,False,valu_mart,0.018600000000000002,g,5.29
bakery,,Savoury Roll,Savoury Roll85 g,$1.49ea,,$1.75/ 100g,False,valu_mart,0.0175,g,1.49
bakery,,Apple Fritter Donut 2 Pack,Apple Fritter Donut 2 Pack2x290.0 g,$3.49ea,,$1.20/ 100g,False,valu_mart,0.012,g,3.49
bakery,Scheps Bakeries,Stroopwafles Caramel Filled Waffles ,Scheps BakeriesStroopwafles Caramel Filled Waffles 264 g,$3.99ea,,$1.51/ 100g,False,valu_mart,0.0151,g,3.99
bakery,ACE,Aged Cheddar Mini Crisps,ACEAged Cheddar Mini Crisps150 g,$6.29ea,,$4.19/ 100g,False,valu_mart,0.04190000000000001,g,6.29
bakery,Poppers, Popped Grains Wheat Minis,Poppers Popped Grains Wheat Minis45 g,$3.99ea,,$8.87/ 100g,False,valu_mart,0.08869999999999999,g,3.99
bakery,Farmer's Market,Everything Butter Croissants,Farmer's MarketEverything Butter Croissants270 g,$5.99ea,,$2.22/ 100g,False,valu_mart,0.0222,g,5.99
bakery,Vachon,Ah Caramel,VachonAh Caramel336 g,$4.89ea,,$1.46/ 100g,False,valu_mart,0.0146,g,4.89
bakery,,"Bagels, Cinnamon Raisin 6 Pack","Bagels, Cinnamon Raisin 6 Pack648 g",$4.29ea,,$3.97/ 100g,False,valu_mart,0.0397,g,4.29
bakery,,"Bagels, Everything 6 Pack","Bagels, Everything 6 Pack108 g",$4.29ea,,$3.97/ 100g,False,valu_mart,0.0397,g,4.29
bakery,Farmer's Market,"Loaf Cake, Banana","Farmer's MarketLoaf Cake, Banana390 g",$5.49ea,,$1.41/ 100g,False,valu_mart,0.0141,g,5.49
bakery,Farmer's Market,Bumbleberry Crumble Pie,Farmer's MarketBumbleberry Crumble Pie1 kg,$10.99ea,,$1.10/ 100g,False,valu_mart,0.011000000000000001,g,10.99
bakery,PC Organics,Organic Everything Bagel,PC OrganicsOrganic Everything Bagel450 g,$4.29ea,,$0.95/ 100g,False,valu_mart,0.0095,g,4.29
bakery,DItaliano,Sausage Buns,DItalianoSausage Buns456 g,$4.29ea,,$0.94/ 100g,False,valu_mart,0.009399999999999999,g,4.29
bakery,Promise Gluten Free, Soft White Loaf,Promise Gluten Free Soft White Loaf480 g,$7.99ea,,$1.66/ 100g,False,valu_mart,0.0166,g,7.99
bakery,Rudolphs,Light Rye Bread,RudolphsLight Rye Bread680 g,$4.29ea,,$0.63/ 100g,False,valu_mart,0.0063,g,4.29
bakery,Old Mill,Hot Dog Buns,Old MillHot Dog Buns344 g,$3.09ea,,$0.90/ 100g,False,valu_mart,0.009000000000000001,g,3.09
bakery,Country Harvest,14 Grain Bagels,Country Harvest14 Grain Bagels450 g,$4.29ea,,$0.95/ 100g,False,valu_mart,0.0095,g,4.29
bakery,Furlani,Frozen Texas Toast Parmesan Garlic,FurlaniFrozen Texas Toast Parmesan Garlic16x40.0 g,$5.29ea,,$0.83/ 100g,False,valu_mart,0.0083,g,5.29
bakery,Dimpflmeier,Sonnenblumenkerne Bread,DimpflmeierSonnenblumenkerne Bread454 g,$4.09ea,,$0.90/ 100g,False,valu_mart,0.009000000000000001,g,4.09
bakery,President's Choice,Yukon Gold Potato Loaf,President's ChoiceYukon Gold Potato Loaf480 g,$3.99ea,,$0.83/ 100g,False,valu_mart,0.0083,g,3.99
bakery,ACE,Ciabatta Pezzetti Duo,ACECiabatta Pezzetti Duo840 g,$6.79ea,,$0.81/ 100g,False,valu_mart,0.008100000000000001,g,6.79
bakery,ACE,Pane Rustico,ACEPane Rustico600 g,$5.79ea,,$0.97/ 100g,False,valu_mart,0.0097,g,5.79
bakery,No Name,Whole Wheat Dinner Roll,No NameWhole Wheat Dinner Roll420 g,$3.79ea,,$0.90/ 100g,False,valu_mart,0.009000000000000001,g,3.79
bakery,President's Choice,Multigrain Rye Loaf Bread,President's ChoiceMultigrain Rye Loaf Bread480 g,$3.99ea,,$0.83/ 100g,False,valu_mart,0.0083,g,3.99
bakery,Dimpflmeier,Bread Prebiotic Multi-Grain,DimpflmeierBread Prebiotic Multi-Grain454 g,$3.79ea,,$0.83/ 100g,False,valu_mart,0.0083,g,3.79
bakery,Wonder,"6 Pack English Muffin Breakfast Sandwich Bun, White","Wonder6 Pack English Muffin Breakfast Sandwich Bun, White342 g",$3.79ea,,$1.11/ 100g,False,valu_mart,0.0111,g,3.79
bakery,,Savoury Butter Rolls,Savoury Butter Rolls340 g,$4.49ea,,$1.32/ 100g,False,valu_mart,0.0132,g,4.49
bakery,Country Harvest,"Bagels, Raisin Cinnamon with Whole Wheat","Country HarvestBagels, Raisin Cinnamon with Whole Wheat450 g",$4.29ea,,$0.95/ 100g,False,valu_mart,0.0095,g,4.29
bakery,LA FOURNEE DOREE,Milk Brioche Rolls,LA FOURNEE DOREEMilk Brioche Rolls350 g,$6.49ea,,$1.85/ 100g,False,valu_mart,0.018500000000000003,g,6.49
bakery,Rudolphs,Bavarian Premium Sandwich Bread,RudolphsBavarian Premium Sandwich Bread500 g,$4.29ea,,$0.86/ 100g,False,valu_mart,0.0086,g,4.29
bakery,President's Choice,Cannoli Kit,President's ChoiceCannoli Kit300 g,$9.99ea,,$3.33/ 100g,False,valu_mart,0.0333,g,9.99
bakery,President's Choice,Gluten Free Millet & Quinoa,President's ChoiceGluten Free Millet & Quinoa454 g,$4.29ea,,$0.94/ 100g,False,valu_mart,0.009399999999999999,g,4.29
bakery,President's Choice,Crumpets,President's ChoiceCrumpets284 g,$2.99ea,,$1.05/ 100g,False,valu_mart,0.0105,g,2.99
bakery,Wonder,100% Whole Wheat Bread Thin Sliced,Wonder100% Whole Wheat Bread Thin Sliced675 g,$3.79ea,,$0.56/ 100g,False,valu_mart,0.005600000000000001,g,3.79
bakery,Dempster,100% Whole Grains 12 Grain Bread,Dempster100% Whole Grains 12 Grain Bread600 g,$4.19ea,,$0.70/ 100g,False,valu_mart,0.006999999999999999,g,4.19
bakery,Old Mill,Hamburger Buns,Old MillHamburger Buns360 g,$3.09ea,,$0.86/ 100g,False,valu_mart,0.0086,g,3.09
bakery,No Name,Bagel Sesame 6 Pack,No NameBagel Sesame 6 Pack510 g,$2.89ea,,$0.57/ 100g,False,valu_mart,0.005699999999999999,g,2.89
bakery,Dimpflmeier,Bread Original Swedish Style Light Rye,DimpflmeierBread Original Swedish Style Light Rye680 g,$5.29ea,,$0.78/ 100g,False,valu_mart,0.0078000000000000005,g,5.29
bakery,President's Choice,Tortillas Original ,President's ChoiceTortillas Original 340 g,$3.79ea,,$1.11/ 100g,False,valu_mart,0.0111,g,3.79
bakery,President's Choice,Traditional Naan Club Size ,President's ChoiceTraditional Naan Club Size 750 g,$5.59ea,,$0.75/ 100g,False,valu_mart,0.0075,g,5.59
bakery,,ProteinUp Tortilla Wrap with Sea Salt & Pepper,ProteinUp Tortilla Wrap with Sea Salt & Pepper284 g,$4.29ea,,$1.51/ 100g,False,valu_mart,0.0151,g,4.29
bakery,President's Choice,À L’Européenne Light Rye Loaf,President's ChoiceÀ L’Européenne Light Rye Loaf480 g,$3.99ea,,$0.83/ 100g,False,valu_mart,0.0083,g,3.99
bakery,No Name,Whole Wheat Mini Pitas,No NameWhole Wheat Mini Pitas170 g,$1.99ea,,$1.17/ 100g,False,valu_mart,0.011699999999999999,g,1.99
bakery,President's Choice,Traditional Naan Rounds,President's ChoiceTraditional Naan Rounds480 g,$4.59ea,,$0.96/ 100g,False,valu_mart,0.0096,g,4.59
bakery,Rubschlager,Bavarian Rye Loaf,RubschlagerBavarian Rye Loaf454 g,$3.49ea,,$0.77/ 100g,False,valu_mart,0.0077,g,3.49
bakery,Rubschlager,Pumpernickel Loaf,RubschlagerPumpernickel Loaf454 g,$3.49ea,,$0.77/ 100g,False,valu_mart,0.0077,g,3.49
bakery,Paneriso,Chocolate Chip Cookies,PanerisoChocolate Chip Cookies350 g,$8.49ea,,$2.43/ 100g,False,valu_mart,0.024300000000000002,g,8.49
bakery,Farmer's Market,Nanaimo Square,Farmer's MarketNanaimo Square400 g,$6.99ea,,$1.75/ 100g,False,valu_mart,0.0175,g,6.99
bakery,,Bread Cinnamon Raisin Sliced,Bread Cinnamon Raisin Sliced550 g,$4.49ea,,$0.82/ 100g,False,valu_mart,0.008199999999999999,g,4.49
bakery,Farmer's Market,Chocolate Chip Cookies,Farmer's MarketChocolate Chip Cookies456 g,$5.99ea,,$1.31/ 100g,False,valu_mart,0.0131,g,5.99
bakery,ACE,Multigrain Ciabatta Demi,ACEMultigrain Ciabatta Demi275 g,$2.99ea,,$1.09/ 100g,False,valu_mart,0.0109,g,2.99
bakery,President's Choice,Carrot Nut Rustic Cake,President's ChoiceCarrot Nut Rustic Cake610 g,$7.99ea,,$1.31/ 100g,False,valu_mart,0.0131,g,7.99
bakery,Farmer's Market,Cookies Oatmeal,Farmer's MarketCookies Oatmeal456 g,$5.99ea,,$1.31/ 100g,False,valu_mart,0.0131,g,5.99
bakery,Farmer's Market,Fudge Square,Farmer's MarketFudge Square400 g,$6.99ea,,$1.75/ 100g,False,valu_mart,0.0175,g,6.99
bakery,,Bread Cheese Sliced,Bread Cheese Sliced470 g,$6.29ea,,$1.34/ 100g,False,valu_mart,0.0134,g,6.29
bakery,President's Choice,Meringue Nests,President's ChoiceMeringue Nests100 g,$3.99ea,,$3.99/ 100g,False,valu_mart,0.039900000000000005,g,3.99
bakery,Farmer's Market,Brownies,Farmer's MarketBrownies265 g,$4.99ea,,$1.88/ 100g,False,valu_mart,0.018799999999999997,g,4.99
bakery,,Old Fashioned Lemon Pie ,Old Fashioned Lemon Pie 114 g,$1.79ea,,$1.57/ 100g,False,valu_mart,0.015700000000000002,g,1.79
bakery,,Hawaiian Sprinkle Donutss 2 Pack,Hawaiian Sprinkle Donutss 2 Pack2x200.0 g,$3.49ea,,$1.75/ 100g,False,valu_mart,0.0175,g,3.49
bakery,Farmer's Market,Marble Coffee Cake,Farmer's MarketMarble Coffee Cake500 g,$6.00ea,,$1.20/ 100g,False,valu_mart,0.012,g,6.00
bakery,Farmer's Market,Chocolate Ganache Coffee Cake,Farmer's MarketChocolate Ganache Coffee Cake500 g,$6.00ea,,$1.20/ 100g,False,valu_mart,0.012,g,6.00
bakery,Farmer's Market,Vanilla Cake,Farmer's MarketVanilla Cake490 g,$6.99ea,,$1.43/ 100g,False,valu_mart,0.0143,g,6.99
bakery,Dimpflmeier,Vollkornbrot Bread,DimpflmeierVollkornbrot Bread454 g,$3.79ea,,$0.83/ 100g,False,valu_mart,0.0083,g,3.79
bakery,Farmer's Market,Cookies Oatmeal,Farmer's MarketCookies Oatmeal456 g,$5.99ea,,$1.31/ 100g,False,valu_mart,0.0131,g,5.99
bakery,Farmer's Market,Fudge Square,Farmer's MarketFudge Square400 g,$6.99ea,,$1.75/ 100g,False,valu_mart,0.0175,g,6.99
bakery,,Texas Hot Dog Buns,Texas Hot Dog Buns520 g,$3.79ea,,$0.73/ 100g,False,valu_mart,0.0073,g,3.79
bakery,,"Pumpkin Pie, 8 Inch","Pumpkin Pie, 8 Inch680 g",$6.79ea,,$1.00/ 100g,False,valu_mart,0.01,g,6.79
bakery,,Old Fashioned Wild Blueberry Pie,Old Fashioned Wild Blueberry Pie114 g,$1.79ea,,$1.57/ 100g,False,valu_mart,0.015700000000000002,g,1.79
bakery,Farmer's Market,Red Velvet Cake,Farmer's MarketRed Velvet Cake490 g,$6.99ea,,$1.43/ 100g,False,valu_mart,0.0143,g,6.99
bakery,Sha Sha,Shasha Cocoa Snaps,Sha ShaShasha Cocoa Snaps300x300.0 g,$7.49ea,,$2.50/ 100g,False,valu_mart,0.025,g,7.49
bakery,,"Cherry Pie, 8 Inch","Cherry Pie, 8 Inch680 g",$6.79ea,,$1.00/ 100g,False,valu_mart,0.01,g,6.79
bakery,Paneriso,Blueberry Muffins,PanerisoBlueberry Muffins372 g,$8.49ea,,$2.28/ 100g,False,valu_mart,0.022799999999999997,g,8.49
bakery,,"Bagel, Herb N' Cheese","Bagel, Herb N' Cheese108 g",$4.29ea,,$3.97/ 100g,False,valu_mart,0.0397,g,4.29
bakery,Farmer's Market,"Sliced Loaf Cake, Banana","Farmer's MarketSliced Loaf Cake, Banana420 g",$5.49ea,,$1.31/ 100g,False,valu_mart,0.0131,g,5.49
bakery,Farmer's Market,Lemon Squares,Farmer's MarketLemon Squares400 g,$6.99ea,,$1.75/ 100g,False,valu_mart,0.0175,g,6.99
bakery,Farmer's Market,Black Forest Cake,Farmer's MarketBlack Forest Cake750 g,$15.99ea,,$2.13/ 100g,False,valu_mart,0.0213,g,15.99
bakery,Farmer's Market,"Sliced Loaf Cake, Vanilla","Farmer's MarketSliced Loaf Cake, Vanilla420 g",$5.49ea,,$1.31/ 100g,False,valu_mart,0.0131,g,5.49
bakery,Farmer's Market,Oatmeal Raisin Cookies,Farmer's MarketOatmeal Raisin Cookies456 g,$5.99ea,,$1.31/ 100g,False,valu_mart,0.0131,g,5.99
bakery,Farmer's Market,Macaroons,Farmer's MarketMacaroons350 g,$6.49ea,,$1.85/ 100g,False,valu_mart,0.018500000000000003,g,6.49
bakery,Elite,"6"" Triple Chocolate Mousse","Elite6"" Triple Chocolate Mousse900 g",$17.49ea,,$1.94/ 100g,False,valu_mart,0.0194,g,17.49
bakery,,White Buns Dinner Rolls,White Buns Dinner Rolls12x1.0 ea,$4.29ea,,$0.36/ 1ea,False,valu_mart,0.36,,4.29
bakery,,"Apple Pie, 8 Inch","Apple Pie, 8 Inch750 g",$6.79ea,,$0.91/ 100g,False,valu_mart,0.0091,g,6.79
bakery,La Baguetterie,Roasted Garlic Oval,La BaguetterieRoasted Garlic Oval398 g,$2.79ea,,$0.70/ 100g,False,valu_mart,0.006999999999999999,g,2.79
bakery,Baxters,Swiss Rolls Strawberry Shortcake,BaxtersSwiss Rolls Strawberry Shortcake402 g,$5.49ea,,$1.37/ 100g,False,valu_mart,0.0137,g,5.49
bakery,President's Choice,Meringue Nests,President's ChoiceMeringue Nests100 g,$3.99ea,,$3.99/ 100g,False,valu_mart,0.039900000000000005,g,3.99
bakery,Promise Gluten Free, Multigrain Loaf,Promise Gluten Free Multigrain Loaf480 g,$7.99ea,,$1.66/ 100g,False,valu_mart,0.0166,g,7.99
bakery,Frontier Bakery,Thick Pouch Whole Wheat Pitas,Frontier BakeryThick Pouch Whole Wheat Pitas425 g,$1.59ea,,$0.37/ 100g,False,valu_mart,0.0037,g,1.59
bakery,Lanthier,Croissant Mini'S ,LanthierCroissant Mini'S 14x210.0 g,$5.49ea,,$2.61/ 100g,False,valu_mart,0.026099999999999998,g,5.49
bakery,Weston,"Texas Toast Bread, 100% Whole Wheat","WestonTexas Toast Bread, 100% Whole Wheat675 g",$3.79ea,,$0.56/ 100g,False,valu_mart,0.005600000000000001,g,3.79
bakery,LA FOURNEE DOREE,Mini Brioches,LA FOURNEE DOREEMini Brioches480 g,$4.79ea,,$1.00/ 100g,False,valu_mart,0.01,g,4.79
bakery,Country Harvest,Sourdough Bagel,Country HarvestSourdough Bagel450 g,$4.29ea,,$0.95/ 100g,False,valu_mart,0.0095,g,4.29
bakery,,"Crusty Bread, French Sliced","Crusty Bread, French Sliced450 g",$2.99ea,,$0.66/ 100g,False,valu_mart,0.0066,g,2.99
bakery,Country Harvest,Sunflower Flax Bread,Country HarvestSunflower Flax Bread600 g,$4.29ea,,$0.72/ 100g,False,valu_mart,0.0072,g,4.29
bakery,Wonder,"Whole Wheat 10"" Wraps","WonderWhole Wheat 10"" Wraps640 g",$4.79ea,,$0.75/ 100g,False,valu_mart,0.0075,g,4.79
bakery,PC Blue Menu,100% Whole Wheat Loaf,PC Blue Menu100% Whole Wheat Loaf450 g,$5.19ea,,$1.15/ 100g,False,valu_mart,0.0115,g,5.19
bakery,President's Choice,Original Mini Bagel,President's ChoiceOriginal Mini Bagel380 g,$3.49ea,,$0.92/ 100g,False,valu_mart,0.0092,g,3.49
bakery,President's Choice,Extra Thick Sliced Cinnamon Bread with Raisins,President's ChoiceExtra Thick Sliced Cinnamon Bread with Raisins675 g,$4.99ea,,$0.74/ 100g,False,valu_mart,0.0074,g,4.99
bakery,Frontier Bakery,White Bread Greek Pitas,Frontier BakeryWhite Bread Greek Pitas425 g,$1.59ea,,$0.37/ 100g,False,valu_mart,0.0037,g,1.59
bakery,President's Choice,Mini Tortilllas Original ,President's ChoiceMini Tortilllas Original 192 g,$3.39ea,,$1.77/ 100g,False,valu_mart,0.0177,g,3.39
bakery,,Flame-Baked Naan Original,Flame-Baked Naan Original400 g,$3.99ea,,$1.00/ 100g,False,valu_mart,0.01,g,3.99
bakery,ACE,Brioche Gourmet Hamburger Bun,ACEBrioche Gourmet Hamburger Bun260 g,$3.99ea,,$1.53/ 100g,False,valu_mart,0.015300000000000001,g,3.99
bakery,ACE,Brioche Bagel,ACEBrioche Bagel272 g,$4.19ea,,$1.54/ 100g,False,valu_mart,0.0154,g,4.19
bakery,DItaliano,Brioche-Style Sausage Buns,DItalianoBrioche-Style Sausage Buns420 g,$4.29ea,,$1.02/ 100g,False,valu_mart,0.0102,g,4.29
bakery,Rubschlager,Bavarian Multigrain Loaf,RubschlagerBavarian Multigrain Loaf454 g,$3.49ea,,$0.77/ 100g,False,valu_mart,0.0077,g,3.49
bakery,Casa Mendosa,Large Spinach Tortillas,Casa MendosaLarge Spinach Tortillas384 g,$4.79ea,,$1.25/ 100g,False,valu_mart,0.0125,g,4.79
bakery,Wonder,Flour Tortillas White 10 Medium ,WonderFlour Tortillas White 10 Medium 340 g,$4.29ea,,$1.26/ 100g,False,valu_mart,0.0126,g,4.29
bakery,President's Choice, Khubz Middle Eastern-Style Pita,President's Choice Khubz Middle Eastern-Style Pita400 g,$3.49ea,,$0.87/ 100g,False,valu_mart,0.0087,g,3.49
bakery,,Red Pepper Breads,Red Pepper Breads284 g,$4.29ea,,$1.73/ 100g,False,valu_mart,0.0173,g,4.29
bakery,Farmer's Market,Cake Black Forest,Farmer's MarketCake Black Forest1.2 kg,$22.99ea,,$1.92/ 100g,False,valu_mart,0.0192,g,22.99
bakery,Sha Sha,Coconut Chia Snaps ,Sha ShaCoconut Chia Snaps 300 g,$6.99ea,,$2.33/ 100g,False,valu_mart,0.0233,g,6.99
bakery,Farmer's Market,Cake Cookies And Crème,Farmer's MarketCake Cookies And Crème1.2 kg,$22.99ea,,$1.92/ 100g,False,valu_mart,0.0192,g,22.99
bakery,Farmer's Market,Mini Cinnamon Rolls,Farmer's MarketMini Cinnamon Rolls9x30.0 g,$6.29ea,,$2.33/ 100g,False,valu_mart,0.0233,g,6.29
bakery,,"Celebration Cupcakes, White","Celebration Cupcakes, White6x300.0 g",$6.49ea,,$0.36/ 100g,False,valu_mart,0.0036,g,6.49
bakery,,Texas Hamburger Buns- White,Texas Hamburger Buns- White520 g,$3.79ea,,$0.73/ 100g,False,valu_mart,0.0073,g,3.79
bakery,,"Flax Bread, Sliced","Flax Bread, Sliced450 g",$3.99ea,,$0.89/ 100g,False,valu_mart,0.0089,g,3.99
bakery,,"Caramel Apple Pie, 8 Inch","Caramel Apple Pie, 8 Inch680 g",$6.79ea,,$1.00/ 100g,False,valu_mart,0.01,g,6.79
bakery,,Amazing Grain Bread Sliced,Amazing Grain Bread Sliced450 g,$4.49ea,,$1.00/ 100g,False,valu_mart,0.01,g,4.49
bakery,Paneriso,Lemon Loaf Cake,PanerisoLemon Loaf Cake454 g,$8.49ea,,$1.87/ 100g,False,valu_mart,0.0187,g,8.49
bakery,ACE,Roasted Garlic Oval,ACERoasted Garlic Oval454 g,$5.99ea,,$1.32/ 100g,False,valu_mart,0.0132,g,5.99
bakery,ACE,Toasted Sesame Mini Crisps,ACEToasted Sesame Mini Crisps180 g,$6.29ea,,$3.49/ 100g,False,valu_mart,0.0349,g,6.29
bakery,,Corn Popped Grains,Corn Popped Grains120 g,$5.29ea,,$4.41/ 100g,False,valu_mart,0.0441,g,5.29
bakery,ACE,Cranberry Focaccia ,ACECranberry Focaccia 320 g,$6.59ea,,$2.06/ 100g,False,valu_mart,0.0206,g,6.59
bakery,La Baguetterie,Ciabatta Rolls ,La BaguetterieCiabatta Rolls 400 g,$2.79ea,,$0.70/ 100g,False,valu_mart,0.006999999999999999,g,2.79
bakery,two-bite,Lunar New Year Cupcakes,two-biteLunar New Year Cupcakes300 g,$4.99ea,,$1.66/ 100g,False,valu_mart,0.0166,g,4.99
bakery,ACE,Three Cheese Oval,ACEThree Cheese Oval454 g,$5.99ea,,$1.32/ 100g,False,valu_mart,0.0132,g,5.99
bakery,Farmer's Market,Apple Pie 10 Inch,Farmer's MarketApple Pie 10 Inch1 kg,$10.99ea,,$1.10/ 100g,False,valu_mart,0.011000000000000001,g,10.99
bakery,,"Sesame Egg Bread, Sliced","Sesame Egg Bread, Sliced450 g",$3.89ea,,$0.86/ 100g,False,valu_mart,0.0086,g,3.89
bakery,Farmer's Market,"Tea Biscuits, Raisin","Farmer's MarketTea Biscuits, Raisin315 g",$6.29ea,,$2.00/ 100g,False,valu_mart,0.02,g,6.29
bakery,,"6"" Chocolate Brownie Cheesecake","6"" Chocolate Brownie Cheesecake600 g",$18.99ea,,$3.17/ 100g,False,valu_mart,0.0317,g,18.99
bakery,Farmer's Market,Assorted Mini Tarts,Farmer's MarketAssorted Mini Tarts300 g,$7.99ea,,$2.66/ 100g,False,valu_mart,0.026600000000000002,g,7.99
bakery,,Chocolate Dip Donut 2 Pack,Chocolate Dip Donut 2 Pack2x170.0 g,$3.49ea,,$2.05/ 100g,False,valu_mart,0.020499999999999997,g,3.49
bakery,Farmer's Market,Apple Crumble Pie,Farmer's MarketApple Crumble Pie1 kg,$10.99ea,,$1.10/ 100g,False,valu_mart,0.011000000000000001,g,10.99
bakery,,"Bagel, Blueberry","Bagel, Blueberry108 g",$4.29ea,,$3.97/ 100g,False,valu_mart,0.0397,g,4.29
bakery,,"Bagels, Sesame","Bagels, Sesame108 g",$4.29ea,,$3.97/ 100g,False,valu_mart,0.0397,g,4.29
bakery,Farmer's Market,Lemon Cranberry Muffins,Farmer's MarketLemon Cranberry Muffins600 g,$6.99ea,,$1.17/ 100g,False,valu_mart,0.011699999999999999,g,6.99
bakery,Farmer's Market,"Loaf Cake, Cinnamon Swirl","Farmer's MarketLoaf Cake, Cinnamon Swirl390 g",$5.49ea,,$1.41/ 100g,False,valu_mart,0.0141,g,5.49
bakery,Vachon,Jos Louis The Original Cakes,VachonJos Louis The Original Cakes324 g,$4.89ea,,$1.51/ 100g,False,valu_mart,0.0151,g,4.89
bakery,,Pumpernickel Sesame Bagels,Pumpernickel Sesame Bagels600 g,$4.29ea,,$0.72/ 100g,False,valu_mart,0.0072,g,4.29
bakery,Rudolphs,Bavarian Multi-grain Bread,RudolphsBavarian Multi-grain Bread500 g,$4.29ea,,$0.86/ 100g,False,valu_mart,0.0086,g,4.29
bakery,Dimpflmeier,Pumpernickel Bread,DimpflmeierPumpernickel Bread454 g,$3.79ea,,$0.83/ 100g,False,valu_mart,0.0083,g,3.79
bakery,Frontier Bakery,Whole Wheat Greek Pitas,Frontier BakeryWhole Wheat Greek Pitas425 g,$1.59ea,,$0.37/ 100g,False,valu_mart,0.0037,g,1.59
bakery,No Name,White Dinner Roll,No NameWhite Dinner Roll420 g,$3.79ea,,$0.90/ 100g,False,valu_mart,0.009000000000000001,g,3.79
bakery,PC Blue Menu,Everything Bagels 6 Bagels,PC Blue MenuEverything Bagels 6 Bagels336 g,$4.49ea,,$1.23/ 100g,False,valu_mart,0.0123,g,4.49
bakery,DItaliano,Hamburger Buns Brizzolio Extra Soft,DItalianoHamburger Buns Brizzolio Extra Soft528 g,$4.29ea,,$0.81/ 100g,False,valu_mart,0.008100000000000001,g,4.29
bakery,DItaliano,Crustini Buns,DItalianoCrustini Buns568 g,$4.29ea,,$0.76/ 100g,False,valu_mart,0.0076,g,4.29
bakery,President's Choice,Everything Naan Dippers Club Size,President's ChoiceEverything Naan Dippers Club Size410 g,$6.99ea,,$1.70/ 100g,False,valu_mart,0.017,g,6.99
bakery,Dimpflmeier,Rye Bread With Sunflower Seeds,DimpflmeierRye Bread With Sunflower Seeds454 g,$4.99ea,,$1.10/ 100g,False,valu_mart,0.011000000000000001,g,4.99
bakery,DItaliano,Thick Slice Bread 100% Whole Wheat ,DItalianoThick Slice Bread 100% Whole Wheat 675 g,$4.29ea,,$0.64/ 100g,False,valu_mart,0.0064,g,4.29
bakery,School Safe,Muffin Bars Birthday Cake,School SafeMuffin Bars Birthday Cake296 g,$3.99ea,,$1.35/ 100g,False,valu_mart,0.013500000000000002,g,3.99
bakery,President's Choice,Gluten Free Plain Bread Crumbs,President's ChoiceGluten Free Plain Bread Crumbs275 g,$4.09ea,,$1.49/ 100g,False,valu_mart,0.0149,g,4.09
bakery,Old Mill,Cracked Wheat Bread,Old MillCracked Wheat Bread675 g,$2.79ea,,$0.41/ 100g,False,valu_mart,0.0040999999999999995,g,2.79
bakery,President's Choice,European Multi Grain Bread,President's ChoiceEuropean Multi Grain Bread500 g,$3.99ea,,$0.80/ 100g,False,valu_mart,0.008,g,3.99
bakery,President's Choice,Brioche Hot Dog Buns,President's ChoiceBrioche Hot Dog Buns270 g,$4.99ea,,$1.85/ 100g,False,valu_mart,0.018500000000000003,g,4.99
bakery,President's Choice,Gluten Free White Bread,President's ChoiceGluten Free White Bread454 g,$4.29ea,,$0.94/ 100g,False,valu_mart,0.009399999999999999,g,4.29
bakery,ACE,Everything Baguette Bagel,ACEEverything Baguette Bagel360 g,$4.19ea,,$1.16/ 100g,False,valu_mart,0.0116,g,4.19
bakery,ACE,White Gourmet Sausage Bun,ACEWhite Gourmet Sausage Bun340 g,$3.99ea,,$1.17/ 100g,False,valu_mart,0.011699999999999999,g,3.99
bakery,ACE,White Baguette Bagel,ACEWhite Baguette Bagel300 g,$4.19ea,,$1.40/ 100g,False,valu_mart,0.013999999999999999,g,4.19
bakery,ACE,White Gourmet Sausage Bun,ACEWhite Gourmet Sausage Bun340 g,$3.99ea,,$1.17/ 100g,False,valu_mart,0.011699999999999999,g,3.99
bakery,ACE,Organic Granary Sliced Loaf,ACEOrganic Granary Sliced Loaf525 g,$6.19ea,,$1.18/ 100g,False,valu_mart,0.0118,g,6.19
bakery,President's Choice,Original Pizza Crusts,President's ChoiceOriginal Pizza Crusts440 g,$4.49ea,,$0.98/ 100g,False,valu_mart,0.0098,g,4.49
bakery,President's Choice,Protein Tortillas,President's ChoiceProtein Tortillas342 g,$4.29ea,,$1.25/ 100g,False,valu_mart,0.0125,g,4.29
bakery,No Name,Original Mini Pitas,No NameOriginal Mini Pitas170 g,$1.99ea,,$1.17/ 100g,False,valu_mart,0.011699999999999999,g,1.99
bakery,President's Choice,Multigrain Pizza Crusts,President's ChoiceMultigrain Pizza Crusts440 g,$4.49ea,,$0.98/ 100g,False,valu_mart,0.0098,g,4.49
bakery,President's Choice,Appetizer Flatbreads,President's ChoiceAppetizer Flatbreads220 g,$3.29ea,,$1.50/ 100g,False,valu_mart,0.015,g,3.29
bakery,Charlottes,Real Chocolate Brownie Bites,CharlottesReal Chocolate Brownie Bites290 g,$4.99ea,,$1.72/ 100g,False,valu_mart,0.0172,g,4.99
bakery,President's Choice,Mini Naan Traditional 4 Flatbreads,President's ChoiceMini Naan Traditional 4 Flatbreads180 g,$3.49ea,,$1.94/ 100g,False,valu_mart,0.0194,g,3.49
bakery,Wonder,Wrap Me White Flour Tortillas Large ,WonderWrap Me White Flour Tortillas Large 640 g,$4.79ea,,$0.75/ 100g,False,valu_mart,0.0075,g,4.79
bakery,President's Choice,"Flatbread, Original","President's ChoiceFlatbread, Original300 g",$3.29ea,,$1.10/ 100g,False,valu_mart,0.011000000000000001,g,3.29
meat,PC Blue Menu,"Chicken Breast, Boneless Skinless, 3 Pack","PC Blue MenuChicken Breast, Boneless Skinless, 3 Pack1 ea",$12.00ea,,$12.00/ 1ea,False,valu_mart,12.0,,12.00
meat,,Pork Tenderloin Pack of 2,Pork Tenderloin Pack of 2,$14.00(est.)ea,,$13.21/ 1kg,False,valu_mart,0.013210000000000001,g,14.00
meat,PC Blue Menu,"Boneless Skinless Chicken Breasts, 4 Pack","PC Blue MenuBoneless Skinless Chicken Breasts, 4 Pack1 ea",$15.00ea,,$15.00/ 1ea,False,valu_mart,15.0,,15.00
meat,President's Choice,"Pub Recipe Chicken Strips, Fully Cooked","President's ChoicePub Recipe Chicken Strips, Fully Cooked700 g",$5.99ea,,$0.86/ 100g,False,valu_mart,0.0086,g,5.99
meat,,"Beef Striploin Grilling Steak, Club Pack","Beef Striploin Grilling Steak, Club Pack",$35.77(est.)ea,,$37.46/ 1kg,False,valu_mart,0.03746,g,35.77
meat,Schneider,Hickory Smoked Classic Cut Bacon,SchneiderHickory Smoked Classic Cut Bacon375 g,$8.49ea,,$2.26/ 100g,False,valu_mart,0.0226,g,8.49
meat,President's Choice,"Free From Chicken Breast, Boneless, Skinless, Club Pack","President's ChoiceFree From Chicken Breast, Boneless, Skinless, Club Pack",$24.28(est.)ea,,$22.91/ 1kg,False,valu_mart,0.02291,g,24.28
meat,Janes,"Pub Style Chicken Strips, Fully Cooked","JanesPub Style Chicken Strips, Fully Cooked700 g",$12.99ea,,$1.86/ 100g,False,valu_mart,0.018600000000000002,g,12.99
meat,No Name,Mild Sugar-Cured Bacon,No NameMild Sugar-Cured Bacon500 g,$7.49ea,,$1.50/ 100g,False,valu_mart,0.015,g,7.49
meat,,"Beef Ground Medium, Club Pack","Beef Ground Medium, Club Pack",$14.72(est.)ea,,$11.00/ 1kg,False,valu_mart,0.011,g,14.72
meat,PC Blue Menu,Chicken Thighs  boneless Skinless  8 Pack,PC Blue MenuChicken Thighs  boneless Skinless  8 Pack1 ea,$12.00ea,,$12.00/ 1ea,False,valu_mart,12.0,,12.00
meat,President's Choice,"Free From Chicken Breast, Boneless, Skinless","President's ChoiceFree From Chicken Breast, Boneless, Skinless",$12.14(est.)ea,,$23.35/ 1kg,False,valu_mart,0.023350000000000003,g,12.14
meat,,Lean Ground Beef,Lean Ground Beef,$7.27(est.)ea,,$15.41/ 1kg,False,valu_mart,0.01541,g,7.27
meat,PC Blue Menu,Ground Chicken,PC Blue MenuGround Chicken454 g,$7.00ea,,$1.54/ 100g,False,valu_mart,0.0154,g,7.00
meat,Janes,"Pub Style Chicken Nugget, Fully Cooked","JanesPub Style Chicken Nugget, Fully Cooked700 g",$12.99ea,,$1.86/ 100g,False,valu_mart,0.018600000000000002,g,12.99
meat,Maple Leaf,Original Natural Bacon,Maple LeafOriginal Natural Bacon375 g,$8.49ea,,$2.26/ 100g,False,valu_mart,0.0226,g,8.49
meat,No Name,Original Hot Dogs    ,No NameOriginal Hot Dogs    450 g,$4.49ea,,$1.00/ 100g,False,valu_mart,0.01,g,4.49
meat,No Name,Chicken Hot Dogs,No NameChicken Hot Dogs450 g,$2.79ea,,$0.62/ 100g,False,valu_mart,0.0062,g,2.79
meat,No Name,"Bacon, Mild Sugar Cured with Reduced Salt, Uncooked","No NameBacon, Mild Sugar Cured with Reduced Salt, Uncooked500 g",$7.49ea,,$1.50/ 100g,False,valu_mart,0.015,g,7.49
meat,President's Choice,Free From Mild Italian Pork Sausages,President's ChoiceFree From Mild Italian Pork Sausages500 g,$7.49ea,,$1.50/ 100g,False,valu_mart,0.015,g,7.49
meat,President's Choice,"Air Chilled Chicken, Whole","President's ChoiceAir Chilled Chicken, Whole",$9.88(est.)ea,,$5.49/ 1kg,False,valu_mart,0.00549,g,9.88
meat,,"Chicken Leg (Back Attached) , Club Pack","Chicken Leg (Back Attached) , Club Pack",$10.47(est.)ea,,$8.80/ 1kg,False,valu_mart,0.0088,g,10.47
meat,Maple Leaf,Natural Top Dogs Original Hot Dogs,Maple LeafNatural Top Dogs Original Hot Dogs375 g,$6.99ea,,$1.86/ 100g,False,valu_mart,0.018600000000000002,g,6.99
meat,Janes,"Pub Style Chicken Burger, Fully Cooked","JanesPub Style Chicken Burger, Fully Cooked700 g",$12.99ea,,$1.86/ 100g,False,valu_mart,0.018600000000000002,g,12.99
meat,,Beef Striploin Steak,Beef Striploin Steak,$15.75(est.)ea,,$39.66/ 1kg,False,valu_mart,0.039659999999999994,g,15.75
meat,,Beef Ground Lean Club Pack,Beef Ground Lean Club Pack,$15.38(est.)ea,,$13.21/ 1kg,False,valu_mart,0.013210000000000001,g,15.38
meat,,"Pork Loin Chop, Bone In Center Cut","Pork Loin Chop, Bone In Center Cut",$6.05(est.)ea,,$12.10/ 1kg,False,valu_mart,0.0121,g,6.05
meat,,Boneless Pork For Stew,Boneless Pork For Stew,$6.48(est.)ea,,$14.31/ 1kg,False,valu_mart,0.01431,g,6.48
meat,,Pork Loin Rib End Chop,Pork Loin Rib End Chop,$5.40(est.)ea,,$11.00/ 1kg,False,valu_mart,0.011,g,5.40
meat,Schneider,All Beef Hot Dogs,SchneiderAll Beef Hot Dogs375 g,$8.79ea,,$2.34/ 100g,False,valu_mart,0.023399999999999997,g,8.79
meat,President's Choice,Free From Lean Ground Lamb,President's ChoiceFree From Lean Ground Lamb454 g,$13.99ea,,$3.08/ 100g,False,valu_mart,0.0308,g,13.99
meat,,Beef Tenderloin Premium Oven Roast,Beef Tenderloin Premium Oven Roast,$58.45(est.)ea,,$74.93/ 1kg,False,valu_mart,0.07493000000000001,g,58.45
meat,Janes,"Boneless Chicken Bites, Honey Garlic","JanesBoneless Chicken Bites, Honey Garlic710 g",$20.99ea,,$2.96/ 100g,False,valu_mart,0.0296,g,20.99
meat,President's Choice,Nashville Breaded Chicken Bites,President's ChoiceNashville Breaded Chicken Bites700 g,$15.99ea,,$2.28/ 100g,False,valu_mart,0.022799999999999997,g,15.99
meat,Butcher's Choice,Hot Italian Pork Sausages,Butcher's ChoiceHot Italian Pork Sausages1.45 kg,$15.99ea,,$1.10/ 100g,False,valu_mart,0.011000000000000001,g,15.99
meat,Maple Leaf,Mini-Sizzlers Breakfast Sausages,Maple LeafMini-Sizzlers Breakfast Sausages375 g,$8.49ea,,$2.26/ 100g,False,valu_mart,0.0226,g,8.49
meat,The Keg,Prime Rib Beef Burger,The KegPrime Rib Beef Burger1.02 kg,$20.99ea,,$2.06/ 100g,False,valu_mart,0.0206,g,20.99
meat,Lous,Peameal Bacon Original,LousPeameal Bacon Original800 g,$7.99ea,,$1.00/ 100g,False,valu_mart,0.01,g,7.99
meat,,"Pork Loin Chop Boneless Cutlet, Club Pack","Pork Loin Chop Boneless Cutlet, Club Pack",$5.61(est.)ea,,$12.10/ 1kg,False,valu_mart,0.0121,g,5.61
meat,President's Choice,Free From Whole Chicken,President's ChoiceFree From Whole Chicken,$14.87(est.)ea,,$8.80/ 1kg,False,valu_mart,0.0088,g,14.87
meat,Janes,Boneless Chicken Bites,JanesBoneless Chicken Bites710 g,$20.99ea,,$2.96/ 100g,False,valu_mart,0.0296,g,20.99
meat,President's Choice,Honey Barbecue Pork Back Ribs,President's ChoiceHoney Barbecue Pork Back Ribs680 g,$16.99ea,,$2.50/ 100g,False,valu_mart,0.025,g,16.99
meat,Gold Label,Naturally Smokeys Smoked Sausages Made With Natural Ingredients Original,Gold LabelNaturally Smokeys Smoked Sausages Made With Natural Ingredients Original375 g,$5.49ea,,$1.46/ 100g,False,valu_mart,0.0146,g,5.49
meat,Schneider,"Smoked Sausage, Oktoberfest","SchneiderSmoked Sausage, Oktoberfest375 g",$7.79ea,,$2.08/ 100g,False,valu_mart,0.0208,g,7.79
meat,Maple Leaf,Natural Top Dogs BBQ Hot Dogs,Maple LeafNatural Top Dogs BBQ Hot Dogs375 g,$6.99ea,,$1.86/ 100g,False,valu_mart,0.018600000000000002,g,6.99
meat,President's Choice,October Wurst Fully Cooked Pork Sausages,President's ChoiceOctober Wurst Fully Cooked Pork Sausages1 kg,$14.29ea,,$1.43/ 100g,False,valu_mart,0.0143,g,14.29
meat,Pinty's,Chicken Wings Honey & Garlic Flavoured,Pinty'sChicken Wings Honey & Garlic Flavoured780 g,$23.99ea,,$3.08/ 100g,False,valu_mart,0.0308,g,23.99
meat,,Pork Half Loin,Pork Half Loin,$33.00(est.)ea,,$11.00/ 1kg,False,valu_mart,0.011,g,33.00
meat,President's Choice,Too Good To Be Wings Maple Barbecue Boneless Coated Chicken Breast Chunks,President's ChoiceToo Good To Be Wings Maple Barbecue Boneless Coated Chicken Breast Chunks800 g,$15.99ea,,$2.00/ 100g,False,valu_mart,0.02,g,15.99
meat,President's Choice,October Wurst Fully Cooked Pork Sausages,President's ChoiceOctober Wurst Fully Cooked Pork Sausages1 kg,$14.29ea,,$1.43/ 100g,False,valu_mart,0.0143,g,14.29
meat,Schneider,Juicy Jumbos Original Hot Dogs Family Pack,SchneiderJuicy Jumbos Original Hot Dogs Family Pack900 g,$11.99ea,,$1.33/ 100g,False,valu_mart,0.013300000000000001,g,11.99
meat,,Pork Half Loin,Pork Half Loin,$33.00(est.)ea,,$11.00/ 1kg,False,valu_mart,0.011,g,33.00
meat,President's Choice,"Pub Recipe Chicken Strips, Fully Cooked, Club Size","President's ChoicePub Recipe Chicken Strips, Fully Cooked, Club Size1.4 kg",$11.99ea,,$0.86/ 100g,False,valu_mart,0.0086,g,11.99
meat,PC Blue Menu,Angus Burger,PC Blue MenuAngus Burger1.02 kg,$15.99ea,,$1.57/ 100g,False,valu_mart,0.015700000000000002,g,15.99
meat,President's Choice,Free From Bacon Style Turkey,President's ChoiceFree From Bacon Style Turkey300 g,$7.99ea,,$2.66/ 100g,False,valu_mart,0.026600000000000002,g,7.99
meat,President's Choice,Sirloin Beef Meatballs ,President's ChoiceSirloin Beef Meatballs 907 g,$17.49ea,,$1.93/ 100g,False,valu_mart,0.019299999999999998,g,17.49
meat,No Name,Breaded Chicken Cutlettes Chicken Nuggets Club Size,No NameBreaded Chicken Cutlettes Chicken Nuggets Club Size1810 g,$12.49ea,,$0.69/ 100g,False,valu_mart,0.0069,g,12.49
meat,Pinty's,Chicken Wings Honey & Garlic Flavoured,Pinty'sChicken Wings Honey & Garlic Flavoured780 g,$23.99ea,,$3.08/ 100g,False,valu_mart,0.0308,g,23.99
meat,Impossible Foods Inc.,Simulated Meat Burger,Impossible Foods Inc.Simulated Meat Burger340 g,$11.99ea,,$3.53/ 100g,False,valu_mart,0.0353,g,11.99
meat,Butterball,Homestyle Stuffing,ButterballHomestyle Stuffing900 g,$6.99ea,,$0.78/ 100g,False,valu_mart,0.0078000000000000005,g,6.99
meat,President's Choice,World Of Flavours Greek Seasoned Pork Loin Chops,President's ChoiceWorld Of Flavours Greek Seasoned Pork Loin Chops440 g,$10.39ea,,$2.36/ 100g,False,valu_mart,0.0236,g,10.39
meat,,Beef Eye Of Round Fast Fry Steak,Beef Eye Of Round Fast Fry Steak,$5.77(est.)ea,,$22.02/ 1kg,False,valu_mart,0.022019999999999998,g,5.77
meat,Maple Lodge Farms LT,Ultimate Chicken Wiener,Maple Lodge Farms LTUltimate Chicken Wiener900 g,$7.19ea,,$0.80/ 100g,False,valu_mart,0.008,g,7.19
meat,President's Choice,Jerk Chicken Wings,President's ChoiceJerk Chicken Wings907 g,$17.49ea,,$1.93/ 100g,False,valu_mart,0.019299999999999998,g,17.49
meat,Maple Lodge Farms LT,Chicken Wiener,Maple Lodge Farms LTChicken Wiener450 g,$3.99ea,,$0.89/ 100g,False,valu_mart,0.0089,g,3.99
meat,President's Choice,Free From Hot Italian Pork Sausages,President's ChoiceFree From Hot Italian Pork Sausages500 g,$7.49ea,,$1.50/ 100g,False,valu_mart,0.015,g,7.49
meat,President's Choice,Free From Original Breakfast Pork Sausages,President's ChoiceFree From Original Breakfast Pork Sausages375 g,$6.99ea,,$1.86/ 100g,False,valu_mart,0.018600000000000002,g,6.99
meat,Johnsonville,Smoked & Fully Cooked Sausages Pure Pork Smoked Bratwurst,JohnsonvilleSmoked & Fully Cooked Sausages Pure Pork Smoked Bratwurst375 g,$6.49ea,,$1.73/ 100g,False,valu_mart,0.0173,g,6.49
meat,,"Pork Rib Roast, Boneless","Pork Rib Roast, Boneless",$7.78(est.)ea,,$8.36/ 1kg,False,valu_mart,0.00836,g,7.78
meat,President's Choice,Gluten Free Chicken Strips,President's ChoiceGluten Free Chicken Strips600 g,$8.49ea,,$1.42/ 100g,False,valu_mart,0.014199999999999999,g,8.49
meat,President's Choice,Butter Infused Young Turkey - Frozen - 3-5 kg,President's ChoiceButter Infused Young Turkey - Frozen - 3-5 kg1 kg,$35.00ea,,,False,valu_mart,35.00,,35.00
meat,President's Choice,Turkey Smokies,President's ChoiceTurkey Smokies300 g,$8.49ea,,$2.83/ 100g,False,valu_mart,0.028300000000000002,g,8.49
meat,President's Choice,"Chicken Wings Club Pack, Honey Garlic","President's ChoiceChicken Wings Club Pack, Honey Garlic1.81 kg",$29.99ea,,$1.66/ 100g,False,valu_mart,0.0166,g,29.99
meat,No Name,Pork Loin Peameal-Style Sliced Cured,No NamePork Loin Peameal-Style Sliced Cured454 g,$6.49ea,,$1.43/ 100g,False,valu_mart,0.0143,g,6.49
meat,,"Extra Lean Ground Beef, Club Pack","Extra Lean Ground Beef, Club Pack",$16.78(est.)ea,,$15.41/ 1kg,False,valu_mart,0.01541,g,16.78
meat,No Name,Pork Cottage Roll,No NamePork Cottage Roll,$15.51(est.)ea,,$10.34/ 1kg,False,valu_mart,0.01034,g,15.51
meat,,Beef Top Sirloin Grilling Steak Boneless,Beef Top Sirloin Grilling Steak Boneless,$8.19(est.)ea,,$17.62/ 1kg,False,valu_mart,0.01762,g,8.19
meat,Schneider,"Smokies, Sharp Cheddar Smoked Sausage","SchneiderSmokies, Sharp Cheddar Smoked Sausage900 g",$15.49ea,,$1.72/ 100g,False,valu_mart,0.0172,g,15.49
meat,,Prime Beef Rib Premium Oven Roast,Prime Beef Rib Premium Oven Roast,$63.13(est.)ea,,$35.25/ 1kg,False,valu_mart,0.03525,g,63.13
meat,President's Choice,Free From Turkey Meatballs,President's ChoiceFree From Turkey Meatballs800 g,$17.49ea,,$2.19/ 100g,False,valu_mart,0.0219,g,17.49
meat,President's Choice,Rosemary & Garlic Rack,President's ChoiceRosemary & Garlic Rack,$34.50(est.)ea,,$68.32/ 1kg,False,valu_mart,0.06831999999999999,g,34.50
meat,President's Choice,Gluten Free Chicken Nuggets,President's ChoiceGluten Free Chicken Nuggets600 g,$8.49ea,,$1.42/ 100g,False,valu_mart,0.014199999999999999,g,8.49
meat,Schneider,Applewood Smoked Brown Sugar Ham,SchneiderApplewood Smoked Brown Sugar Ham700 g,$16.39ea,,$2.34/ 100g,False,valu_mart,0.023399999999999997,g,16.39
meat,Beyond Meat,Beyond Beef Grounds,Beyond MeatBeyond Beef Grounds340 g,$9.99ea,,$2.94/ 100g,False,valu_mart,0.0294,g,9.99
meat,President's Choice,Vermont-Style Maple Flavour Extra Lean Boneless Ham,President's ChoiceVermont-Style Maple Flavour Extra Lean Boneless Ham800 g,$13.99ea,,$1.75/ 100g,False,valu_mart,0.0175,g,13.99
meat,Maple Leaf,"Natural Pork Breakfast Sausage, Fully Cooked","Maple LeafNatural Pork Breakfast Sausage, Fully Cooked300 g",$8.29ea,,$2.76/ 100g,False,valu_mart,0.0276,g,8.29
meat,President's Choice,Plant Based Beefless Ground,President's ChoicePlant Based Beefless Ground340 g,$9.99ea,,$2.94/ 100g,False,valu_mart,0.0294,g,9.99
meat,President's Choice,Honey Garlic Smokies,President's ChoiceHoney Garlic Smokies1 kg,$14.29ea,,$1.43/ 100g,False,valu_mart,0.0143,g,14.29
meat,President's Choice,Nashville-Style Chicken Wings,President's ChoiceNashville-Style Chicken Wings907 g,$15.99ea,$14.99ea,$1.65/ 100g,True,valu_mart,0.0165,g,14.99
meat,President's Choice,Rotisserie-Style Chicken Wings,President's ChoiceRotisserie-Style Chicken Wings907 g,$15.99ea,$14.99ea,$1.65/ 100g,True,valu_mart,0.0165,g,14.99
meat,,Beef Top Sirloin Oven Roast,Beef Top Sirloin Oven Roast,$17.64(est.)ea,,$13.21/ 1kg,False,valu_mart,0.013210000000000001,g,17.64
meat,President's Choice,Worlds of Flavors Carnitas Pork Shoulder,President's ChoiceWorlds of Flavors Carnitas Pork Shoulder900 g,$15.19ea,,$1.69/ 100g,False,valu_mart,0.0169,g,15.19
meat,,Extra Lean Ground Beef,Extra Lean Ground Beef,$7.96(est.)ea,,$17.61/ 1kg,False,valu_mart,0.01761,g,7.96
meat,,Beef Sirloin Tip Steak,Beef Sirloin Tip Steak,$8.79(est.)ea,,$20.92/ 1kg,False,valu_mart,0.02092,g,8.79
meat,Impossible Foods Inc.,Simulated Meat Burger Patties Made From Plants,Impossible Foods Inc.Simulated Meat Burger Patties Made From Plants226 g,$9.49ea,,$4.20/ 100g,False,valu_mart,0.042,g,9.49
meat,,Beef Striploin Fast Fry Steak,Beef Striploin Fast Fry Steak,$12.64(est.)ea,,$41.87/ 1kg,False,valu_mart,0.04187,g,12.64
meat,President's Choice,Worlds of Flavors Carnitas Pork Shoulder,President's ChoiceWorlds of Flavors Carnitas Pork Shoulder900 g,$15.19ea,,$1.69/ 100g,False,valu_mart,0.0169,g,15.19
meat,President's Choice,Vermont-Style Maple Flavour Extra Lean Boneless Ham,President's ChoiceVermont-Style Maple Flavour Extra Lean Boneless Ham800 g,$13.99ea,,$1.75/ 100g,False,valu_mart,0.0175,g,13.99
meat,President's Choice,Rotisserie-Style Chicken Wings,President's ChoiceRotisserie-Style Chicken Wings907 g,$15.99ea,$14.99ea,$1.65/ 100g,True,valu_mart,0.0165,g,14.99
meat,President's Choice,Nashville-Style Chicken Wings,President's ChoiceNashville-Style Chicken Wings907 g,$15.99ea,$14.99ea,$1.65/ 100g,True,valu_mart,0.0165,g,14.99
meat,,Striploin Roast,Striploin Roast,$45.70(est.)ea,,$36.36/ 1kg,False,valu_mart,0.036359999999999996,g,45.70
meat,,Beef Top Sirloin Oven Roast,Beef Top Sirloin Oven Roast,$17.64(est.)ea,,$13.21/ 1kg,False,valu_mart,0.013210000000000001,g,17.64
meat,Impossible Foods Inc.,Simulated Meat Burger Patties Made From Plants,Impossible Foods Inc.Simulated Meat Burger Patties Made From Plants226 g,$9.49ea,,$4.20/ 100g,False,valu_mart,0.042,g,9.49
meat,Pinty's,"Chicken Wings, Honey Roasted Garlic","Pinty'sChicken Wings, Honey Roasted Garlic890 g",$21.99ea,,$2.47/ 100g,False,valu_mart,0.024700000000000003,g,21.99
meat,No Name,All-Beef Wieners,No NameAll-Beef Wieners450 g,$6.50ea,,$1.44/ 100g,False,valu_mart,0.0144,g,6.50
meat,President's Choice,Smokin Stampede Pork Back Ribs ,President's ChoiceSmokin Stampede Pork Back Ribs 680 g,$16.99ea,,$2.50/ 100g,False,valu_mart,0.025,g,16.99
meat,President's Choice,Swedish Beef Meatballs,President's ChoiceSwedish Beef Meatballs907 g,$17.49ea,,$1.93/ 100g,False,valu_mart,0.019299999999999998,g,17.49
meat,PC Blue Menu,Thick & Juicy™ Lean Beef Burgers  ,PC Blue MenuThick & Juicy™ Lean Beef Burgers  1.13 kg,$15.99ea,,$1.42/ 100g,False,valu_mart,0.014199999999999999,g,15.99
meat,Maple Leaf,Original Natural Smoked Ham,Maple LeafOriginal Natural Smoked Ham600 g,$7.99ea,,$1.33/ 100g,False,valu_mart,0.013300000000000001,g,7.99
meat,President's Choice,Kofta Beef Meatballs,President's ChoiceKofta Beef Meatballs454 g,$9.99ea,,$2.20/ 100g,False,valu_mart,0.022000000000000002,g,9.99
meat,President's Choice,Free From Smoked Ham,President's ChoiceFree From Smoked Ham700 g,$14.29ea,,$2.04/ 100g,False,valu_mart,0.0204,g,14.29
meat,PC Blue Menu,Sirloin Beef Burger,PC Blue MenuSirloin Beef Burger1.02 kg,$14.99ea,,$1.47/ 100g,False,valu_mart,0.0147,g,14.99
meat,President's Choice,Cheddar Smokies ,President's ChoiceCheddar Smokies 1 kg,$14.29ea,,$1.43/ 100g,False,valu_mart,0.0143,g,14.29
meat,Maple Leaf,Natural Smoked Black Forest Ham,Maple LeafNatural Smoked Black Forest Ham600 g,$7.99ea,,$1.33/ 100g,False,valu_mart,0.013300000000000001,g,7.99
meat,Johnsonville,Ground Mild Italian Sausage,JohnsonvilleGround Mild Italian Sausage375 g,$6.99ea,,$1.86/ 100g,False,valu_mart,0.018600000000000002,g,6.99
meat,President's Choice,"Free From Split Chicken Wings, Club Pack","President's ChoiceFree From Split Chicken Wings, Club Pack",$16.10(est.)ea,,$15.19/ 1kg,False,valu_mart,0.015189999999999999,g,16.10
meat,President's Choice,"Free From Chicken Drumsticks, Tray Pack","President's ChoiceFree From Chicken Drumsticks, Tray Pack",$5.94(est.)ea,,$11.00/ 1kg,False,valu_mart,0.011,g,5.94
meat,Johnsonville,Original Bratwurst Sausage,JohnsonvilleOriginal Bratwurst Sausage500 g,$7.49ea,,$1.50/ 100g,False,valu_mart,0.015,g,7.49
meat,President's Choice,"Air Chilled Chicken Drumsticks, 8-Pack","President's ChoiceAir Chilled Chicken Drumsticks, 8-Pack1 ea",$10.00ea,,$10.00/ 1ea,False,valu_mart,10.0,,10.00
meat,Montpak,Lean Ground Veal ,MontpakLean Ground Veal 454 g,$7.99ea,,$1.76/ 100g,False,valu_mart,0.0176,g,7.99
meat,,"Stewing Beef, Club Pack","Stewing Beef, Club Pack",$22.16(est.)ea,,$24.22/ 1kg,False,valu_mart,0.02422,g,22.16
meat,President's Choice,Jerk Frenched Chops,President's ChoiceJerk Frenched Chops440 g,$10.39ea,,$2.36/ 100g,False,valu_mart,0.0236,g,10.39
meat,,Beef Eye of Round Marinating Steak,Beef Eye of Round Marinating Steak,$7.30(est.)ea,,$20.92/ 1kg,False,valu_mart,0.02092,g,7.30
meat,Janes,BBQ Chickens Bites,JanesBBQ Chickens Bites710 g,$20.99ea,,$2.96/ 100g,False,valu_mart,0.0296,g,20.99
meat,President's Choice,Plant Based Breakfast Sausage,President's ChoicePlant Based Breakfast Sausage300 g,$8.99ea,,$3.00/ 100g,False,valu_mart,0.03,g,8.99
meat,President's Choice,Thick & Juicy Beef Burgers,President's ChoiceThick & Juicy Beef Burgers2.72 kg,$29.99ea,,$1.10/ 100g,False,valu_mart,0.011000000000000001,g,29.99
meat,,"Chicken Breast Skinless Bone In, Club Pack","Chicken Breast Skinless Bone In, Club Pack",$17.56(est.)ea,,$12.54/ 1kg,False,valu_mart,0.012539999999999999,g,17.56
meat,,"Pork Loin Chop, Boneless Butterfly Cut","Pork Loin Chop, Boneless Butterfly Cut",$5.76(est.)ea,,$13.21/ 1kg,False,valu_mart,0.013210000000000001,g,5.76
meat,President's Choice,Italian Meatballs,President's ChoiceItalian Meatballs600 g,$10.99ea,,$1.83/ 100g,False,valu_mart,0.0183,g,10.99
meat,,Seasoned Veal Meatballs,Seasoned Veal Meatballs,$9.61(est.)ea,,$19.82/ 1kg,False,valu_mart,0.01982,g,9.61
meat,Beyond Meat,Beyond Burger Plant-Based,Beyond MeatBeyond Burger Plant-Based226 g,$7.99ea,,$3.54/ 100g,False,valu_mart,0.0354,g,7.99
meat,Schneider,97% Fat Free Lower Sodium Smoked Ham,Schneider97% Fat Free Lower Sodium Smoked Ham700 g,$16.39ea,,$2.34/ 100g,False,valu_mart,0.023399999999999997,g,16.39
meat,Butterball,Boneless Stuffed Turkey Ball Frozen,ButterballBoneless Stuffed Turkey Ball Frozen1.5 kg,$24.99ea,,$1.67/ 100g,False,valu_mart,0.0167,g,24.99
meat,No Name,"Chicken Wings, Club Pack","No NameChicken Wings, Club Pack1.81 kg",$25.99ea,,$1.44/ 100g,False,valu_mart,0.0144,g,25.99
meat,President's Choice,Butter Infused Young Turkey - Frozen - 5-7 kg,President's ChoiceButter Infused Young Turkey - Frozen - 5-7 kg1 kg,$46.00ea,,,False,valu_mart,46.00,,46.00
meat,Schneider,"Smoked Sausage, Classic Cheddar","SchneiderSmoked Sausage, Classic Cheddar375 g",$7.79ea,,$2.08/ 100g,False,valu_mart,0.0208,g,7.79
meat,President's Choice,World of Flavours Filipino Adobo Pork Stir Fry Strips,President's ChoiceWorld of Flavours Filipino Adobo Pork Stir Fry Strips350 g,$9.99ea,,$2.85/ 100g,False,valu_mart,0.0285,g,9.99
meat,Schneider,Texas BBQ Chicken Wings,SchneiderTexas BBQ Chicken Wings615 g,$16.99ea,,$2.76/ 100g,False,valu_mart,0.0276,g,16.99
meat,Cooks,Premium Lean Hickory Smoked Ham Steak,CooksPremium Lean Hickory Smoked Ham Steak454 g,$6.99ea,,$1.54/ 100g,False,valu_mart,0.0154,g,6.99
meat,,Beef Sirloin Tip Fast Fry,Beef Sirloin Tip Fast Fry,$5.48(est.)ea,,$22.02/ 1kg,False,valu_mart,0.022019999999999998,g,5.48
meat,President's Choice,Butter Infused Young Turkey - Frozen - 7-9kg,President's ChoiceButter Infused Young Turkey - Frozen - 7-9kg1 kg,$62.00ea,,,False,valu_mart,62.00,,62.00
meat,President's Choice,World Of Flavours Greek Seasoned Pork Loin Roast,President's ChoiceWorld Of Flavours Greek Seasoned Pork Loin Roast730 g,$13.49ea,,$1.85/ 100g,False,valu_mart,0.018500000000000003,g,13.49
meat,President's Choice,Plant Based Spicy Italian Sausage,President's ChoicePlant Based Spicy Italian Sausage400 g,$8.99ea,,$2.25/ 100g,False,valu_mart,0.0225,g,8.99
meat,Janes, Turkey Burgers,Janes Turkey Burgers600 g,$12.99ea,,$2.17/ 100g,False,valu_mart,0.0217,g,12.99
meat,Schneider,97% Fat Free Lower Sodium Smoked Ham,Schneider97% Fat Free Lower Sodium Smoked Ham700 g,$16.39ea,,$2.34/ 100g,False,valu_mart,0.023399999999999997,g,16.39
meat,No Name,"Honey Garlic Chicken Wings, Club Pack","No NameHoney Garlic Chicken Wings, Club Pack1.81 kg",$25.99ea,,$1.44/ 100g,False,valu_mart,0.0144,g,25.99
meat,President's Choice,Butter Infused Young Turkey - Frozen - 5-7 kg,President's ChoiceButter Infused Young Turkey - Frozen - 5-7 kg1 kg,$46.00ea,,,False,valu_mart,46.00,,46.00
meat,No Name,"Chicken Wings, Club Pack","No NameChicken Wings, Club Pack1.81 kg",$25.99ea,,$1.44/ 100g,False,valu_mart,0.0144,g,25.99
meat,Schneider,"Smoked Sausage, Classic Cheddar","SchneiderSmoked Sausage, Classic Cheddar375 g",$7.79ea,,$2.08/ 100g,False,valu_mart,0.0208,g,7.79
meat,Schneider,Red Hots Original Hot Dogs,SchneiderRed Hots Original Hot Dogs375 g,$6.99ea,,$1.86/ 100g,False,valu_mart,0.018600000000000002,g,6.99
meat,Lesters,Wieners All Beef,LestersWieners All Beef375 g,$4.99ea,,$1.33/ 100g,False,valu_mart,0.013300000000000001,g,4.99
meat,Schneider,Original Ham Steak,SchneiderOriginal Ham Steak175 g,$4.99ea,,$2.85/ 100g,False,valu_mart,0.0285,g,4.99
meat,President's Choice,"Chicken Wings, Crisp & Crunchy Mild Southern-Style ","President's ChoiceChicken Wings, Crisp & Crunchy Mild Southern-Style 907 g",$15.99ea,$14.99ea,$1.65/ 100g,True,valu_mart,0.0165,g,14.99
meat,President's Choice,Free From Honey Garlic Flavoured Pork Sausages ,President's ChoiceFree From Honey Garlic Flavoured Pork Sausages 500 g,$7.49ea,,$1.50/ 100g,False,valu_mart,0.015,g,7.49
meat,President's Choice,Free From Maple Breakfast Pork Sausages,President's ChoiceFree From Maple Breakfast Pork Sausages375 g,$6.99ea,,$1.86/ 100g,False,valu_mart,0.018600000000000002,g,6.99
meat,,Centre Cut Pork Loin Roast Boneless,Centre Cut Pork Loin Roast Boneless,$10.52(est.)ea,,$8.80/ 1kg,False,valu_mart,0.0088,g,10.52
meat,President's Choice,Medium Buffalo-Style Chicken Wings,President's ChoiceMedium Buffalo-Style Chicken Wings907 g,$15.99ea,$14.99ea,$1.65/ 100g,True,valu_mart,0.0165,g,14.99
meat,President's Choice,Thick & Juicy™ Beef Burgers  ,President's ChoiceThick & Juicy™ Beef Burgers  1.36 kg,$14.99ea,,$1.10/ 100g,False,valu_mart,0.011000000000000001,g,14.99
meat,No Name,"Chicken Wings, Honey Garlic","No NameChicken Wings, Honey Garlic908 g",$14.99ea,,$1.65/ 100g,False,valu_mart,0.0165,g,14.99
meat,Johnsonville,"Smoked Sausage, Cheddar","JohnsonvilleSmoked Sausage, Cheddar375 g",$6.49ea,,$1.73/ 100g,False,valu_mart,0.0173,g,6.49
meat,President's Choice,Free From Wieners,President's ChoiceFree From Wieners375 g,$5.99ea,,$1.60/ 100g,False,valu_mart,0.016,g,5.99
meat,No Name,"Fully Cooked, Breaded Chicken Nuggets Cutlettes","No NameFully Cooked, Breaded Chicken Nuggets Cutlettes908 g",$6.99ea,,$0.77/ 100g,False,valu_mart,0.0077,g,6.99
meat,President's Choice,Gochujang Sweet & Spicy Chicken Wings,President's ChoiceGochujang Sweet & Spicy Chicken Wings907 g,$17.49ea,,$1.93/ 100g,False,valu_mart,0.019299999999999998,g,17.49
meat,Johnsonville,Original Breakfast Sausage,JohnsonvilleOriginal Breakfast Sausage375 g,$6.99ea,,$1.86/ 100g,False,valu_mart,0.018600000000000002,g,6.99
meat,President's Choice,"Free From Chicken Drumsticks, Club Pack","President's ChoiceFree From Chicken Drumsticks, Club Pack",$10.89(est.)ea,,$9.90/ 1kg,False,valu_mart,0.0099,g,10.89
meat,Johnsonville,Maple Breakfast Sausage,JohnsonvilleMaple Breakfast Sausage375 g,$6.99ea,,$1.86/ 100g,False,valu_mart,0.018600000000000002,g,6.99
meat,,Pork Loin Rib Chops Boneless,Pork Loin Rib Chops Boneless,$4.84(est.)ea,,$11.00/ 1kg,False,valu_mart,0.011,g,4.84
meat,,"Ground Pork, Lean","Ground Pork, Lean",$6.34(est.)ea,,$9.90/ 1kg,False,valu_mart,0.0099,g,6.34
meat,President's Choice,World Of Flavours Canadian Maple Apple Butter Roast,President's ChoiceWorld Of Flavours Canadian Maple Apple Butter Roast730 g,$13.49ea,,$1.85/ 100g,False,valu_mart,0.018500000000000003,g,13.49
meat,,Beef Top Sirloin Grilling Cap Steak,Beef Top Sirloin Grilling Cap Steak,$7.79(est.)ea,,$19.82/ 1kg,False,valu_mart,0.01982,g,7.79
meat,President's Choice,Free From Extra Lean Ground Beef,President's ChoiceFree From Extra Lean Ground Beef454 g,$10.00ea,,$2.20/ 100g,False,valu_mart,0.022000000000000002,g,10.00
meat,President's Choice,Everything Seasoned Breaded Chicken Breast Fillets,President's ChoiceEverything Seasoned Breaded Chicken Breast Fillets750 g,$15.99ea,,$2.13/ 100g,False,valu_mart,0.0213,g,15.99
meat,,"Pork Loin Chop Center Chop, Club Pack","Pork Loin Chop Center Chop, Club Pack",$9.78(est.)ea,,$9.90/ 1kg,False,valu_mart,0.0099,g,9.78
meat,President's Choice,Italian Smokies,President's ChoiceItalian Smokies1 kg,$14.29ea,,$1.43/ 100g,False,valu_mart,0.0143,g,14.29
meat,,"Boneless Pork Loin Rib Chops, Club Pack","Boneless Pork Loin Rib Chops, Club Pack",$6.61(est.)ea,,$8.36/ 1kg,False,valu_mart,0.00836,g,6.61
meat,President's Choice,"Chicken Nuggets, Club Pack","President's ChoiceChicken Nuggets, Club Pack1.4 kg",$11.99ea,,$0.86/ 100g,False,valu_mart,0.0086,g,11.99
meat,Butcher's Choice,Pork Shoulder Blade Steak,Butcher's ChoicePork Shoulder Blade Steak,$25.44(est.)ea,,$6.59/ 1kg,False,valu_mart,0.0065899999999999995,g,25.44
meat,,Pork Sirloin Chops Boneless,Pork Sirloin Chops Boneless,$5.47(est.)ea,,$13.21/ 1kg,False,valu_mart,0.013210000000000001,g,5.47
meat,Gold Label,Naturally Smokeys Smoked Sausages Made With Natural Ingredients Cheddar,Gold LabelNaturally Smokeys Smoked Sausages Made With Natural Ingredients Cheddar375 g,$5.49ea,,$1.46/ 100g,False,valu_mart,0.0146,g,5.49
meat,,"Pork Sirloin Chops Boneless, Club Pack","Pork Sirloin Chops Boneless, Club Pack",$12.39(est.)ea,,$12.10/ 1kg,False,valu_mart,0.0121,g,12.39
meat,President's Choice,"Too Good To Be Wings Boneless Chicken Breast Chunks, Butter Buffalo","President's ChoiceToo Good To Be Wings Boneless Chicken Breast Chunks, Butter Buffalo800 g",$15.99ea,,$2.00/ 100g,False,valu_mart,0.02,g,15.99
meat,No Name,"Chicken Strips, Club Pack","No NameChicken Strips, Club Pack1810 g",$12.49ea,,$0.69/ 100g,False,valu_mart,0.0069,g,12.49
meat,President's Choice,"Too Good To Be Wings, Honey Garlic","President's ChoiceToo Good To Be Wings, Honey Garlic800 g",$15.99ea,,$2.00/ 100g,False,valu_mart,0.02,g,15.99
meat,Butcher's Choice,Mild Italian Pork Sausages,Butcher's ChoiceMild Italian Pork Sausages1.45 kg,$15.99ea,,$1.10/ 100g,False,valu_mart,0.011000000000000001,g,15.99
meat,Pinty's,Buffalo Chicken Wings,Pinty'sBuffalo Chicken Wings780 g,$23.49ea,,$3.01/ 100g,False,valu_mart,0.0301,g,23.49
meat,,"Beef Bottom Blade Pot Roast, Boneless","Beef Bottom Blade Pot Roast, Boneless",$23.98(est.)ea,,$19.82/ 1kg,False,valu_mart,0.01982,g,23.98
meat,President's Choice,Free From Naturally Smoked Fully Cooked Bacon,President's ChoiceFree From Naturally Smoked Fully Cooked Bacon65 g,$7.29ea,,$11.22/ 100g,False,valu_mart,0.11220000000000001,g,7.29
meat,,Beef Top Sirloin Fast Fry Steak,Beef Top Sirloin Fast Fry Steak,$5.23(est.)ea,,$19.82/ 1kg,False,valu_mart,0.01982,g,5.23
meat,,Pork Loin Chop Boneless Club Pack,Pork Loin Chop Boneless Club Pack,$7.59(est.)ea,,$8.80/ 1kg,False,valu_mart,0.0088,g,7.59
meat,President's Choice,Free From Australian Lamb Frenched Rack,President's ChoiceFree From Australian Lamb Frenched Rack,$34.38(est.)ea,,$57.30/ 1kg,False,valu_mart,0.0573,g,34.38
meat,President's Choice,"Butter Infused Stuffed Turkey  5-7 Kg, Frozen","President's ChoiceButter Infused Stuffed Turkey  5-7 Kg, Frozen1 kg",$50.00ea,,,False,valu_mart,50.00,,50.00
meat,,"Pork Loin Butterfly Center Cut Boneless, Club Pack","Pork Loin Butterfly Center Cut Boneless, Club Pack",$7.12(est.)ea,,$11.00/ 1kg,False,valu_mart,0.011,g,7.12
meat,President's Choice,Gluten Free Chicken Burgers,President's ChoiceGluten Free Chicken Burgers600 g,$8.49ea,,$1.42/ 100g,False,valu_mart,0.014199999999999999,g,8.49
meat,No Name,Breaded Chicken Cutlettes Chicken Strips,No NameBreaded Chicken Cutlettes Chicken Strips908 g,$6.99ea,,$0.77/ 100g,False,valu_mart,0.0077,g,6.99
meat,No Name,"Chicken Wings, Mild BBQ","No NameChicken Wings, Mild BBQ908 g",$14.99ea,,$1.65/ 100g,False,valu_mart,0.0165,g,14.99
meat,President's Choice,Thick & Juicy™ Prime Rib Beef Burger,President's ChoiceThick & Juicy™ Prime Rib Beef Burger1.13 kg,$16.99ea,,$1.50/ 100g,False,valu_mart,0.015,g,16.99
meat,President's Choice,Honey Garlic Chicken Wings,President's ChoiceHoney Garlic Chicken Wings907 g,$15.99ea,$14.99ea,$1.65/ 100g,True,valu_mart,0.0165,g,14.99
meat,President's Choice,Dry-Rubbed Sea Salt & Black Pepper Pork Back Ribs,President's ChoiceDry-Rubbed Sea Salt & Black Pepper Pork Back Ribs680 g,$16.99ea,,$2.50/ 100g,False,valu_mart,0.025,g,16.99
meat,President's Choice,Yuzu Citrus Chicken Wings,President's ChoiceYuzu Citrus Chicken Wings907 g,$15.99ea,$14.99ea,$1.65/ 100g,True,valu_mart,0.0165,g,14.99
meat,No Name,"Fully Cooked, Breaded Chicken Burgers","No NameFully Cooked, Breaded Chicken Burgers908 g",$6.99ea,,$0.77/ 100g,False,valu_mart,0.0077,g,6.99
meat,President's Choice,"Air Chilled Chicken Thighs, Bone-in, Skin-on","President's ChoiceAir Chilled Chicken Thighs, Bone-in, Skin-on1 ea",$10.00ea,,$10.00/ 1ea,False,valu_mart,10.0,,10.00
meat,Johnsonville,Honey Garlic Sausage,JohnsonvilleHoney Garlic Sausage500 g,$6.99ea,,$1.40/ 100g,False,valu_mart,0.013999999999999999,g,6.99
meat,Johnsonville,Brown Sugar & Honey Breakfast Sausage,JohnsonvilleBrown Sugar & Honey Breakfast Sausage375 g,$6.99ea,,$1.86/ 100g,False,valu_mart,0.018600000000000002,g,6.99
meat,Johnsonville,Original Breakfast Sausage Rounds,JohnsonvilleOriginal Breakfast Sausage Rounds250 g,$6.99ea,,$2.80/ 100g,False,valu_mart,0.027999999999999997,g,6.99
meat,Pillers,European Wieners,PillersEuropean Wieners450 g,$9.99ea,,$2.22/ 100g,False,valu_mart,0.0222,g,9.99
meat,No Name,Crispy Southern Style Chicken,No NameCrispy Southern Style Chicken1 kg,$16.99ea,,$1.70/ 100g,False,valu_mart,0.017,g,16.99
meat,Beyond Meat,Sausage Mild Italian,Beyond MeatSausage Mild Italian400 g,$9.99ea,,$2.50/ 100g,False,valu_mart,0.025,g,9.99
meat,Maple Leaf,Natural Top Dogs Less Salt Hot Dogs,Maple LeafNatural Top Dogs Less Salt Hot Dogs375 g,$6.99ea,,$1.86/ 100g,False,valu_mart,0.018600000000000002,g,6.99
meat,President's Choice,Free From Ground Chicken,President's ChoiceFree From Ground Chicken454 g,$9.00ea,,$1.98/ 100g,False,valu_mart,0.019799999999999998,g,9.00
meat,President's Choice,Smokin' Honey Fully Cooked Pork Back Ribs,President's ChoiceSmokin' Honey Fully Cooked Pork Back Ribs500 g,$15.49ea,,$3.10/ 100g,False,valu_mart,0.031,g,15.49
meat,President's Choice,Free From Top Sirloin Steak,President's ChoiceFree From Top Sirloin Steak,$14.81(est.)ea,,$35.25/ 1kg,False,valu_mart,0.03525,g,14.81
meat,Schneider,Cheddar Hot Dogs,SchneiderCheddar Hot Dogs375 g,$6.49ea,,$1.73/ 100g,False,valu_mart,0.0173,g,6.49
meat,Schneider,Salt & Cracked Pepper Wings Seasoned & Savoury,SchneiderSalt & Cracked Pepper Wings Seasoned & Savoury615 g,$16.99ea,,$2.76/ 100g,False,valu_mart,0.0276,g,16.99
meat,Maple Leaf,Shredded Chicken Bbq Seasoning,Maple LeafShredded Chicken Bbq Seasoning250 g,$11.49ea,,$4.60/ 100g,False,valu_mart,0.046,g,11.49
meat,President's Choice,World of Flavours Barbecue Seasoned Boneless Beef Blade Roast,President's ChoiceWorld of Flavours Barbecue Seasoned Boneless Beef Blade Roast800 g,$19.99ea,,$2.50/ 100g,False,valu_mart,0.025,g,19.99
meat,President's Choice,"Meatballs, Italian Style","President's ChoiceMeatballs, Italian Style907 g",$17.49ea,,$1.93/ 100g,False,valu_mart,0.019299999999999998,g,17.49
meat,President's Choice,"Fully Cooked Pork Back Ribs, Smokin Stampede","President's ChoiceFully Cooked Pork Back Ribs, Smokin Stampede500 g",$15.49ea,,$3.10/ 100g,False,valu_mart,0.031,g,15.49
meat,,Pork Loin Center Cut Boneless Cutlet,Pork Loin Center Cut Boneless Cutlet,$4.99(est.)ea,,$14.31/ 1kg,False,valu_mart,0.01431,g,4.99
meat,President's Choice,Butter-Infused Stuffed Turkey Crown,President's ChoiceButter-Infused Stuffed Turkey Crown3 kg,$38.99ea,,$1.30/ 100g,False,valu_mart,0.013000000000000001,g,38.99
meat,Beyond Meat,Breakfast Sausage,Beyond MeatBreakfast Sausage235 g,$7.99ea,,$3.40/ 100g,False,valu_mart,0.034,g,7.99
meat,President's Choice,Barbecue Seasoned Pork Shoulder Blade (World Of Flavours ),President's ChoiceBarbecue Seasoned Pork Shoulder Blade (World Of Flavours )900 g,$15.19ea,,$1.69/ 100g,False,valu_mart,0.0169,g,15.19
meat,President's Choice,Plant Based Sweet Italian Sausage,President's ChoicePlant Based Sweet Italian Sausage400 g,$8.99ea,,$2.25/ 100g,False,valu_mart,0.0225,g,8.99
meat,,"Beef Eye of Round Marinating Steak, Club Pack","Beef Eye of Round Marinating Steak, Club Pack",$21.31(est.)ea,,$19.82/ 1kg,False,valu_mart,0.01982,g,21.31
meat,President's Choice,Ham Steak,President's ChoiceHam Steak175 g,$5.49ea,,$3.14/ 100g,False,valu_mart,0.031400000000000004,g,5.49
meat,Schneider,Juicy Jumbos All Beef Hot Dogs,SchneiderJuicy Jumbos All Beef Hot Dogs375 g,$8.99ea,,$2.40/ 100g,False,valu_mart,0.024,g,8.99
meat,Janes,"Pub Style Chicken Fries, Fully Cooked","JanesPub Style Chicken Fries, Fully Cooked700 g",$12.99ea,,$1.86/ 100g,False,valu_mart,0.018600000000000002,g,12.99
meat,,Cook's Portion Ham,Cook's Portion Ham,$36.17(est.)ea,,$8.80/ 1kg,False,valu_mart,0.0088,g,36.17
meat,,Beef Stir Fry Strips,Beef Stir Fry Strips,$7.46(est.)ea,,$24.22/ 1kg,False,valu_mart,0.02422,g,7.46
meat,,"Beef Top Sirloin Grilling Steak, Club Pack","Beef Top Sirloin Grilling Steak, Club Pack",$14.92(est.)ea,,$15.41/ 1kg,False,valu_mart,0.01541,g,14.92
meat,PC Blue Menu,Angus Beef Meatballs,PC Blue MenuAngus Beef Meatballs907 g,$17.49ea,,$1.93/ 100g,False,valu_mart,0.019299999999999998,g,17.49
meat,Maple Leaf,Country Naturals Hot Dogs,Maple LeafCountry Naturals Hot Dogs375 g,$6.99ea,,$1.86/ 100g,False,valu_mart,0.018600000000000002,g,6.99
meat,Maple Leaf,Ready Crisp Fully Cooked Natural Bacon Slices,Maple LeafReady Crisp Fully Cooked Natural Bacon Slices65 g,$8.99ea,,$13.83/ 100g,False,valu_mart,0.1383,g,8.99
meat,Butcher's Choice,Honey Garlic Flavoured Pork Sausages ,Butcher's ChoiceHoney Garlic Flavoured Pork Sausages 1.45 kg,$15.99ea,,$1.10/ 100g,False,valu_mart,0.011000000000000001,g,15.99
meat,President's Choice,Free From Naturally Smoked Fully Cooked Thick Sliced Bacon,President's ChoiceFree From Naturally Smoked Fully Cooked Thick Sliced Bacon65 g,$7.29ea,,$11.22/ 100g,False,valu_mart,0.11220000000000001,g,7.29
meat,Marcangelo,Italian Pork Meatballs,MarcangeloItalian Pork Meatballs1 kg,$14.99ea,,$1.50/ 100g,False,valu_mart,0.015,g,14.99
meat,,"Beef Stewing Cubes, Boneless","Beef Stewing Cubes, Boneless",$11.76(est.)ea,,$26.43/ 1kg,False,valu_mart,0.02643,g,11.76
meat,President's Choice,Free From Australian Lamb Spiedini 24 Skewers,President's ChoiceFree From Australian Lamb Spiedini 24 Skewers480 g,$26.99ea,,$5.62/ 100g,False,valu_mart,0.0562,g,26.99
meat,President's Choice,Dry-Rubbed Hardwood-Smoked Chicken Wings,President's ChoiceDry-Rubbed Hardwood-Smoked Chicken Wings800 g,$15.99ea,$14.99ea,$1.87/ 100g,True,valu_mart,0.0187,g,14.99
meat,President's Choice,Free From Crisp & Crunchy Mild Southern-Style Chicken Wings,President's ChoiceFree From Crisp & Crunchy Mild Southern-Style Chicken Wings700 g,$15.99ea,$14.99ea,$2.14/ 100g,True,valu_mart,0.021400000000000002,g,14.99
meat,Janes,"Popcorn Chicken, Fully Cooked","JanesPopcorn Chicken, Fully Cooked700 g",$12.99ea,,$1.86/ 100g,False,valu_mart,0.018600000000000002,g,12.99
meat,President's Choice,Breaded Chicken Strips,President's ChoiceBreaded Chicken Strips600 g,$5.99ea,,$1.00/ 100g,False,valu_mart,0.01,g,5.99
meat,President's Choice,Free From Chorizo Pork Sausages,President's ChoiceFree From Chorizo Pork Sausages500 g,$7.49ea,,$1.50/ 100g,False,valu_mart,0.015,g,7.49
meat,,Beef Eye of Round Oven Roast,Beef Eye of Round Oven Roast,$21.27(est.)ea,,$18.71/ 1kg,False,valu_mart,0.01871,g,21.27
meat,No Name,Beef Burger 4 Oz,No NameBeef Burger 4 Oz1.36 kg,$13.99ea,,$1.03/ 100g,False,valu_mart,0.0103,g,13.99
meat,PC Blue Menu,Italian Beef Meatballs,PC Blue MenuItalian Beef Meatballs907 g,$17.49ea,,$1.93/ 100g,False,valu_mart,0.019299999999999998,g,17.49
meat,President's Choice,Original Smokies,President's ChoiceOriginal Smokies1 kg,$14.29ea,,$1.43/ 100g,False,valu_mart,0.0143,g,14.29
meat,No Name,Salt & Pepper Chicken Wings,No NameSalt & Pepper Chicken Wings908 g,$14.99ea,,$1.65/ 100g,False,valu_mart,0.0165,g,14.99
meat,Maple Leaf,Natural Smoked Honey Ham,Maple LeafNatural Smoked Honey Ham600 g,$15.49ea,,$2.58/ 100g,False,valu_mart,0.0258,g,15.49
meat,Johnsonville,"Smoked Sausage, Buffalo Cheese","JohnsonvilleSmoked Sausage, Buffalo Cheese375 g",$6.49ea,,$1.73/ 100g,False,valu_mart,0.0173,g,6.49
meat,Schneider,Juicy Jumbos Original Hot Dogs,SchneiderJuicy Jumbos Original Hot Dogs450 g,$6.99ea,,$1.55/ 100g,False,valu_mart,0.0155,g,6.99
meat,Johnsonville,Mild Italian Sausage,JohnsonvilleMild Italian Sausage500 g,$7.49ea,,$1.50/ 100g,False,valu_mart,0.015,g,7.49
produce,,"Bananas, Bunch","Bananas, Bunch",$1.75(est.)ea,,$1.52/ 1kg,False,valu_mart,0.00152,g,1.75
produce,Farmer's Market,Yellow Onions,Farmer's MarketYellow Onions3 lb bag,$3.49ea,,$0.26/ 100g,False,valu_mart,0.0026,g,3.49
produce,,Avocados Bag,Avocados Bag1 bag,$4.99ea,,$1.00/ 1ea,False,valu_mart,1.0,,4.99
produce,,Red Peppers    ,Red Peppers    ,$2.90(est.)ea,,$12.10/ 1kg,False,valu_mart,0.0121,g,2.90
produce,Farmer's Market,Carrots,Farmer's MarketCarrots3 lb bag,$3.49ea,,$0.26/ 100g,False,valu_mart,0.0026,g,3.49
produce,,Red Seedless Grapes,Red Seedless Grapes,$10.89(est.)ea,,$11.00/ 1kg,False,valu_mart,0.011,g,10.89
produce,,Ginger,Ginger,$1.85(est.)ea,,$8.80/ 1kg,False,valu_mart,0.0088,g,1.85
produce,,Broccoli Crowns,Broccoli Crowns,$4.18(est.)ea,,$11.00/ 1kg,False,valu_mart,0.011,g,4.18
produce,PC Organics,"Organic Bananas, Bunch","PC OrganicsOrganic Bananas, Bunch",$2.88(est.)ea,,$2.62/ 1kg,False,valu_mart,0.00262,g,2.88
produce,Rooster,Garlic      ,RoosterGarlic      90 g,$1.49ea,,$0.50/ 1ea,False,valu_mart,0.5,,1.49
produce,,Blueberries 1 pint,Blueberries 1 pint340 g,$4.99ea,,$1.47/ 100g,False,valu_mart,0.0147,g,4.99
produce,,Colossal Garlic,Colossal Garlic,$1.98(est.)ea,,$19.82/ 1kg,False,valu_mart,0.01982,g,1.98
produce,Farmer's Market,Grape Tomatoes,Farmer's MarketGrape Tomatoes283 g,$4.99ea,,$1.76/ 100g,False,valu_mart,0.0176,g,4.99
produce,Farmer's Market,Russet Potatoes,Farmer's MarketRusset Potatoes10 lb bag,$3.99ea,,$0.09/ 100g,False,valu_mart,0.0009,g,3.99
produce,,Sweet Onion,Sweet Onion,$3.03(est.)ea,,$6.59/ 1kg,False,valu_mart,0.0065899999999999995,g,3.03
produce,,Organic Dried Figs,Organic Dried Figs250 g,$5.99ea,,$2.40/ 100g,False,valu_mart,0.024,g,5.99
produce,,Organic Raspberries 1/2 pint,Organic Raspberries 1/2 pint170 g,$6.99ea,,$4.11/ 100g,False,valu_mart,0.041100000000000005,g,6.99
produce,,Pearl Onion,Pearl Onion250 g,$2.99ea,,$1.20/ 100g,False,valu_mart,0.012,g,2.99
produce,,Organic Rainbow Carrots,Organic Rainbow Carrots1 bunch,$5.99ea,,$5.99/ 1ea,False,valu_mart,5.99,,5.99
produce,,Platter Veggie Small,Platter Veggie Small850 g,$14.00ea,,$1.61/ 100g,False,valu_mart,0.0161,g,14.00
produce,,Honey Pitted Dates,Honey Pitted Dates350 g,$4.99ea,,$1.43/ 100g,False,valu_mart,0.0143,g,4.99
produce,Marzetti,Marzetti Chocolate Dip 250g,MarzettiMarzetti Chocolate Dip 250g250 g,$5.99ea,,$2.40/ 100g,False,valu_mart,0.024,g,5.99
produce,President's Choice,Cocktail Tomatoes,President's ChoiceCocktail Tomatoes340 g,$5.99ea,,$1.76/ 100g,False,valu_mart,0.0176,g,5.99
produce,,Papaya,Papaya,$5.71(est.)ea,,$4.39/ 1kg,False,valu_mart,0.00439,g,5.71
produce,Greenhouse,Kombucha Ultraviolet Organic    ,GreenhouseKombucha Ultraviolet Organic    340 ml,$4.99ea,,$1.47/ 100ml,False,valu_mart,0.0147,ml,4.99
produce,Renees,Mighty Caesar Dressing,ReneesMighty Caesar Dressing42 g,$0.49ea,,$1.17/ 100g,False,valu_mart,0.011699999999999999,g,0.49
produce,,Black Plums,Black Plums,$0.88(est.)ea,,$8.80/ 1kg,False,valu_mart,0.0088,g,0.88
produce,,Premium Chicken BLT,Premium Chicken BLT340 g,$9.00ea,,$2.69/ 100g,False,valu_mart,0.0269,g,9.00
produce,,Golden Figs,Golden Figs227 g,$4.99ea,,$2.20/ 100g,False,valu_mart,0.022000000000000002,g,4.99
produce,,Coloured Carrots,Coloured Carrots454 g,$3.49ea,,$0.77/ 100g,False,valu_mart,0.0077,g,3.49
produce,Sunrich,Apple Slices,SunrichApple Slices280 g,$4.99ea,,$1.78/ 100g,False,valu_mart,0.0178,g,4.99
produce,President's Choice,Bay Leaf,President's ChoiceBay Leaf28 g,$2.99ea,,,False,valu_mart,2.99,,2.99
produce,,"Steak and Egg Salad , Large","Steak and Egg Salad , Large698 g",$13.00ea,,$1.86/ 100g,False,valu_mart,0.018600000000000002,g,13.00
produce,,Premium Taco Salad,Premium Taco Salad326 g,$9.00ea,,$2.43/ 100g,False,valu_mart,0.024300000000000002,g,9.00
produce,President's Choice,Spring Mix,President's ChoiceSpring Mix0.142 kg,$4.99ea,,$3.51/ 100g,False,valu_mart,0.0351,g,4.99
produce,Gourmet Garden,Lemongrass Stir-In Paste,Gourmet GardenLemongrass Stir-In Paste115 g,$5.99ea,,$5.21/ 100g,False,valu_mart,0.0521,g,5.99
produce,,Organic Raspberry Lemon Kombucha,Organic Raspberry Lemon Kombucha355 ml,$3.99ea,,$1.12/ 100ml,False,valu_mart,0.011200000000000002,ml,3.99
produce,,Greek Salad Family Size,Greek Salad Family Size1 kg,$17.00ea,,$1.70/ 100g,False,valu_mart,0.017,g,17.00
produce,PC Organics,Organic Grape Tomatoes,PC OrganicsOrganic Grape Tomatoes255 g,$5.49ea,,$2.15/ 100g,False,valu_mart,0.0215,g,5.49
produce,,SweeTango Apples,SweeTango Apples,$1.38(est.)ea,,$6.59/ 1kg,False,valu_mart,0.0065899999999999995,g,1.38
produce,,Mini Cobb Salad,Mini Cobb Salad155 g,$5.00ea,,$3.23/ 100g,False,valu_mart,0.0323,g,5.00
produce,Greenhouse,Lime Lemongrass Organic Kombucha,GreenhouseLime Lemongrass Organic Kombucha1000 ml,$9.99ea,,$1.00/ 100ml,False,valu_mart,0.01,ml,9.99
produce,President's Choice,Mixed Little Gems,President's ChoiceMixed Little Gems0.68 kg,$3.99ea,,$0.59/ 100g,False,valu_mart,0.0059,g,3.99
produce,Farmer's Market,Red Potatoes 10lb Bag,Farmer's MarketRed Potatoes 10lb Bag10 lb bag,$6.99ea,,$0.15/ 100g,False,valu_mart,0.0015,g,6.99
produce,,Chick Pea/Artichoke/Sundried Tomato Salad,Chick Pea/Artichoke/Sundried Tomato Salad,$7.45(est.)ea,,$21.90/ 1kg,False,valu_mart,0.0219,g,7.45
produce,President's Choice,Mixed Nuts in Shell,President's ChoiceMixed Nuts in Shell0.907 kg,$7.96ea,,$0.88/ 100g,False,valu_mart,0.0088,g,7.96
produce,President's Choice,Dressing Caesar,President's ChoiceDressing Caesar44 ml,$0.49ea,,$1.11/ 100ml,False,valu_mart,0.0111,ml,0.49
produce,,Pumelo ,Pumelo 4.5 kg,$18.88ea,,$0.42/ 100g,False,valu_mart,0.0042,g,18.88
produce,,Pearl Onion,Pearl Onion250 g,$2.99ea,,$1.20/ 100g,False,valu_mart,0.012,g,2.99
produce,,Mini Cobb Salad,Mini Cobb Salad155 g,$5.00ea,,$3.23/ 100g,False,valu_mart,0.0323,g,5.00
produce,Greenhouse,"Raw, Organic Juice Genius","GreenhouseRaw, Organic Juice Genius300 ml",$7.99ea,,$2.66/ 100ml,False,valu_mart,0.026600000000000002,ml,7.99
produce,PC Blue Menu,Unsalted California Pistachios ,PC Blue MenuUnsalted California Pistachios 454 g,$10.99ea,,$2.42/ 100g,False,valu_mart,0.0242,g,10.99
produce,,Golden Figs,Golden Figs227 g,$4.99ea,,$2.20/ 100g,False,valu_mart,0.022000000000000002,g,4.99
produce,,Coloured Carrots,Coloured Carrots454 g,$3.49ea,,$0.77/ 100g,False,valu_mart,0.0077,g,3.49
produce,,SweeTango Apples,SweeTango Apples,$1.38(est.)ea,,$6.59/ 1kg,False,valu_mart,0.0065899999999999995,g,1.38
produce,,Premium Chicken BLT,Premium Chicken BLT340 g,$9.00ea,,$2.69/ 100g,False,valu_mart,0.0269,g,9.00
produce,,Strawberries 2LB,Strawberries 2LB907 g,$8.99ea,,$0.99/ 100g,False,valu_mart,0.009899999999999999,g,8.99
produce,Paramount,"Pistachios, Salt & Pepper","ParamountPistachios, Salt & Pepper200 g",$6.49ea,,$3.25/ 100g,False,valu_mart,0.0325,g,6.49
produce,Gourmet Garden,Chunky Garlic Stir-In Paste,Gourmet GardenChunky Garlic Stir-In Paste115 g,$5.99ea,,$5.21/ 100g,False,valu_mart,0.0521,g,5.99
produce,,Apricots,Apricots,$0.77(est.)ea,,$11.00/ 1kg,False,valu_mart,0.011,g,0.77
produce,,Organic Grapefruit,Organic Grapefruit907 ea,$7.99ea,,$0.88/ 100g,False,valu_mart,0.0088,g,7.99
produce,POM Wonderful,"Pomegranate, Fresh Arils","POM WonderfulPomegranate, Fresh Arils227 g",$9.99ea,,$4.40/ 100g,False,valu_mart,0.044000000000000004,g,9.99
produce,Marzetti,Southwest Ranch Veggie Dip,MarzettiSouthwest Ranch Veggie Dip85 g,$1.49ea,,$1.75/ 100g,False,valu_mart,0.0175,g,1.49
produce,,Blueberry Parfait,Blueberry Parfait290 g,$5.00ea,,$1.92/ 100g,False,valu_mart,0.0192,g,5.00
produce,,Lunch Size Veg and Dip 600G,Lunch Size Veg and Dip 600G1 kg,$8.00ea,,$1.33/ 100g,False,valu_mart,0.013300000000000001,g,8.00
produce,,Carrots & Celery ,Carrots & Celery 240 g,$4.00ea,,$1.67/ 100g,False,valu_mart,0.0167,g,4.00
produce,,Romaine Salad Family Size,Romaine Salad Family Size1 kg,$15.00ea,,$1.50/ 100g,False,valu_mart,0.015,g,15.00
produce,President's Choice,Mini Mixed Potatoes,President's ChoiceMini Mixed Potatoes5 lb bag,$9.99ea,,$0.44/ 100g,False,valu_mart,0.0044,g,9.99
produce,Renees,Mighty Caesar Dressing,ReneesMighty Caesar Dressing42 g,$0.49ea,,$1.17/ 100g,False,valu_mart,0.011699999999999999,g,0.49
produce,,Black Plums,Black Plums,$0.88(est.)ea,,$8.80/ 1kg,False,valu_mart,0.0088,g,0.88
produce,Greenhouse,Kombucha Ultraviolet Organic    ,GreenhouseKombucha Ultraviolet Organic    340 ml,$4.99ea,,$1.47/ 100ml,False,valu_mart,0.0147,ml,4.99
produce,Gourmet Garden,Lemongrass Stir-In Paste,Gourmet GardenLemongrass Stir-In Paste115 g,$5.99ea,,$5.21/ 100g,False,valu_mart,0.0521,g,5.99
produce,PC Organics,Organic King Oyster Sliced Mushrooms,PC OrganicsOrganic King Oyster Sliced Mushrooms200 g,$5.99ea,,$3.00/ 100g,False,valu_mart,0.03,g,5.99
produce,Taylor Farms,Broccoli Crunch Salad Kit,Taylor FarmsBroccoli Crunch Salad Kit360 g,$6.99ea,,$1.94/ 100g,False,valu_mart,0.0194,g,6.99
produce,Farmer's Market,Granny Smith Apples,Farmer's MarketGranny Smith Apples4 lb bag,$11.99ea,,$0.66/ 100g,False,valu_mart,0.0066,g,11.99
produce,,Kiwis,Kiwis1 ea,$1.09ea,,$1.09/ 1ea,False,valu_mart,1.09,,1.09
produce,Bolthouse,Blue Goodness,BolthouseBlue Goodness946 ml,$6.99ea,,$0.74/ 100ml,False,valu_mart,0.0074,ml,6.99
produce,Greenhouse,Ginger Beer,GreenhouseGinger Beer340 ml,$4.99ea,,$1.47/ 100ml,False,valu_mart,0.0147,ml,4.99
produce,,"Chicken Ceasar Salad, Mini No Bacon","Chicken Ceasar Salad, Mini No Bacon135 g",$5.00ea,,$4.17/ 100g,False,valu_mart,0.0417,g,5.00
produce,No Name,Naturally Imperfect Avocados,No NameNaturally Imperfect Avocados3 lb bag,$7.99ea,,$0.59/ 100g,False,valu_mart,0.0059,g,7.99
produce,,Taiwanese Flat Cabbage,Taiwanese Flat Cabbage,$4.96(est.)ea,,$4.39/ 1kg,False,valu_mart,0.00439,g,4.96
produce,,Pummelos,Pummelos1 ea,$4.99ea,$3.88ea,$3.88/ 1ea,True,valu_mart,3.88,,3.88
produce,PC Organics,Granny Smith Apples 3Lb Bag,PC OrganicsGranny Smith Apples 3Lb Bag3 lb bag,$10.99ea,$9.99ea,$0.73/ 100g,True,valu_mart,0.0073,g,9.99
produce,Loop,Cold-Pressed Juice Better Together Grapefruit Orange Ginger,LoopCold-Pressed Juice Better Together Grapefruit Orange Ginger947 ml,$8.99ea,,$0.90/ 100ml,False,valu_mart,0.009000000000000001,ml,8.99
produce,POM Wonderful,100% Pomegranate Juice,POM Wonderful100% Pomegranate Juice1.4 l,$14.99ea,,$1.07/ 100ml,False,valu_mart,0.010700000000000001,ml,14.99
produce,Bolthouse,"Juice, 100% Pomegranate","BolthouseJuice, 100% Pomegranate1.54 l",$12.99ea,,$0.84/ 100ml,False,valu_mart,0.0084,ml,12.99
produce,Remedy,Organic Mango Passionfruit Kombucha,RemedyOrganic Mango Passionfruit Kombucha700 ml,$4.99ea,,$0.71/ 100ml,False,valu_mart,0.0070999999999999995,ml,4.99
produce,President's Choice,Mixed Greens,President's ChoiceMixed Greens0.34 kg,$4.49ea,,$1.32/ 100g,False,valu_mart,0.0132,g,4.49
produce,Remedy,Peach Kombucha,RemedyPeach Kombucha700 ml,$4.99ea,,$0.71/ 100ml,False,valu_mart,0.0070999999999999995,ml,4.99
produce,Loop,Cold-Pressed Juice Magic Sip,LoopCold-Pressed Juice Magic Sip1000 ml,$8.99ea,,$8.99/ 100ml,False,valu_mart,0.08990000000000001,ml,8.99
produce,Loop,Morning Glory Juice    ,LoopMorning Glory Juice    947 ml,$8.99ea,,$0.90/ 100ml,False,valu_mart,0.009000000000000001,ml,8.99
produce,Greenhouse,Organic Booster Lullaby,GreenhouseOrganic Booster Lullaby60 ml,$3.99ea,,$6.65/ 100ml,False,valu_mart,0.0665,ml,3.99
produce,Marzetti,"Veggie Dip, Ranch","MarzettiVeggie Dip, Ranch340 g",$5.99ea,,$1.76/ 100g,False,valu_mart,0.0176,g,5.99
produce,Well,Ink. Lemonade Charcoal    ,WellInk. Lemonade Charcoal    333 ml,$5.99ea,,$1.80/ 100ml,False,valu_mart,0.018000000000000002,ml,5.99
produce,Bolthouse,Green Goodness,BolthouseGreen Goodness1.54 l,$9.99ea,,$0.65/ 100ml,False,valu_mart,0.006500000000000001,ml,9.99
produce,PC Organics,Rose Spring Salad Mix,PC OrganicsRose Spring Salad Mix142 g,$5.99ea,,$4.22/ 100g,False,valu_mart,0.042199999999999994,g,5.99
produce,Remedy,Peach Kombucha,RemedyPeach Kombucha700 ml,$4.99ea,,$0.71/ 100ml,False,valu_mart,0.0070999999999999995,ml,4.99
produce,Loop,Cold-Pressed Juice Magic Sip,LoopCold-Pressed Juice Magic Sip1000 ml,$8.99ea,,$8.99/ 100ml,False,valu_mart,0.08990000000000001,ml,8.99
produce,Loop,Morning Glory Juice    ,LoopMorning Glory Juice    947 ml,$8.99ea,,$0.90/ 100ml,False,valu_mart,0.009000000000000001,ml,8.99
produce,,Red Cherries,Red Cherries,$17.64(est.)ea,$13.71(est.)ea,$15.41/ 1kg,True,valu_mart,0.01541,g,13.71
produce,Farmer's Market,Red Grapefruit,Farmer's MarketRed Grapefruit3 lb bag,$6.99ea,,$0.51/ 100g,False,valu_mart,0.0051,g,6.99
produce,,"Fresh Dill, Baby","Fresh Dill, Baby1 bunch",$3.99ea,,$3.99/ 1ea,False,valu_mart,3.99,,3.99
produce,,McIntosh Apples,McIntosh Apples,$1.32(est.)ea,,$6.59/ 1kg,False,valu_mart,0.0065899999999999995,g,1.32
produce,,Curly Parsley,Curly Parsley1 bunch,$2.69ea,,$2.69/ 1ea,False,valu_mart,2.69,,2.69
produce,,Italian Parsley,Italian Parsley1 bunch,$2.69ea,,$2.69/ 1ea,False,valu_mart,2.69,,2.69
produce,No Name,Brown Mushrooms,No NameBrown Mushrooms680 g,$4.99ea,,$0.73/ 100g,False,valu_mart,0.0073,g,4.99
produce,,French Beans,French Beans400 g,$5.99ea,,$1.50/ 100g,False,valu_mart,0.015,g,5.99
produce,Farmer's Market,Cucumbers 11 count,Farmer's MarketCucumbers 11 count750 g,$8.99ea,,$0.82/ 1ea,False,valu_mart,0.82,,8.99
produce,,Chicken Caesar Salad Family Size,Chicken Caesar Salad Family Size950 kg,$17.00ea,,$1.79/ 100g,False,valu_mart,0.0179,g,17.00
produce,President's Choice,Mini Sweet Potatoes,President's ChoiceMini Sweet Potatoes1.5 lb bag,$4.99ea,,$0.73/ 100g,False,valu_mart,0.0073,g,4.99
produce,,Pineapple Cubed Large,Pineapple Cubed Large1 kg,$10.00ea,,$1.29/ 100g,False,valu_mart,0.0129,g,10.00
produce,President's Choice,Anaheim Hot Peppers,President's ChoiceAnaheim Hot Peppers170 g,$5.99ea,,$3.52/ 100g,False,valu_mart,0.0352,g,5.99
produce,President's Choice,Live Lettuce Boston,President's ChoiceLive Lettuce Boston1 ea,$2.99ea,,$2.99/ 1ea,False,valu_mart,2.99,,2.99
produce,,Sweet Tango Apple,Sweet Tango Apple2 lb,$4.99ea,,$4.99/ 1ea,False,valu_mart,4.99,,4.99
produce,Bolthouse,Green Goodness,BolthouseGreen Goodness450 ml,$5.49ea,,$1.22/ 100ml,False,valu_mart,0.012199999999999999,ml,5.49
produce,PC Organics,Organics Whole Cremini Mushrooms,PC OrganicsOrganics Whole Cremini Mushrooms227 g,$3.69ea,,$1.63/ 100g,False,valu_mart,0.0163,g,3.69
produce,,Premium Garden Veg Romaine,Premium Garden Veg Romaine310 g,$9.00ea,,$2.90/ 100g,False,valu_mart,0.028999999999999998,g,9.00
produce,GoodLeaf,Good Leaf Baby Arugula,GoodLeafGood Leaf Baby Arugula142 g,$6.49ea,,$4.57/ 100g,False,valu_mart,0.045700000000000005,g,6.49
produce,,Lebanese Tabbouleh Salad,Lebanese Tabbouleh Salad,$5.51(est.)ea,,$14.90/ 1kg,False,valu_mart,0.0149,g,5.51
produce,,Bard Valley Natural Delights Pitted Medjool Dates,Bard Valley Natural Delights Pitted Medjool Dates340 g,$10.99ea,,$3.23/ 100g,False,valu_mart,0.0323,g,10.99
produce,PC Organics,Organics Whole Oyster Mushrooms,PC OrganicsOrganics Whole Oyster Mushrooms100 g,$3.99ea,,$3.99/ 100g,False,valu_mart,0.039900000000000005,g,3.99
produce,,D'Anjou Pears,D'Anjou Pears,$1.85(est.)ea,,$7.69/ 1kg,False,valu_mart,0.007690000000000001,g,1.85
produce,PC Blue Menu,Blue Menu Unsalted Virginia Peanuts,PC Blue MenuBlue Menu Unsalted Virginia Peanuts454 g,$3.99ea,,$0.88/ 100g,False,valu_mart,0.0088,g,3.99
produce,,Mini Medjools Sweet & Salty Almond,Mini Medjools Sweet & Salty Almond340 g,$8.99ea,,$2.64/ 100g,False,valu_mart,0.0264,g,8.99
produce,Tiffany Gates,"Cauliflower, Kale & Cranberry Salad","Tiffany GatesCauliflower, Kale & Cranberry Salad",$14.90/1 kg,,$14.90/ 1kg,False,valu_mart,0.0149,g,14.90
produce,,Heirloom Ontario Garlic,Heirloom Ontario Garlic115 g,$3.99ea,,$3.47/ 100g,False,valu_mart,0.0347,g,3.99
produce,President's Choice,Chopped Mexican Style Street Corn Salad Kit,President's ChoiceChopped Mexican Style Street Corn Salad Kit285 g,$6.99ea,,$2.45/ 100g,False,valu_mart,0.0245,g,6.99
produce,,Butternut Squash Crinkle Fries,Butternut Squash Crinkle Fries550 g,$6.00ea,,$1.09/ 100g,False,valu_mart,0.0109,g,6.00
produce,PC Organics,Organic Rosemary,PC OrganicsOrganic Rosemary20 g,$2.99ea,,,False,valu_mart,2.99,,2.99
produce,,Berry Berry Small,Berry Berry Small295 g,$6.00ea,,$0.60/ 100g,False,valu_mart,0.006,g,6.00
produce,President's Choice,Sweet Baby Lettuce,President's ChoiceSweet Baby Lettuce142 g,$4.99ea,,$3.51/ 100g,False,valu_mart,0.0351,g,4.99
produce,,Jazz Apples,Jazz Apples,$1.61(est.)ea,,$7.69/ 1kg,False,valu_mart,0.007690000000000001,g,1.61
produce,7D,Dried Mangos,7DDried Mangos140 g,$9.99ea,,$7.14/ 100g,False,valu_mart,0.07139999999999999,g,9.99
produce,No Name,"Roasted Peanuts, No Salt","No NameRoasted Peanuts, No Salt907 g",$6.99ea,,$0.77/ 100g,False,valu_mart,0.0077,g,6.99
produce,PC Organics,Organic Beefsteak Red Tomato,PC OrganicsOrganic Beefsteak Red Tomato,$3.57(est.)ea,,$13.21/ 1kg,False,valu_mart,0.013210000000000001,g,3.57
produce,PC Organics,Organic Fuji Apples,PC OrganicsOrganic Fuji Apples3 lb bag,$9.99ea,,$0.73/ 100g,False,valu_mart,0.0073,g,9.99
produce,Bolthouse,Strawberry Banana,BolthouseStrawberry Banana450 ml,$5.49ea,,$1.22/ 100ml,False,valu_mart,0.012199999999999999,ml,5.49
produce,Greenhouse,Organic Shake Vanilla Almond Brekky,GreenhouseOrganic Shake Vanilla Almond Brekky300 ml,$7.99ea,,$2.66/ 100g,False,valu_mart,0.026600000000000002,g,7.99
produce,,Carrots & Cucumber ,Carrots & Cucumber 255 g,$4.00ea,,$1.57/ 100g,False,valu_mart,0.015700000000000002,g,4.00
produce,Dole,Chop Chop Kit Tropical Thai,DoleChop Chop Kit Tropical Thai258 g,$6.99ea,,$2.61/ 100g,False,valu_mart,0.026099999999999998,g,6.99
produce,PC Organics,Honeycrisp Apples 3Lb Bag,PC OrganicsHoneycrisp Apples 3Lb Bag1.36 kg,$12.99ea,,$0.96/ 100g,False,valu_mart,0.0096,g,12.99
produce,Farmer's Market,Spartan Apples,Farmer's MarketSpartan Apples4 lb bag,$7.99ea,,$0.44/ 100g,False,valu_mart,0.0044,g,7.99
produce,,"Chanterelle Mushrooms, Dried","Chanterelle Mushrooms, Dried14 g",$5.49ea,,$39.21/ 100g,False,valu_mart,0.3921,g,5.49
produce,,Fresh Coconut Young,Fresh Coconut Young1 ea,$4.99ea,,$4.99/ 1ea,False,valu_mart,4.99,,4.99
produce,,Golden Delicious Apples,Golden Delicious Apples,$1.45(est.)ea,,$6.59/ 1kg,False,valu_mart,0.0065899999999999995,g,1.45
produce,,Carrots & Cucumber ,Carrots & Cucumber 255 g,$4.00ea,,$1.57/ 100g,False,valu_mart,0.015700000000000002,g,4.00
produce,No Name,"Roasted Peanuts, No Salt","No NameRoasted Peanuts, No Salt907 g",$6.99ea,,$0.77/ 100g,False,valu_mart,0.0077,g,6.99
produce,,Jazz Apples,Jazz Apples,$1.61(est.)ea,,$7.69/ 1kg,False,valu_mart,0.007690000000000001,g,1.61
produce,,"Wonderful Pistachios, Shelled","Wonderful Pistachios, Shelled170 g",$8.99ea,,$5.29/ 100g,False,valu_mart,0.0529,g,8.99
produce,Taylor Farms,"Chopped Salad Kit, Steakhouse","Taylor FarmsChopped Salad Kit, Steakhouse365 g",$6.99ea,,$1.92/ 100g,False,valu_mart,0.0192,g,6.99
produce,Farmer's Market,Honeycrisp Apples,Farmer's MarketHoneycrisp Apples4 lb bag,$12.99ea,,$0.72/ 100g,False,valu_mart,0.0072,g,12.99
produce,,Gold Cored Pineapple,Gold Cored Pineapple0.6 kg,$5.99ea,,$1.00/ 100g,False,valu_mart,0.01,g,5.99
produce,President's Choice,Salted California Pistachios,President's ChoiceSalted California Pistachios454 g,$10.99ea,,$2.42/ 100g,False,valu_mart,0.0242,g,10.99
produce,,Black Figs,Black Figs1 ea,$1.99ea,,$1.99/ 1ea,False,valu_mart,1.99,,1.99
produce,,Mini Greek Salad,Mini Greek Salad155 g,$5.00ea,,$3.23/ 100g,False,valu_mart,0.0323,g,5.00
produce,,Hami Melons,Hami Melons,$16.03(est.)ea,,$5.49/ 1kg,False,valu_mart,0.00549,g,16.03
produce,PC Organics,Organic Yellow Potatoes,PC OrganicsOrganic Yellow Potatoes3 lb bag,$4.99ea,,$0.37/ 100g,False,valu_mart,0.0037,g,4.99
produce,PC Organics,Organic Russet Potatoes,PC OrganicsOrganic Russet Potatoes3 lb bag,$4.99ea,,$0.37/ 100g,False,valu_mart,0.0037,g,4.99
produce,,Santa Claus Melons,Santa Claus Melons,$10.44(est.)ea,,$5.49/ 1kg,False,valu_mart,0.00549,g,10.44
produce,President's Choice,"Live Lettuce Red/Green, 2-pack","President's ChoiceLive Lettuce Red/Green, 2-pack1 ea",$5.49ea,,$5.49/ 1ea,False,valu_mart,5.49,,5.49
produce,,Red Seedless Watermelon,Red Seedless Watermelon1 ea,$12.99ea,,$12.99/ 1ea,False,valu_mart,12.99,,12.99
produce,President's Choice,Savory,President's ChoiceSavory28 g,$2.99ea,,,False,valu_mart,2.99,,2.99
produce,,Premium Baby Spinach With Chicken,Premium Baby Spinach With Chicken294 g,$9.00ea,,$2.95/ 100g,False,valu_mart,0.029500000000000002,g,9.00
produce,Farmer's Market,Red Onions,Farmer's MarketRed Onions3 lb bag,$4.99ea,,$0.37/ 100g,False,valu_mart,0.0037,g,4.99
produce,Farmer's Market,Yellow Potato 10lb Bag,Farmer's MarketYellow Potato 10lb Bag10 lb bag,$6.99ea,,$0.15/ 100g,False,valu_mart,0.0015,g,6.99
produce,,"Snack Cup, Veggies & Dip","Snack Cup, Veggies & Dip200 g",$5.00ea,,$2.35/ 100g,False,valu_mart,0.0235,g,5.00
produce,,Organic Dried Apricots,Organic Dried Apricots250 g,$5.99ea,,$2.40/ 100g,False,valu_mart,0.024,g,5.99
produce,Farmer's Market,Mango Red 3Ct,Farmer's MarketMango Red 3Ct3 ea,$5.49ea,,$1.83/ 1ea,False,valu_mart,1.83,,5.49
produce,,Chestnuts,Chestnuts454 g,$8.99ea,,$1.98/ 100g,False,valu_mart,0.019799999999999998,g,8.99
produce,Paramount,Pistachios No Shells Honey Roasted,ParamountPistachios No Shells Honey Roasted155 g,$8.99ea,,$5.80/ 100g,False,valu_mart,0.057999999999999996,g,8.99
produce,,Jamaican Ginger,Jamaican Ginger,$4.05(est.)ea,,$17.61/ 1kg,False,valu_mart,0.01761,g,4.05
produce,,"Garlic, Peeled","Garlic, Peeled250 g",$3.49ea,,$1.40/ 100g,False,valu_mart,0.013999999999999999,g,3.49
produce,President's Choice,Dill,President's ChoiceDill28 g,$2.99ea,,,False,valu_mart,2.99,,2.99
produce,,Greek Yogurt Parfait,Greek Yogurt Parfait290 g,$5.00ea,,$1.72/ 100g,False,valu_mart,0.0172,g,5.00
produce,Bolthouse,Strawberry Banana,BolthouseStrawberry Banana450 ml,$5.49ea,,$1.22/ 100ml,False,valu_mart,0.012199999999999999,ml,5.49
produce,President's Choice,"Meyer Lemon, 1lb","President's ChoiceMeyer Lemon, 1lb454 g",$5.99ea,,$1.32/ 100g,False,valu_mart,0.0132,g,5.99
produce,President's Choice,Tarragon,President's ChoiceTarragon28 g,$2.99ea,,,False,valu_mart,2.99,,2.99
produce,President's Choice,Finger Hot Hot Peppers,President's ChoiceFinger Hot Hot Peppers226 g,$5.99ea,,$2.65/ 100g,False,valu_mart,0.0265,g,5.99
produce,,Berry Berry Small,Berry Berry Small295 g,$6.00ea,,$0.60/ 100g,False,valu_mart,0.006,g,6.00
produce,Farmer's Market,Spartan Apples,Farmer's MarketSpartan Apples4 lb bag,$7.99ea,,$0.44/ 100g,False,valu_mart,0.0044,g,7.99
produce,Gourmet Garden,Italian Herbs Stir-In Paste,Gourmet GardenItalian Herbs Stir-In Paste115 g,$5.99ea,,$5.21/ 100g,False,valu_mart,0.0521,g,5.99
produce,,Small Cubed Cantaloupe,Small Cubed Cantaloupe300 g,$6.00ea,,$2.00/ 100g,False,valu_mart,0.02,g,6.00
produce,Greenhouse,Ginger Tumeric Kombucha,GreenhouseGinger Tumeric Kombucha340 ml,$4.99ea,,$1.47/ 100ml,False,valu_mart,0.0147,ml,4.99
produce,,Sweet Potato Crinkle Fries,Sweet Potato Crinkle Fries500 g,$6.00ea,,$1.20/ 100g,False,valu_mart,0.012,g,6.00
produce,PC Organics,Organic Cremini Mushrooms,PC OrganicsOrganic Cremini Mushrooms680 g,$8.49ea,,$1.25/ 100g,False,valu_mart,0.0125,g,8.49
produce,President's Choice,Oregano,President's ChoiceOregano28 g,$2.99ea,,,False,valu_mart,2.99,,2.99
produce,President's Choice,"Live Lettuce Trio, 2-pack","President's ChoiceLive Lettuce Trio, 2-pack1 ea",$5.49ea,,$5.49/ 1ea,False,valu_mart,5.49,,5.49
produce,,Apple Pazazz,Apple Pazazz1.814 kg,$8.99ea,,$0.50/ 100g,False,valu_mart,0.005,g,8.99
produce,,Fruit Salad Large,Fruit Salad Large750 g,$10.00ea,,$1.33/ 100g,False,valu_mart,0.013300000000000001,g,10.00
produce,President's Choice,"Live Lettuce Green, 2-pack","President's ChoiceLive Lettuce Green, 2-pack1 ea",$5.49ea,,$5.49/ 1ea,False,valu_mart,5.49,,5.49
produce,Tiffany Gates,Chickpea Kale Salad,Tiffany GatesChickpea Kale Salad,$9.86(est.)ea,,$2.19/ 100g,False,valu_mart,0.0219,g,9.86
produce,President's Choice,Garden Salad,President's ChoiceGarden Salad0.34 kg,$4.49ea,,$1.32/ 100g,False,valu_mart,0.0132,g,4.49
produce,Marzetti,"Veggie Dip, Light Ranch","MarzettiVeggie Dip, Light Ranch340 g",$5.99ea,,$1.76/ 100g,False,valu_mart,0.0176,g,5.99
produce,Marzetti,"Veggie Dip, Spinach","MarzettiVeggie Dip, Spinach340 g",$5.99ea,,$1.76/ 100g,False,valu_mart,0.0176,g,5.99
produce,Greenhouse, Fiery Ginger,Greenhouse Fiery Ginger60 ml,$3.99ea,,$6.65/ 100ml,False,valu_mart,0.0665,ml,3.99
produce,Greenhouse,"Raw, Organic Juice Farma-C","GreenhouseRaw, Organic Juice Farma-C300 ml",$7.99ea,,$2.66/ 100ml,False,valu_mart,0.026600000000000002,ml,7.99
produce,Fresh Attitude,Spring Mix Salad with Toppings Single Sized,Fresh AttitudeSpring Mix Salad with Toppings Single Sized155 g,$5.99ea,,$3.86/ 100g,False,valu_mart,0.038599999999999995,g,5.99
produce,Greenhouse,"Raw, Organic Juice Gatsby","GreenhouseRaw, Organic Juice Gatsby300 ml",$7.99ea,,$2.66/ 100ml,False,valu_mart,0.026600000000000002,ml,7.99
produce,Wholly Guacamole,Minis,Wholly GuacamoleMinis227 g,$6.99ea,,$3.08/ 100g,False,valu_mart,0.0308,g,6.99
produce,PC Organics,Baby Arugula,PC OrganicsBaby Arugula142 g,$5.99ea,,$4.22/ 100g,False,valu_mart,0.042199999999999994,g,5.99
produce,Bolthouse,Berry Boost,BolthouseBerry Boost946 ml,$6.99ea,,$0.74/ 100ml,False,valu_mart,0.0074,ml,6.99
produce,Well,Cold Pressed Juice Be Well  ,WellCold Pressed Juice Be Well  333 ml,$5.99ea,,$1.80/ 100ml,False,valu_mart,0.018000000000000002,ml,5.99
produce,Renees,Ranch Refrigerated Dip,ReneesRanch Refrigerated Dip283 g,$5.99ea,,$2.12/ 100g,False,valu_mart,0.0212,g,5.99
produce,Bolthouse,Amazing Mango,BolthouseAmazing Mango946 ml,$6.99ea,,$0.74/ 100ml,False,valu_mart,0.0074,ml,6.99
produce,PC Organics,Gala Apples 3Lb Bag,PC OrganicsGala Apples 3Lb Bag3 lb bag,$10.49ea,$9.99ea,$0.73/ 100g,True,valu_mart,0.0073,g,9.99
produce,,Butternut Squash,Butternut Squash,$9.90(est.)ea,,$6.15/ 1kg,False,valu_mart,0.00615,g,9.90
produce,,Honeydew Melon,Honeydew Melon1 ea,$8.99ea,,$8.99/ 1ea,False,valu_mart,8.99,,8.99
produce,,French Bean,French Bean680 g,$8.99ea,,$1.32/ 100g,False,valu_mart,0.0132,g,8.99
produce,President's Choice,Apple Cider Vin Pouch 45 Ml,President's ChoiceApple Cider Vin Pouch 45 Ml45 ml,$0.49ea,,$1.09/ 100ml,False,valu_mart,0.0109,ml,0.49
produce,PC Organics,Anjou Pears,PC OrganicsAnjou Pears3 lb bag,$9.99ea,,$0.73/ 100g,False,valu_mart,0.0073,g,9.99
produce,,Dates Medjool,Dates Medjool907 g,$14.99ea,,$1.65/ 100g,False,valu_mart,0.0165,g,14.99
produce,Paramount,Pistachios No Shells Roasted Light Salt,ParamountPistachios No Shells Roasted Light Salt170 g,$8.99ea,,$5.29/ 100g,False,valu_mart,0.0529,g,8.99
produce,Greenhouse,"Raw, Organic Juice Deep Roots","GreenhouseRaw, Organic Juice Deep Roots300 ml",$7.99ea,,$2.66/ 100ml,False,valu_mart,0.026600000000000002,ml,7.99
produce,,Cortland Apples,Cortland Apples,$1.38(est.)ea,,$6.59/ 1kg,False,valu_mart,0.0065899999999999995,g,1.38
produce,,Organic Cilantro Bunched,Organic Cilantro Bunched1 ea,$4.99ea,,$4.99/ 1ea,False,valu_mart,4.99,,4.99
produce,,Decadent Strawberry Parfait,Decadent Strawberry Parfait290 g,$5.00ea,,$1.72/ 100g,False,valu_mart,0.0172,g,5.00
produce,,Caribbean Avocado,Caribbean Avocado1 ea,$4.49ea,,$4.49/ 1ea,False,valu_mart,4.49,,4.49
produce,President's Choice,Fresh Poultry Herb Blend,President's ChoiceFresh Poultry Herb Blend28 g,$2.99ea,,,False,valu_mart,2.99,,2.99
produce,,Broccolini,Broccolini1 bunch,$3.99ea,,$3.99/ 1ea,False,valu_mart,3.99,,3.99
produce,,Sweet Nantes Carrots,Sweet Nantes Carrots467 g,$3.49ea,,$0.75/ 100g,False,valu_mart,0.0075,g,3.49
produce,President's Choice,Red Potatoes,President's ChoiceRed Potatoes5 lb bag,$5.99ea,,$0.26/ 100g,False,valu_mart,0.0026,g,5.99
produce,,California Salad,California Salad330 g,$9.00ea,,$2.73/ 100g,False,valu_mart,0.0273,g,9.00
produce,Gourmet Garden,Basil Stir-In Paste,Gourmet GardenBasil Stir-In Paste115 g,$5.99ea,,$5.21/ 100g,False,valu_mart,0.0521,g,5.99
produce,,Organic Green Grapes,Organic Green Grapes1 ea,$9.99ea,,$2.21/ 100g,False,valu_mart,0.022099999999999998,g,9.99
produce,,Grilled Chicken Caesar Salad,Grilled Chicken Caesar Salad,$13.14(est.)ea,,$21.90/ 1kg,False,valu_mart,0.0219,g,13.14
produce,,Honeydew Cubed Small,Honeydew Cubed Small320 g,$6.00ea,,$0.60/ 100g,False,valu_mart,0.006,g,6.00
produce,,Strawberry Parfait,Strawberry Parfait290 g,$5.00ea,,$1.92/ 100g,False,valu_mart,0.0192,g,5.00
produce,,"Spinach, Bunched","Spinach, Bunched1 ea",$3.29ea,,$3.29/ 1ea,False,valu_mart,3.29,,3.29
produce,Love Beets,Organic Cooked Beets,Love BeetsOrganic Cooked Beets250 ea,$5.99ea,,$2.40/ 100g,False,valu_mart,0.024,g,5.99
produce,,"Southwestern Chicken Salad, Family Size","Southwestern Chicken Salad, Family Size1.47 kg",$17.00ea,,$1.23/ 100g,False,valu_mart,0.0123,g,17.00
produce,PC Organics,Organics Baby Cut Carrots,PC OrganicsOrganics Baby Cut Carrots2 lb,$5.99ea,,$0.66/ 100g,False,valu_mart,0.0066,g,5.99
produce,PC Organics,Organics Baby Spinach,PC OrganicsOrganics Baby Spinach312 g,$7.99ea,,$2.56/ 100g,False,valu_mart,0.0256,g,7.99
produce,,Envy Apples,Envy Apples,$1.76(est.)ea,,$8.80/ 1kg,False,valu_mart,0.0088,g,1.76
produce,,Key Limes,Key Limes1 lb bag,$5.99ea,,$1.32/ 100g,False,valu_mart,0.0132,g,5.99
produce,,Cobb with Cheddar Salad Mini,Cobb with Cheddar Salad Mini165 g,$5.00ea,,$3.03/ 100g,False,valu_mart,0.030299999999999997,g,5.00
produce,,Premium Baby Spinach With Fruit & Nuts,Premium Baby Spinach With Fruit & Nuts296 g,$9.00ea,,$3.04/ 100g,False,valu_mart,0.0304,g,9.00
produce,,Organic Kiwi,Organic Kiwi454 g,$5.99ea,,$1.32/ 100g,False,valu_mart,0.0132,g,5.99
produce,President's Choice,Russet Potatoes ,President's ChoiceRusset Potatoes 5 lb bag,$4.99ea,,$0.22/ 100g,False,valu_mart,0.0022,g,4.99
produce,Gourmet Garden,Lightly Dried Cilantro,Gourmet GardenLightly Dried Cilantro10 g,$5.99ea,,$59.90/ 100g,False,valu_mart,0.599,g,5.99
produce,President's Choice,Mini Sweet Peppers,President's ChoiceMini Sweet Peppers454 g,$5.99ea,,$1.32/ 100g,False,valu_mart,0.0132,g,5.99
produce,,Medjool Dates,Medjool Dates454 g,$9.49ea,,$2.09/ 100g,False,valu_mart,0.0209,g,9.49
produce,President's Choice,Poppyseed Pouch 44Ml,President's ChoicePoppyseed Pouch 44Ml44 ml,$0.59ea,,$1.34/ 100ml,False,valu_mart,0.0134,ml,0.59
produce,Farmer's Market,Red Delicious Apples,Farmer's MarketRed Delicious Apples4 lb bag,$7.99ea,,$0.44/ 100g,False,valu_mart,0.0044,g,7.99
produce,Gourmet Garden,Lightly Dried Cilantro,Gourmet GardenLightly Dried Cilantro10 g,$5.99ea,,$59.90/ 100g,False,valu_mart,0.599,g,5.99
produce,,Mixed Melon Cubed Large,Mixed Melon Cubed Large1 kg,$9.00ea,,$1.67/ 100g,False,valu_mart,0.0167,g,9.00
produce,,Premium Baby Spinach With Fruit & Nuts,Premium Baby Spinach With Fruit & Nuts296 g,$9.00ea,,$3.04/ 100g,False,valu_mart,0.0304,g,9.00
produce,President's Choice,Kaki Persimmons,President's ChoiceKaki Persimmons1 ea,$2.99ea,,$2.99/ 1ea,False,valu_mart,2.99,,2.99
produce,Wholly Guacamole,Chunky Bowl ,Wholly GuacamoleChunky Bowl 213 g,$5.99ea,,$2.81/ 100g,False,valu_mart,0.0281,g,5.99
produce,,Grapes Mixed,Grapes Mixed300 g,$5.00ea,,$0.50/ 100g,False,valu_mart,0.005,g,5.00
produce,PC Organics,Organics Baby Cut Carrots,PC OrganicsOrganics Baby Cut Carrots2 lb,$5.99ea,,$0.66/ 100g,False,valu_mart,0.0066,g,5.99
produce,President's Choice,Southwest Salad Kit,President's ChoiceSouthwest Salad Kit369 g,$6.99ea,,$1.89/ 100g,False,valu_mart,0.0189,g,6.99
produce,,Grilled Chicken Caesar Salad,Grilled Chicken Caesar Salad,$13.14(est.)ea,,$21.90/ 1kg,False,valu_mart,0.0219,g,13.14
produce,,Honeydew Cubed Small,Honeydew Cubed Small320 g,$6.00ea,,$0.60/ 100g,False,valu_mart,0.006,g,6.00
produce,,Strawberry Parfait,Strawberry Parfait290 g,$5.00ea,,$1.92/ 100g,False,valu_mart,0.0192,g,5.00
produce,,Organic Orange,Organic Orange907 g,$7.99ea,,$0.88/ 100g,False,valu_mart,0.0088,g,7.99
produce,President's Choice,Russet Potatoes ,President's ChoiceRusset Potatoes 5 lb bag,$4.99ea,,$0.22/ 100g,False,valu_mart,0.0022,g,4.99
produce,,Envy Apples,Envy Apples,$1.76(est.)ea,,$8.80/ 1kg,False,valu_mart,0.0088,g,1.76
produce,,Cobb with Cheddar Salad Mini,Cobb with Cheddar Salad Mini165 g,$5.00ea,,$3.03/ 100g,False,valu_mart,0.030299999999999997,g,5.00
produce,,Carrots & Snap Peas ,Carrots & Snap Peas 250 g,$4.00ea,,$1.60/ 100g,False,valu_mart,0.016,g,4.00
produce,,Red Prince Apple,Red Prince Apple,$1.32(est.)ea,,$6.59/ 1kg,False,valu_mart,0.0065899999999999995,g,1.32
produce,Farmer's Market,Yellow Onions,Farmer's MarketYellow Onions10 lb bag,$7.99ea,,$0.18/ 100g,False,valu_mart,0.0018,g,7.99
produce,President's Choice,Ambrosia Apples,President's ChoiceAmbrosia Apples,$1.69(est.)ea,,$7.69/ 1kg,False,valu_mart,0.007690000000000001,g,1.69
produce,,"Steak and Blue Cheese Salad, Large","Steak and Blue Cheese Salad, Large547 g",$13.00ea,,$2.38/ 100g,False,valu_mart,0.023799999999999998,g,13.00
produce,,Pineapple/Straws Large,Pineapple/Straws Large600 g,$10.00ea,,$1.67/ 100g,False,valu_mart,0.0167,g,10.00
produce,,Yellow Potatoes,Yellow Potatoes,$1.65(est.)ea,,$5.49/ 1kg,False,valu_mart,0.00549,g,1.65
produce,,Shallots,Shallots750 g,$6.49ea,,$0.87/ 100g,False,valu_mart,0.0087,g,6.49
produce,,Organic Green Grapes,Organic Green Grapes1 ea,$9.99ea,,$2.21/ 100g,False,valu_mart,0.022099999999999998,g,9.99
produce,The Little Potato Company,Oven BBQ Ready Garlic Herb Potatoes,The Little Potato CompanyOven BBQ Ready Garlic Herb Potatoes454 g,$4.99ea,,$1.10/ 100g,False,valu_mart,0.011000000000000001,g,4.99
produce,,Snow Peas,Snow Peas200 g,$4.99ea,,$2.50/ 100g,False,valu_mart,0.025,g,4.99
produce,,"Spinach, Kale, Celery Juice","Spinach, Kale, Celery Juice1 ea",$13.00ea,,$13.00/ 1ea,False,valu_mart,13.0,,13.00
produce,Gourmet Garden,Basil Stir-In Paste,Gourmet GardenBasil Stir-In Paste115 g,$5.99ea,,$5.21/ 100g,False,valu_mart,0.0521,g,5.99
produce,,"Morel Mushrooms, Dried","Morel Mushrooms, Dried14 g",$12.99ea,,$92.79/ 100g,False,valu_mart,0.9279000000000001,g,12.99
produce,PC Organics,Organic Green Onions,PC OrganicsOrganic Green Onions1 bunch,$2.29ea,,$2.29/ 1ea,False,valu_mart,2.29,,2.29
produce,,Red Beets,Red Beets2 lb bag,$3.99ea,,$0.44/ 100g,False,valu_mart,0.0044,g,3.99
produce,,Carrots,Carrots,$0.57(est.)ea,,$4.39/ 1kg,False,valu_mart,0.00439,g,0.57
produce,President's Choice,Salted Virginia Peanuts,President's ChoiceSalted Virginia Peanuts454 g,$3.99ea,,$0.88/ 100g,False,valu_mart,0.0088,g,3.99
produce,PC Organics,Organic Lemons,PC OrganicsOrganic Lemons2 lb bag,$8.99ea,,$0.99/ 100g,False,valu_mart,0.009899999999999999,g,8.99
produce,,Packaged Yellow Nectarine,Packaged Yellow Nectarine907 g,$6.99ea,,$0.77/ 100g,False,valu_mart,0.0077,g,6.99
produce,,Cortland Apples,Cortland Apples,$1.38(est.)ea,,$6.59/ 1kg,False,valu_mart,0.0065899999999999995,g,1.38
produce,,California Salad,California Salad330 g,$9.00ea,,$2.73/ 100g,False,valu_mart,0.0273,g,9.00
produce,,"Portobello Mushrooms, Bulk","Portobello Mushrooms, Bulk",$1.85(est.)ea,,$15.41/ 1kg,False,valu_mart,0.01541,g,1.85
produce,The Little Potato Company,Oven BBQ Ready Onion Chive Potatoes,The Little Potato CompanyOven BBQ Ready Onion Chive Potatoes454 g,$4.99ea,,$1.10/ 100g,False,valu_mart,0.011000000000000001,g,4.99
produce,,Mini Garden Cheddar Salad,Mini Garden Cheddar Salad185 g,$5.00ea,,$2.70/ 100g,False,valu_mart,0.027000000000000003,g,5.00
produce,,Yellow Asian Pears,Yellow Asian Pears,$2.82(est.)ea,,$8.80/ 1kg,False,valu_mart,0.0088,g,2.82
produce,No Name,Naturally Imperfect Potatoes 15lb,No NameNaturally Imperfect Potatoes 15lb6804 g,$5.99ea,,$0.09/ 100g,False,valu_mart,0.0009,g,5.99
produce,No Name,Carrots,No NameCarrots2270 g,$3.99ea,,$0.18/ 100g,False,valu_mart,0.0018,g,3.99
produce,,Chicken BLT Salad Mini,Chicken BLT Salad Mini145 g,$5.00ea,,$3.45/ 100g,False,valu_mart,0.0345,g,5.00
produce,Marzetti,Caramel Dip,MarzettiCaramel Dip227 g,$5.99ea,,$2.64/ 100g,False,valu_mart,0.0264,g,5.99
produce,,Yellow Asian Pears,Yellow Asian Pears,$2.82(est.)ea,,$8.80/ 1kg,False,valu_mart,0.0088,g,2.82
produce,President's Choice,Romaine Salad,President's ChoiceRomaine Salad0.255 kg,$4.49ea,,$1.76/ 100g,False,valu_mart,0.0176,g,4.49
produce,Greenhouse,Fiery Ginger Juice,GreenhouseFiery Ginger Juice240 ml,$14.99ea,,$6.25/ 100ml,False,valu_mart,0.0625,ml,14.99
produce,President's Choice,Kale Slaw,President's ChoiceKale Slaw340 g,$4.49ea,,$1.32/ 100g,False,valu_mart,0.0132,g,4.49
produce,POM Wonderful,100% Pomegranate Juice,POM Wonderful100% Pomegranate Juice473 ml,$6.99ea,,$1.48/ 100ml,False,valu_mart,0.0148,ml,6.99
produce,President's Choice,Adora Seedless® Black Grapes,President's ChoiceAdora Seedless® Black Grapes,$15.07(est.)ea,,$11.00/ 1kg,False,valu_mart,0.011,g,15.07
produce,Marzetti,Caramel Dip Snack,MarzettiCaramel Dip Snack6x340.0 g,$6.49ea,,$13.52/ 100g,False,valu_mart,0.1352,g,6.49
produce,Bolthouse,100% Carrot,Bolthouse100% Carrot946 ml,$6.99ea,,$0.74/ 100ml,False,valu_mart,0.0074,ml,6.99
produce,Greenhouse,Plant-Based Collagen Booster Glow,GreenhousePlant-Based Collagen Booster Glow60 ml,$3.99ea,,$6.65/ 100ml,False,valu_mart,0.0665,ml,3.99
produce,Litehouse,Dip Organic Ranch,LitehouseDip Organic Ranch283 g,$5.49ea,,$1.94/ 100g,False,valu_mart,0.0194,g,5.49
produce,Remedy,Kombucha Lemon Lime & Mint  ,RemedyKombucha Lemon Lime & Mint  700 ml,$4.99ea,,$0.71/ 100ml,False,valu_mart,0.0070999999999999995,ml,4.99
produce,Bolthouse,Daily Greens,BolthouseDaily Greens946 ml,$6.99ea,,$0.74/ 100ml,False,valu_mart,0.0074,ml,6.99
produce,Greenhouse,Collagen Booster Glow Multipack,GreenhouseCollagen Booster Glow Multipack4x60.0 ml,$14.99ea,,$6.25/ 100ml,False,valu_mart,0.0625,ml,14.99
produce,Renees,French Onion Refrigerated Dip,ReneesFrench Onion Refrigerated Dip283 g,$5.99ea,,$2.12/ 100g,False,valu_mart,0.0212,g,5.99
produce,PC Organics,Organic Field Greens & Baby Spinach - Salad Mix,PC OrganicsOrganic Field Greens & Baby Spinach - Salad Mix312 g,$7.99ea,,$2.56/ 100g,False,valu_mart,0.0256,g,7.99
produce,,White Onion,White Onion,$2.44(est.)ea,,$6.59/ 1kg,False,valu_mart,0.0065899999999999995,g,2.44
produce,,Baby Spinach,Baby Spinach,$7.05(est.)ea,,$17.62/ 1kg,False,valu_mart,0.01762,g,7.05
produce,,Pineapple,Pineapple1 ea,$4.99ea,,$4.99/ 1ea,False,valu_mart,4.99,,4.99
produce,Sunrich,Sun Rich Sliced Red Apples,SunrichSun Rich Sliced Red Apples595 g,$6.00ea,,$1.01/ 100g,False,valu_mart,0.0101,g,6.00
produce,,Bosc Pears,Bosc Pears,$1.94(est.)ea,,$8.80/ 1kg,False,valu_mart,0.0088,g,1.94
produce,,Snap Peas,Snap Peas200 g,$4.99ea,,$2.50/ 100g,False,valu_mart,0.025,g,4.99
produce,Greenhouse,Ginger Turmeric Organic Kombucha,GreenhouseGinger Turmeric Organic Kombucha1000 ml,$9.99ea,,$1.00/ 100ml,False,valu_mart,0.01,ml,9.99
produce,,Mixed Cut Peppers ,Mixed Cut Peppers 1 kg,$6.00ea,,$1.50/ 100g,False,valu_mart,0.015,g,6.00
produce,,Cheddar & Bacon Potato Salad,Cheddar & Bacon Potato Salad,$8.76(est.)ea,,$21.90/ 1kg,False,valu_mart,0.0219,g,8.76
produce,PC Organics,Organic Mini Carrots 1lb Bag,PC OrganicsOrganic Mini Carrots 1lb Bag1 lb bag,$3.99ea,,$0.88/ 100g,False,valu_mart,0.0088,g,3.99
produce,President's Choice,Sweet Potato,President's ChoiceSweet Potato454 g,$5.49ea,,$1.21/ 100g,False,valu_mart,0.0121,g,5.49
produce,Paramount,"Pistachios, Roasted & Unsalted","ParamountPistachios, Roasted & Unsalted225 g",$6.49ea,,$2.88/ 100g,False,valu_mart,0.0288,g,6.49
produce,PC Blue Menu,Unsalted California Pistachios ,PC Blue MenuUnsalted California Pistachios 225 g,$5.99ea,,$2.66/ 100g,False,valu_mart,0.026600000000000002,g,5.99
produce,President's Choice,Kent Mango,President's ChoiceKent Mango1 ea,$2.99ea,,$2.99/ 1ea,False,valu_mart,2.99,,2.99
produce,,"Green Figs, Case (Case)","Green Figs, Case (Case)1 ea",$15.49c01,,$15.49/ 1ea,False,valu_mart,15.49,,15.49
produce,,Watermelon Cubed Small 300G,Watermelon Cubed Small 300G1 kg,$6.00ea,,$0.60/ 100g,False,valu_mart,0.006,g,6.00
produce,,Apple Cosmic Crisp,Apple Cosmic Crisp,$2.11(est.)ea,,$8.80/ 1kg,False,valu_mart,0.0088,g,2.11
produce,,Cubed Rutabagas,Cubed Rutabagas600 g,$5.00ea,,$0.83/ 100g,False,valu_mart,0.0083,g,5.00
produce,Paramount,Pistachios No Shells Chili Roasted,ParamountPistachios No Shells Chili Roasted155 g,$8.99ea,,$5.80/ 100g,False,valu_mart,0.057999999999999996,g,8.99
produce,POM Wonderful,Fresh Pomegranate Arils,POM WonderfulFresh Pomegranate Arils454 g,$15.99ea,,$3.52/ 100g,False,valu_mart,0.0352,g,15.99
produce,,Organic Iceberg Lettuce,Organic Iceberg Lettuce1 ea,$5.99ea,,$5.99/ 1ea,False,valu_mart,5.99,,5.99
produce,,Brown Asian Pears,Brown Asian Pears,$3.70(est.)ea,,$8.80/ 1kg,False,valu_mart,0.0088,g,3.70
produce,President's Choice,Yellow Hot Hot Peppers,President's ChoiceYellow Hot Hot Peppers226 g,$5.99ea,,$2.65/ 100g,False,valu_mart,0.0265,g,5.99
produce,,Watermelon Cubed Large,Watermelon Cubed Large550 g,$9.00ea,,$1.64/ 100g,False,valu_mart,0.016399999999999998,g,9.00
produce,President's Choice,Blood Oranges,President's ChoiceBlood Oranges907 g,$8.99ea,,$0.99/ 100g,False,valu_mart,0.009899999999999999,g,8.99
produce,President's Choice,Fingerling Potatoes,President's ChoiceFingerling Potatoes680 g,$4.99ea,,$0.73/ 100g,False,valu_mart,0.0073,g,4.99
produce,,Organic Medjool Dates,Organic Medjool Dates454 g,$11.99ea,,$2.64/ 100g,False,valu_mart,0.0264,g,11.99
produce,President's Choice,"Ready Veggie, Kale Blend","President's ChoiceReady Veggie, Kale Blend340 g",$5.99ea,,$1.76/ 100g,False,valu_mart,0.0176,g,5.99
produce,,Sweet Kale Salad Family Size,Sweet Kale Salad Family Size1 ea,$17.00ea,,$17.00/ 1ea,False,valu_mart,17.0,,17.00
produce,,Large Organic Pineapple,Large Organic Pineapple1 ea,$5.99ea,,$5.99/ 1ea,False,valu_mart,5.99,,5.99
produce,,"Snack Cup, Grapes & Cheese","Snack Cup, Grapes & Cheese200 g",$5.00ea,,$2.50/ 100g,False,valu_mart,0.025,g,5.00
produce,Farmer's Market,Empire Apples,Farmer's MarketEmpire Apples4 lb bag,$7.99ea,,$0.44/ 100g,False,valu_mart,0.0044,g,7.99
produce,Gourmet Garden,"Lightly Dried, Ginger Bowl","Gourmet GardenLightly Dried, Ginger Bowl220 g",$5.99ea,,$27.23/ 100g,False,valu_mart,0.2723,g,5.99
produce,The Little Potato Company,Microwave Ready Garlic Parsley Potatoes,The Little Potato CompanyMicrowave Ready Garlic Parsley Potatoes454 g,$4.99ea,,$1.10/ 100g,False,valu_mart,0.011000000000000001,g,4.99
produce,Gourmet Garden,Lightly Dried Basil,Gourmet GardenLightly Dried Basil12 g,$5.99ea,,$49.92/ 100g,False,valu_mart,0.49920000000000003,g,5.99
produce,Manns,Snap Peas,MannsSnap Peas425 g,$8.99ea,,$2.12/ 100g,False,valu_mart,0.0212,g,8.99
produce,,Shiitake Mushrooms,Shiitake Mushrooms,$0.77/25 g,,$3.08/ 100g,False,valu_mart,0.0308,g,0.77
produce,President's Choice,Red Thai Hot Peppers,President's ChoiceRed Thai Hot Peppers75 g,$5.99ea,,$7.99/ 100g,False,valu_mart,0.0799,g,5.99
produce,President's Choice,Sage,President's ChoiceSage28 g,$2.99ea,,,False,valu_mart,2.99,,2.99
produce,President's Choice,Beets Mixed 907G,President's ChoiceBeets Mixed 907G907 g,$3.99ea,,$0.44/ 100g,False,valu_mart,0.0044,g,3.99
produce,President's Choice,Baby Spinach,President's ChoiceBaby Spinach0.142 kg,$4.99ea,,$3.51/ 100g,False,valu_mart,0.0351,g,4.99
produce,,Mango Diced,Mango Diced1 kg,$6.00ea,,$1.60/ 100g,False,valu_mart,0.016,g,6.00
produce,,Cubed Rutabagas,Cubed Rutabagas600 g,$5.00ea,,$0.83/ 100g,False,valu_mart,0.0083,g,5.00
produce,Paramount,Pistachios No Shells Chili Roasted,ParamountPistachios No Shells Chili Roasted155 g,$8.99ea,,$5.80/ 100g,False,valu_mart,0.057999999999999996,g,8.99
produce,PC Blue Menu,Unsalted California Pistachios ,PC Blue MenuUnsalted California Pistachios 225 g,$5.99ea,,$2.66/ 100g,False,valu_mart,0.026600000000000002,g,5.99
produce,,"Green Figs, Case (Case)","Green Figs, Case (Case)1 ea",$15.49c01,,$15.49/ 1ea,False,valu_mart,15.49,,15.49
produce,Farmer's Market,Lemons,Farmer's MarketLemons2 lb bag,$5.99ea,,$0.66/ 100g,False,valu_mart,0.0066,g,5.99
produce,PC Organics,Organic Basil,PC OrganicsOrganic Basil20 g,$2.99ea,,,False,valu_mart,2.99,,2.99
produce,Marzetti,"Fruit Dip, Cream Cheese","MarzettiFruit Dip, Cream Cheese255 g",$5.99ea,,$2.36/ 100g,False,valu_mart,0.0236,g,5.99
produce,,Apple Cosmic Crisp,Apple Cosmic Crisp,$2.11(est.)ea,,$8.80/ 1kg,False,valu_mart,0.0088,g,2.11
produce,,Organic Medjool Dates,Organic Medjool Dates454 g,$11.99ea,,$2.64/ 100g,False,valu_mart,0.0264,g,11.99
produce,POM Wonderful,Fresh Pomegranate Arils,POM WonderfulFresh Pomegranate Arils454 g,$15.99ea,,$3.52/ 100g,False,valu_mart,0.0352,g,15.99
produce,,Organic Iceberg Lettuce,Organic Iceberg Lettuce1 ea,$5.99ea,,$5.99/ 1ea,False,valu_mart,5.99,,5.99
produce,,Brown Asian Pears,Brown Asian Pears,$3.70(est.)ea,,$8.80/ 1kg,False,valu_mart,0.0088,g,3.70
produce,GoodLeaf,Ontario Spring Mix,GoodLeafOntario Spring Mix142 g,$6.49ea,,$4.57/ 100g,False,valu_mart,0.045700000000000005,g,6.49
produce,,Premium Greek Classic,Premium Greek Classic342 g,$9.00ea,,$2.63/ 100g,False,valu_mart,0.0263,g,9.00
produce,,Organic Black Kale,Organic Black Kale1 bunch,$4.99ea,,$1.05/ 100g,False,valu_mart,0.0105,g,4.99
produce,,Savoy Cabbage,Savoy Cabbage,$3.20(est.)ea,,$3.28/ 1kg,False,valu_mart,0.00328,g,3.20
produce,,Organic Red Onions,Organic Red Onions2 lb,$4.99ea,,$0.55/ 100g,False,valu_mart,0.0055000000000000005,g,4.99
produce,The Little Potato Company,"Fresh Creamer Potatoes Roasted Garlic, Rosemary & Thyme","The Little Potato CompanyFresh Creamer Potatoes Roasted Garlic, Rosemary & Thyme454 g",$4.99ea,,$1.10/ 100g,False,valu_mart,0.011000000000000001,g,4.99
produce,,Mixed Fruit Parfait,Mixed Fruit Parfait290 g,$5.00ea,,$1.69/ 100g,False,valu_mart,0.0169,g,5.00
produce,PC Organics,Organic Red Potatoes,PC OrganicsOrganic Red Potatoes3 lb bag,$4.99ea,,$0.37/ 100g,False,valu_mart,0.0037,g,4.99
produce,No Name,Roasted Peanuts In Shell,No NameRoasted Peanuts In Shell2 kg,$11.99ea,,$0.60/ 100g,False,valu_mart,0.006,g,11.99
produce,President's Choice,Yellow Hot Hot Peppers,President's ChoiceYellow Hot Hot Peppers226 g,$5.99ea,,$2.65/ 100g,False,valu_mart,0.0265,g,5.99
produce,,Pumpernickel Snack,Pumpernickel Snack1 ea,$5.00ea,,$5.00/ 1ea,False,valu_mart,5.0,,5.00
produce,President's Choice,Hazelnuts in Shell,President's ChoiceHazelnuts in Shell0.454 kg,$4.96ea,,$1.09/ 100g,False,valu_mart,0.0109,g,4.96
produce,,Yellow Dragon Fruit,Yellow Dragon Fruit1 ea,$5.49ea,,$5.49/ 1ea,False,valu_mart,5.49,,5.49
produce,,Dragon Fruit,Dragon Fruit1 ea,$4.99ea,,$4.99/ 1ea,False,valu_mart,4.99,,4.99
produce,PC Organics,"Kale, Chard and Spinach Salad Mix","PC OrganicsKale, Chard and Spinach Salad Mix142 g",$5.99ea,,$4.22/ 100g,False,valu_mart,0.042199999999999994,g,5.99
produce,,Caesar Salad Mini,Caesar Salad Mini135 g,$5.00ea,,$4.55/ 100g,False,valu_mart,0.0455,g,5.00
produce,,Deluxe Neptune Salad,Deluxe Neptune Salad,$5.93(est.)ea,,$21.90/ 1kg,False,valu_mart,0.0219,g,5.93
produce,,Snack Platter Vegetables,Snack Platter Vegetables300 g,$5.00ea,,$1.67/ 100g,False,valu_mart,0.0167,g,5.00
produce,The Little Potato Company,Microwave Ready Lemon and Garden Herb Potatoes,The Little Potato CompanyMicrowave Ready Lemon and Garden Herb Potatoes454 g,$4.99ea,,$1.10/ 100g,False,valu_mart,0.011000000000000001,g,4.99
produce,President's Choice,Cilantro,President's ChoiceCilantro28 g,$2.99ea,,,False,valu_mart,2.99,,2.99
produce,,Sweet Kale Salad Family Size,Sweet Kale Salad Family Size1 ea,$17.00ea,,$17.00/ 1ea,False,valu_mart,17.0,,17.00
produce,,Garden Salad Mini,Garden Salad Mini165 g,$5.00ea,,$3.03/ 100g,False,valu_mart,0.030299999999999997,g,5.00
produce,President's Choice,Poblano Hot Peppers,President's ChoicePoblano Hot Peppers226 g,$5.99ea,,$2.65/ 100g,False,valu_mart,0.0265,g,5.99
produce,,Red Prince Apple,Red Prince Apple1 ea,$8.99ea,,,False,valu_mart,8.99,,8.99
produce,PC Organics,Gala Apples,PC OrganicsGala Apples,$2.18(est.)ea,,$9.90/ 1kg,False,valu_mart,0.0099,g,2.18
produce,,Watermelon Cubed Large,Watermelon Cubed Large550 g,$9.00ea,,$1.64/ 100g,False,valu_mart,0.016399999999999998,g,9.00
produce,President's Choice,Blood Oranges,President's ChoiceBlood Oranges907 g,$8.99ea,,$0.99/ 100g,False,valu_mart,0.009899999999999999,g,8.99
produce,,Dragon Fruit,Dragon Fruit1 ea,$4.99ea,,$4.99/ 1ea,False,valu_mart,4.99,,4.99
produce,PC Organics,"Kale, Chard and Spinach Salad Mix","PC OrganicsKale, Chard and Spinach Salad Mix142 g",$5.99ea,,$4.22/ 100g,False,valu_mart,0.042199999999999994,g,5.99
produce,,Caesar Salad Mini,Caesar Salad Mini135 g,$5.00ea,,$4.55/ 100g,False,valu_mart,0.0455,g,5.00
produce,Bolthouse,C-Boost,BolthouseC-Boost946 ml,$6.99ea,,$0.74/ 100ml,False,valu_mart,0.0074,ml,6.99
produce,Greenhouse,Organic Dairy Free Shake Rococoa,GreenhouseOrganic Dairy Free Shake Rococoa300 ml,$7.99ea,,$2.66/ 100ml,False,valu_mart,0.026600000000000002,ml,7.99
produce,Eat Smart,Sunflower Kale Vegetable Salad Kit,Eat SmartSunflower Kale Vegetable Salad Kit340 g,$6.49ea,,$1.91/ 100g,False,valu_mart,0.0191,g,6.49
produce,Greenhouse,Organic Booster Farma-C+,GreenhouseOrganic Booster Farma-C+4x60.0 ml,$14.99ea,,$6.25/ 100ml,False,valu_mart,0.0625,ml,14.99
produce,Remedy,Org Kom Rasp Lemn 700Ml  ,RemedyOrg Kom Rasp Lemn 700Ml  700 ml,$4.99ea,,$0.71/ 100ml,False,valu_mart,0.0070999999999999995,ml,4.99
produce,PC Organics,Arugula & Baby Spinach Salad Mix,PC OrganicsArugula & Baby Spinach Salad Mix142 g,$5.99ea,,$4.22/ 100g,False,valu_mart,0.042199999999999994,g,5.99
produce,Remedy,Kombucha Ginger Lemon,RemedyKombucha Ginger Lemon700 ml,$4.99ea,,$0.71/ 100ml,False,valu_mart,0.0070999999999999995,ml,4.99
produce,President's Choice,Chipotle Chop Salad Kit,President's ChoiceChipotle Chop Salad Kit340 g,$6.99ea,,$2.06/ 100g,False,valu_mart,0.0206,g,6.99
produce,Well,Cold Pressed Juice Greens   ,WellCold Pressed Juice Greens   333 ml,$5.99ea,,$1.80/ 100ml,False,valu_mart,0.018000000000000002,ml,5.99
produce,Marzetti,"Veggie Dip, Ranch Snack Pack","MarzettiVeggie Dip, Ranch Snack Pack43 g",$6.99ea,,$16.26/ 100g,False,valu_mart,0.16260000000000002,g,6.99
produce,Bolthouse,100% Carrot,Bolthouse100% Carrot1.54 l,$9.99ea,,$0.65/ 100ml,False,valu_mart,0.006500000000000001,ml,9.99
produce,Greenhouse,Organic Booster Pick-Me-Up,GreenhouseOrganic Booster Pick-Me-Up60 ml,$3.99ea,,$6.65/ 100ml,False,valu_mart,0.0665,ml,3.99
produce,,Bean Sprouts,Bean Sprouts454 g,$2.49ea,,$0.55/ 100g,False,valu_mart,0.0055000000000000005,g,2.49
produce,,Acorn Squash,Acorn Squash,$5.17(est.)ea,,$6.15/ 1kg,False,valu_mart,0.00615,g,5.17
produce,President's Choice,Ruby Little Gems Potatoes,President's ChoiceRuby Little Gems Potatoes0.68 kg,$3.99ea,,$0.59/ 100g,False,valu_mart,0.0059,g,3.99
produce,,Potato Baking Tray,Potato Baking Tray1 ea,$4.99ea,,$4.99/ 1ea,False,valu_mart,4.99,,4.99
produce,,Large Chicken Caesar Salad,Large Chicken Caesar Salad626 g,$12.00ea,,$1.92/ 100g,False,valu_mart,0.0192,g,12.00
produce,,Greek Pasta Olympia Salad,Greek Pasta Olympia Salad,$5.69(est.)ea,,$21.90/ 1kg,False,valu_mart,0.0219,g,5.69
produce,,Brussels Sprouts,Brussels Sprouts454 g,$4.99ea,,$1.10/ 100g,False,valu_mart,0.011000000000000001,g,4.99
produce,President's Choice,Walnuts,President's ChoiceWalnuts0.454 kg,$2.96ea,,$0.65/ 100g,False,valu_mart,0.006500000000000001,g,2.96
produce,,Coconut Rolled Medjool Dates,Coconut Rolled Medjool Dates340 g,$8.99ea,,$2.64/ 100g,False,valu_mart,0.0264,g,8.99
produce,,Premium Caesar Salad,Premium Caesar Salad257 g,$9.00ea,,$3.50/ 100g,False,valu_mart,0.035,g,9.00
produce,,Coconuts,Coconuts1 ea,$2.49ea,,$2.49/ 1ea,False,valu_mart,2.49,,2.49
produce,,Decadent Blueberry Parfait,Decadent Blueberry Parfait290 g,$5.00ea,,$1.72/ 100g,False,valu_mart,0.0172,g,5.00
produce,,Caesar Salad Family Size,Caesar Salad Family Size1 kg,$17.00ea,,$2.30/ 100g,False,valu_mart,0.023,g,17.00
produce,,Organic Green Kale,Organic Green Kale1 bunch,$4.99ea,,$4.99/ 1ea,False,valu_mart,4.99,,4.99
produce,,Walnuts,Walnuts,$0.44/50 g,,$0.88/ 100g,False,valu_mart,0.0088,g,0.44
produce,President's Choice,Basil,President's ChoiceBasil28 g,$2.99ea,,,False,valu_mart,2.99,,2.99
produce,President's Choice,Arugula,President's ChoiceArugula0.142 kg,$4.99ea,,$3.51/ 100g,False,valu_mart,0.0351,g,4.99
produce,President's Choice,Pencil Hot Hot Peppers,President's ChoicePencil Hot Hot Peppers80 g,$5.99ea,,$7.49/ 100g,False,valu_mart,0.07490000000000001,g,5.99
produce,,Pitted Honey Dates,Pitted Honey Dates907 g,$6.99ea,,$0.77/ 100g,False,valu_mart,0.0077,g,6.99
produce,Taylor Farms,"Chopped Salad Kit, Maple Bourbon Bacon","Taylor FarmsChopped Salad Kit, Maple Bourbon Bacon315 g",$6.99ea,,$2.22/ 100g,False,valu_mart,0.0222,g,6.99
produce,,Shishito Peppers,Shishito Peppers227 g,$4.99ea,,$2.20/ 100g,False,valu_mart,0.022000000000000002,g,4.99
produce,,Sweet Onions 3lb Bag,Sweet Onions 3lb Bag3 lb bag,$7.99ea,,$0.59/ 100g,False,valu_mart,0.0059,g,7.99
produce,Love Beets,Cooked Beets,Love BeetsCooked Beets250 g,$5.49ea,,$2.20/ 100g,False,valu_mart,0.022000000000000002,g,5.49
produce,President's Choice,Mint,President's ChoiceMint80 g,$4.29ea,,,False,valu_mart,4.29,,4.29
produce,PC Organics,Organics Multicolour Carrots,PC OrganicsOrganics Multicolour Carrots907 g,$5.49ea,,$0.61/ 100g,False,valu_mart,0.0060999999999999995,g,5.49
produce,,Organic Blackberries,Organic Blackberries170 g,$6.99ea,,$4.11/ 100g,False,valu_mart,0.041100000000000005,g,6.99
produce,,Genuine Coconut Organic Coconut Chunks,Genuine Coconut Organic Coconut Chunks113 g,$5.99ea,,$5.30/ 100g,False,valu_mart,0.053,g,5.99
produce,Bolthouse,Strawberry Banana,BolthouseStrawberry Banana1.54 l,$9.99ea,,$0.65/ 100ml,False,valu_mart,0.006500000000000001,ml,9.99
produce,POM Wonderful,Pomegranate Juice,POM WonderfulPomegranate Juice710 ml,$9.99ea,,$1.41/ 100ml,False,valu_mart,0.0141,ml,9.99
produce,President's Choice,Habanero Hot Peppers,President's ChoiceHabanero Hot Peppers50 g,$5.99ea,,$11.98/ 100g,False,valu_mart,0.1198,g,5.99
produce,,Genuine Coconut Organic Coconut Topping,Genuine Coconut Organic Coconut Topping170 g,$6.99ea,,$4.11/ 100g,False,valu_mart,0.041100000000000005,g,6.99
produce,,Canary Melon,Canary Melon,$5.44(est.)ea,,$0.55/ 100g,False,valu_mart,0.0055000000000000005,g,5.44
produce,President's Choice,Ranch Pouch 44Ml,President's ChoiceRanch Pouch 44Ml44 ml,$0.49ea,,$1.11/ 100ml,False,valu_mart,0.0111,ml,0.49
produce,,Mini Seedless Watermelon,Mini Seedless Watermelon1 ea,$7.99ea,,$7.99/ 1ea,False,valu_mart,7.99,,7.99
produce,Greenhouse,Cranberry Kombucha,GreenhouseCranberry Kombucha340 ml,$4.99ea,,$1.47/ 100ml,False,valu_mart,0.0147,ml,4.99
produce,,Shishito Peppers,Shishito Peppers227 g,$4.99ea,,$2.20/ 100g,False,valu_mart,0.022000000000000002,g,4.99
produce,,Genuine Coconut Organic Coconut Topping,Genuine Coconut Organic Coconut Topping170 g,$6.99ea,,$4.11/ 100g,False,valu_mart,0.041100000000000005,g,6.99
produce,President's Choice,Ruby Little Gems Potatoes,President's ChoiceRuby Little Gems Potatoes0.68 kg,$3.99ea,,$0.59/ 100g,False,valu_mart,0.0059,g,3.99
produce,,Organic Blackberries,Organic Blackberries170 g,$6.99ea,,$4.11/ 100g,False,valu_mart,0.041100000000000005,g,6.99
produce,,Large Chicken Caesar Salad,Large Chicken Caesar Salad626 g,$12.00ea,,$1.92/ 100g,False,valu_mart,0.0192,g,12.00
produce,,Brussels Sprouts,Brussels Sprouts454 g,$4.99ea,,$1.10/ 100g,False,valu_mart,0.011000000000000001,g,4.99
produce,President's Choice,Walnuts,President's ChoiceWalnuts0.454 kg,$2.96ea,,$0.65/ 100g,False,valu_mart,0.006500000000000001,g,2.96
produce,,Sweet Onions 3lb Bag,Sweet Onions 3lb Bag3 lb bag,$7.99ea,,$0.59/ 100g,False,valu_mart,0.0059,g,7.99
produce,President's Choice,Arugula,President's ChoiceArugula0.142 kg,$4.99ea,,$3.51/ 100g,False,valu_mart,0.0351,g,4.99
produce,President's Choice,Pencil Hot Hot Peppers,President's ChoicePencil Hot Hot Peppers80 g,$5.99ea,,$7.49/ 100g,False,valu_mart,0.07490000000000001,g,5.99
produce,,Pitted Honey Dates,Pitted Honey Dates907 g,$6.99ea,,$0.77/ 100g,False,valu_mart,0.0077,g,6.99
produce,Love Beets,Cooked Beets,Love BeetsCooked Beets250 g,$5.49ea,,$2.20/ 100g,False,valu_mart,0.022000000000000002,g,5.49
produce,,Coconuts,Coconuts1 ea,$2.49ea,,$2.49/ 1ea,False,valu_mart,2.49,,2.49
produce,,Large Caesar Salad,Large Caesar Salad558 g,$12.00ea,,$2.41/ 100g,False,valu_mart,0.0241,g,12.00
produce,,Organic Green Kale,Organic Green Kale1 bunch,$4.99ea,,$4.99/ 1ea,False,valu_mart,4.99,,4.99
produce,,Walnuts,Walnuts,$0.44/50 g,,$0.88/ 100g,False,valu_mart,0.0088,g,0.44
produce,Renees,Sweet Chili Refrigerated Dip,ReneesSweet Chili Refrigerated Dip283 g,$5.99ea,,$2.12/ 100g,False,valu_mart,0.0212,g,5.99
produce,The Little Potato Company,Microwave Ready Savoury Herb Potatoes,The Little Potato CompanyMicrowave Ready Savoury Herb Potatoes454 g,$4.99ea,,$1.10/ 100g,False,valu_mart,0.011000000000000001,g,4.99
produce,PC Organics,Organic White Stuffer Mushrooms,PC OrganicsOrganic White Stuffer Mushrooms320 g,$6.49ea,,$2.03/ 100g,False,valu_mart,0.0203,g,6.49
produce,Paramount,"Wonderful Pistachios, Roasted & Salted","ParamountWonderful Pistachios, Roasted & Salted225 g",$6.49ea,,$2.88/ 100g,False,valu_mart,0.0288,g,6.49
produce,,Cobb Salad with Cheddar Chips,Cobb Salad with Cheddar Chips335 g,$9.00ea,,$2.69/ 100g,False,valu_mart,0.0269,g,9.00
produce,PC Organics,Mixiany Cherry Tomatoes,PC OrganicsMixiany Cherry Tomatoes255 g,$4.99ea,,$1.96/ 100g,False,valu_mart,0.0196,g,4.99
produce,,Mixed Dried Mushrooms,Mixed Dried Mushrooms14 g,$5.49ea,,$39.21/ 100g,False,valu_mart,0.3921,g,5.49
produce,,Decadent Blueberry Parfait,Decadent Blueberry Parfait290 g,$5.00ea,,$1.72/ 100g,False,valu_mart,0.0172,g,5.00
produce,,Caesar Salad Family Size,Caesar Salad Family Size1 kg,$17.00ea,,$2.30/ 100g,False,valu_mart,0.023,g,17.00
produce,,Green Swiss Chard,Green Swiss Chard1 bunch,$3.99ea,,$3.99/ 1ea,False,valu_mart,3.99,,3.99
produce,,Coleslaw Yogurt Dressing,Coleslaw Yogurt Dressing,$8.76(est.)ea,,$21.90/ 1kg,False,valu_mart,0.0219,g,8.76
produce,President's Choice,Basil,President's ChoiceBasil28 g,$2.99ea,,,False,valu_mart,2.99,,2.99
produce,Taylor Farms,"Chopped Salad Kit, Maple Bourbon Bacon","Taylor FarmsChopped Salad Kit, Maple Bourbon Bacon315 g",$6.99ea,,$2.22/ 100g,False,valu_mart,0.0222,g,6.99
produce,President's Choice,Mint,President's ChoiceMint80 g,$4.29ea,,,False,valu_mart,4.29,,4.29
produce,PC Organics,Organics Multicolour Carrots,PC OrganicsOrganics Multicolour Carrots907 g,$5.49ea,,$0.61/ 100g,False,valu_mart,0.0060999999999999995,g,5.49
produce,,Baby Spinach,Baby Spinach250 g,$9.00ea,,$3.40/ 100g,False,valu_mart,0.034,g,9.00
produce,Paramount,"No shell Pistachios, Sea Salt & Vinegar","ParamountNo shell Pistachios, Sea Salt & Vinegar155 g",$8.99ea,,$5.80/ 100g,False,valu_mart,0.057999999999999996,g,8.99
produce,,Chocolate Caramel Apples,Chocolate Caramel Apples1 ea,$7.99ea,,$7.99/ 1ea,False,valu_mart,7.99,,7.99
produce,,Coconut Rolled Medjool Dates,Coconut Rolled Medjool Dates340 g,$8.99ea,,$2.64/ 100g,False,valu_mart,0.0264,g,8.99
produce,,Vine Cherry Tomatoes,Vine Cherry Tomatoes255 g,$6.99ea,,$2.74/ 100g,False,valu_mart,0.0274,g,6.99
produce,No Name,Naturally Imperfect Green Peppers 2.5lb Bag,No NameNaturally Imperfect Green Peppers 2.5lb Bag1130 g,$6.99ea,,$6.99/ 1ea,False,valu_mart,6.99,,6.99
produce,,Vero Tomato,Vero Tomato680 g,$6.99ea,,$1.03/ 100g,False,valu_mart,0.0103,g,6.99
produce,Paramount,"Wonderful Pistachios, Sweet Chili","ParamountWonderful Pistachios, Sweet Chili200 g",$6.49ea,,$3.25/ 100g,False,valu_mart,0.0325,g,6.49
produce,,Celery Root,Celery Root,$3.33(est.)ea,,$4.39/ 1kg,False,valu_mart,0.00439,g,3.33
produce,,Fresh Fruit Snack Cup,Fresh Fruit Snack Cup220 g,$5.00ea,,$2.27/ 100g,False,valu_mart,0.0227,g,5.00
produce,PC Organics,Organic Granny Smith Apples,PC OrganicsOrganic Granny Smith Apples,$1.88(est.)ea,,$9.90/ 1kg,False,valu_mart,0.0099,g,1.88
produce,,Premium Caesar Salad,Premium Caesar Salad257 g,$9.00ea,,$3.50/ 100g,False,valu_mart,0.035,g,9.00
produce,President's Choice,Yellow Potatoes,President's ChoiceYellow Potatoes5 lb bag,$5.99ea,,$0.26/ 100g,False,valu_mart,0.0026,g,5.99
produce,Paramount,Pistachios Lightly Salted,ParamountPistachios Lightly Salted450 g,$11.99ea,,$2.66/ 100g,False,valu_mart,0.026600000000000002,g,11.99
produce,Gourmet Garden,Cilantro Stir-In Paste,Gourmet GardenCilantro Stir-In Paste115 g,$5.99ea,,$5.21/ 100g,False,valu_mart,0.0521,g,5.99
produce,The Little Potato Company,Fresh Creamer Potatoes Smoked Salt,The Little Potato CompanyFresh Creamer Potatoes Smoked Salt454 g,$4.99ea,,$1.10/ 100g,False,valu_mart,0.011000000000000001,g,4.99
produce,PC Organics,Organics Whole White Mushrooms,PC OrganicsOrganics Whole White Mushrooms680 g,$8.49ea,,$1.25/ 100g,False,valu_mart,0.0125,g,8.49
produce,Paramount,Pistachios Lightly Salted,ParamountPistachios Lightly Salted450 g,$11.99ea,,$2.66/ 100g,False,valu_mart,0.026600000000000002,g,11.99
produce,Gourmet Garden,Cilantro Stir-In Paste,Gourmet GardenCilantro Stir-In Paste115 g,$5.99ea,,$5.21/ 100g,False,valu_mart,0.0521,g,5.99
produce,,Vero Tomato,Vero Tomato680 g,$6.99ea,,$1.03/ 100g,False,valu_mart,0.0103,g,6.99
produce,,Celery Root,Celery Root,$3.33(est.)ea,,$4.39/ 1kg,False,valu_mart,0.00439,g,3.33
produce,,Fresh Orange Juice,Fresh Orange Juice947 ml,$12.00ea,,$1.20/ 100ml,False,valu_mart,0.012,ml,12.00
produce,Sunkist,Navel Oranges,SunkistNavel Oranges8 lb bag,$10.99ea,,$0.30/ 100g,False,valu_mart,0.003,g,10.99
produce,PC Organics,Organic White Stuffer Mushrooms,PC OrganicsOrganic White Stuffer Mushrooms320 g,$6.49ea,,$2.03/ 100g,False,valu_mart,0.0203,g,6.49
produce,Paramount,"No shell Pistachios, Sea Salt & Vinegar","ParamountNo shell Pistachios, Sea Salt & Vinegar155 g",$8.99ea,,$5.80/ 100g,False,valu_mart,0.057999999999999996,g,8.99
produce,Paramount,"Wonderful Pistachios, Roasted & Salted","ParamountWonderful Pistachios, Roasted & Salted225 g",$6.49ea,,$2.88/ 100g,False,valu_mart,0.0288,g,6.49
produce,,Cobb Salad with Cheddar Chips,Cobb Salad with Cheddar Chips335 g,$9.00ea,,$2.69/ 100g,False,valu_mart,0.0269,g,9.00
produce,PC Organics,Field Greens Salad Mix,PC OrganicsField Greens Salad Mix142 g,$5.99ea,,$4.22/ 100g,False,valu_mart,0.042199999999999994,g,5.99
produce,Well,Cold Pressed Juice Played   ,WellCold Pressed Juice Played   333 ml,$5.99ea,,$1.80/ 100ml,False,valu_mart,0.018000000000000002,ml,5.99
produce,Earthbound Farms Organic,Chop Honey Citrus Salad,Earthbound Farms OrganicChop Honey Citrus Salad207 g,$7.49ea,,$3.62/ 100g,False,valu_mart,0.0362,g,7.49
produce,Greenhouse,Organic Booster Farma-C+,GreenhouseOrganic Booster Farma-C+60 ml,$3.99ea,,$6.65/ 100ml,False,valu_mart,0.0665,ml,3.99
produce,President's Choice,Coleslaw,President's ChoiceColeslaw397 g,$3.49ea,,$0.88/ 100g,False,valu_mart,0.0088,g,3.49
produce,Loop,"Smoothie, Green Vibes","LoopSmoothie, Green Vibes1000 ml",$8.99ea,,$0.90/ 100ml,False,valu_mart,0.009000000000000001,ml,8.99
produce,Wholly Guacamole,Classic Bowl ,Wholly GuacamoleClassic Bowl 213 g,$5.99ea,,$2.81/ 100g,False,valu_mart,0.0281,g,5.99
produce,Bolthouse,Vanilla Chai Tea,BolthouseVanilla Chai Tea946 ml,$6.99ea,,$0.74/ 100ml,False,valu_mart,0.0074,ml,6.99
produce,,Organic English Cucumber,Organic English Cucumber1 ea,$3.99ea,,$3.99/ 1ea,False,valu_mart,3.99,,3.99
produce,,Organic French Beans,Organic French Beans350 g,$5.99ea,,$1.71/ 100g,False,valu_mart,0.0171,g,5.99
produce,,Collard Greens,Collard Greens1 bunch,$3.99ea,,$3.99/ 1ea,False,valu_mart,3.99,,3.99
produce,Farmer's Market,Carrots,Farmer's MarketCarrots3 lb bag,$3.49ea,,$0.26/ 100g,False,valu_mart,0.0026,g,3.49
produce,,Broccoli,Broccoli1 ea,$4.49ea,,$4.49/ 1ea,False,valu_mart,4.49,,4.49
produce,,Cilantro,Cilantro1 bunch,$2.99ea,,$2.99/ 1ea,False,valu_mart,2.99,,2.99
produce,,Sweet Potato,Sweet Potato,$2.49(est.)ea,,$3.95/ 1kg,False,valu_mart,0.00395,g,2.49
produce,,Spaghetti Squash,Spaghetti Squash,$7.75(est.)ea,,$6.15/ 1kg,False,valu_mart,0.00615,g,7.75
produce,,Rutabaga,Rutabaga,$4.52(est.)ea,,$2.84/ 1kg,False,valu_mart,0.0028399999999999996,g,4.52
produce,,Bartlett Pears,Bartlett Pears,$1.85(est.)ea,,$8.80/ 1kg,False,valu_mart,0.0088,g,1.85
produce,,Tomato On The Vine Red ( 1 Bunch),Tomato On The Vine Red ( 1 Bunch),$6.25(est.)ea,,$8.80/ 1kg,False,valu_mart,0.0088,g,6.25
produce,,Asparagus,Asparagus,$7.79(est.)ea,,$13.21/ 1kg,False,valu_mart,0.013210000000000001,g,7.79
produce,Farmer's Market,Corn On The Cob,Farmer's MarketCorn On The Cob4 pack,$5.99ea,,$1.50/ 1ea,False,valu_mart,1.5,,5.99
produce,,Purple Eggplants,Purple Eggplants,$3.76(est.)ea,,$6.59/ 1kg,False,valu_mart,0.0065899999999999995,g,3.76
produce,,Pomegranate,Pomegranate1 ea,$3.99ea,,$3.99/ 1ea,False,valu_mart,3.99,,3.99
produce,,Royal Gala Apples,Royal Gala Apples,$1.61(est.)ea,,$7.69/ 1kg,False,valu_mart,0.007690000000000001,g,1.61
produce,,Romaine Lettuce,Romaine Lettuce1 ea,$4.99ea,,$4.99/ 1ea,False,valu_mart,4.99,,4.99
produce,,Red Delicious Apples,Red Delicious Apples,$1.38(est.)ea,,$6.59/ 1kg,False,valu_mart,0.0065899999999999995,g,1.38
produce,,Celery Stalks,Celery Stalks1 ea,$4.99ea,,$4.99/ 1ea,False,valu_mart,4.99,,4.99
produce,,"Mint, Fresh","Mint, Fresh1 bunch",$1.99ea,,$1.99/ 1ea,False,valu_mart,1.99,,1.99
produce,,Limes,Limes1 ea,$0.89ea,,$0.89/ 1ea,False,valu_mart,0.89,,0.89
produce,PC Organics,Organics Yellow Onions,PC OrganicsOrganics Yellow Onions2 lb bag,$4.99ea,,$0.55/ 100g,False,valu_mart,0.0055000000000000005,g,4.99
produce,,Red Grapefruit,Red Grapefruit1 ea,$2.99ea,,$2.99/ 1ea,False,valu_mart,2.99,,2.99
produce,,Bok Choy,Bok Choy,$2.62(est.)ea,,$3.28/ 1kg,False,valu_mart,0.00328,g,2.62
produce,,Roma Tomatoes,Roma Tomatoes,$1.06(est.)ea,,$8.80/ 1kg,False,valu_mart,0.0088,g,1.06
produce,,Brussels Sprouts,Brussels Sprouts,$0.30(est.)ea,,$9.90/ 1kg,False,valu_mart,0.0099,g,0.30
produce,,Sweet Onion,Sweet Onion,$3.03(est.)ea,,$6.59/ 1kg,False,valu_mart,0.0065899999999999995,g,3.03
produce,,Spartan Apples,Spartan Apples,$1.38(est.)ea,,$6.59/ 1kg,False,valu_mart,0.0065899999999999995,g,1.38
produce,,Blackberries 1/2 Pint,Blackberries 1/2 Pint170 g,$4.99ea,,$2.94/ 100g,False,valu_mart,0.0294,g,4.99
produce,,Raspberries 1/2 pint,Raspberries 1/2 pint170 g,$4.99ea,,$2.94/ 100g,False,valu_mart,0.0294,g,4.99
produce,,Kale,Kale1 bunch,$3.49ea,,$3.49/ 1ea,False,valu_mart,3.49,,3.49
produce,,Fennel,Fennel1 ea,$4.99ea,,$4.99/ 1ea,False,valu_mart,4.99,,4.99
produce,,Lettuce Iceberg,Lettuce Iceberg1 ea,$4.49ea,,$4.49/ 1ea,False,valu_mart,4.49,,4.49
produce,,Red Leaf Lettuce,Red Leaf Lettuce1 ea,$4.99ea,,$4.99/ 1ea,False,valu_mart,4.99,,4.99
produce,,Tomato Beefsteak  Red,Tomato Beefsteak  Red,$1.77(est.)ea,,$6.59/ 1kg,False,valu_mart,0.0065899999999999995,g,1.77
produce,,Red Potatoes,Red Potatoes,$1.43(est.)ea,,$5.49/ 1kg,False,valu_mart,0.00549,g,1.43
produce,,Radish,Radish454 g,$2.99ea,,$0.66/ 100g,False,valu_mart,0.0066,g,2.99
produce,No Name,Naturally Imperfect White Mushrooms,No NameNaturally Imperfect White Mushrooms680 g,$4.99ea,,$0.73/ 100g,False,valu_mart,0.0073,g,4.99
produce,,Organic Green Zucchini,Organic Green Zucchini2x1.0 ea,$5.99ea,,$3.00/ 1ea,False,valu_mart,3.0,,5.99
produce,,English Cucumber,English Cucumber1 ea,$1.99ea,,$1.99/ 1ea,False,valu_mart,1.99,,1.99
produce,,Zucchini,Zucchini,$1.85(est.)ea,,$6.59/ 1kg,False,valu_mart,0.0065899999999999995,g,1.85
produce,PC Organics,Organics Whole Shitake Mushrooms,PC OrganicsOrganics Whole Shitake Mushrooms100 g,$4.99ea,,$4.99/ 100g,False,valu_mart,0.0499,g,4.99
produce,Loop,Early Bird Smoothie,LoopEarly Bird Smoothie1000 ml,$8.99ea,,$0.90/ 100ml,False,valu_mart,0.009000000000000001,ml,8.99
produce,President's Choice,Avocado Ranch Chopped Salad Kit,President's ChoiceAvocado Ranch Chopped Salad Kit347 g,$6.99ea,,$2.01/ 100g,False,valu_mart,0.020099999999999996,g,6.99
produce,Bolthouse,Green Goodness,BolthouseGreen Goodness946 ml,$6.99ea,,$0.74/ 100ml,False,valu_mart,0.0074,ml,6.99
produce,Bolthouse,Mocha Cappuccino,BolthouseMocha Cappuccino946 ml,$6.99ea,,$0.74/ 100ml,False,valu_mart,0.0074,ml,6.99
produce,PC Organics,Field Greens Salad Mix,PC OrganicsField Greens Salad Mix142 g,$5.99ea,,$4.22/ 100g,False,valu_mart,0.042199999999999994,g,5.99
produce,Well,Cold Pressed Juice Played   ,WellCold Pressed Juice Played   333 ml,$5.99ea,,$1.80/ 100ml,False,valu_mart,0.018000000000000002,ml,5.99
produce,Earthbound Farms Organic,Chop Honey Citrus Salad,Earthbound Farms OrganicChop Honey Citrus Salad207 g,$7.49ea,,$3.62/ 100g,False,valu_mart,0.0362,g,7.49
produce,,Green Beans,Green Beans380 g,$5.99ea,,$1.58/ 100g,False,valu_mart,0.0158,g,5.99
produce,Bolthouse,Strawberry Banana,BolthouseStrawberry Banana946 ml,$6.99ea,,$0.74/ 100ml,False,valu_mart,0.0074,ml,6.99
produce,,Cantaloupe,Cantaloupe1 ea,$5.99ea,,$5.99/ 1ea,False,valu_mart,5.99,,5.99
produce,,Lemon,Lemon1 ea,$0.99ea,,$0.99/ 1ea,False,valu_mart,0.99,,0.99
produce,,Sweet Green Peppers,Sweet Green Peppers,$2.46(est.)ea,,$8.80/ 1kg,False,valu_mart,0.0088,g,2.46
produce,,Red Swiss Chard,Red Swiss Chard1 bunch,$3.99ea,,$3.99/ 1ea,False,valu_mart,3.99,,3.99
produce,,Avocado,Avocado1 ea,$2.49ea,,$2.49/ 1ea,False,valu_mart,2.49,,2.49
produce,,Buttercup Squash,Buttercup Squash,$9.38(est.)ea,,$6.15/ 1kg,False,valu_mart,0.00615,g,9.38
produce,PC Organics,Organic Carrots,PC OrganicsOrganic Carrots2 lb bag,$5.49ea,,$0.61/ 100g,False,valu_mart,0.0060999999999999995,g,5.49
produce,,Green Leaf Lettuce,Green Leaf Lettuce1 ea,$4.99ea,,$4.99/ 1ea,False,valu_mart,4.99,,4.99
produce,,Yellow Onion,Yellow Onion,$1.54(est.)ea,,$5.49/ 1kg,False,valu_mart,0.00549,g,1.54
produce,,Navel Orange,Navel Orange,$2.31(est.)ea,,$6.59/ 1kg,False,valu_mart,0.0065899999999999995,g,2.31
produce,,"Plantains, Single","Plantains, Single",$0.94(est.)ea,,$2.84/ 1kg,False,valu_mart,0.0028399999999999996,g,0.94
produce,Farmer's Market,Mini Carrots,Farmer's MarketMini Carrots2 lb bag,$5.99ea,,$0.66/ 100g,False,valu_mart,0.0066,g,5.99
seafood,Seaquest,"Colossal Raw Shrimp, 16/20","SeaquestColossal Raw Shrimp, 16/20300 g",$7.99ea,,$2.66/ 100g,False,valu_mart,0.026600000000000002,g,7.99
seafood,President's Choice,Pacific White Shrimp Raw Peeled,President's ChoicePacific White Shrimp Raw Peeled400 g,$9.99ea,,$2.50/ 100g,False,valu_mart,0.025,g,9.99
seafood,,"Fresh Atlantic Salmon Fillets, Skin On, Packaged","Fresh Atlantic Salmon Fillets, Skin On, Packaged",$11.60(est.)ea,,$36.36/ 1kg,False,valu_mart,0.036359999999999996,g,11.60
seafood,,"Fresh Atlantic Salmon Fillets, Skin On, Packaged, Club Size","Fresh Atlantic Salmon Fillets, Skin On, Packaged, Club Size",$28.52(est.)ea,,$34.15/ 1kg,False,valu_mart,0.03415,g,28.52
seafood,President's Choice,Pacific White Shrimp Cooked Peeled,President's ChoicePacific White Shrimp Cooked Peeled400 g,$10.99ea,$9.99ea,$2.50/ 100g,True,valu_mart,0.025,g,9.99
seafood,Seaquest,Wild Haddock Fillets Skinless Boneless ,SeaquestWild Haddock Fillets Skinless Boneless 400 g,$8.99ea,,$2.25/ 100g,False,valu_mart,0.0225,g,8.99
seafood,President's Choice,Pacific White Shrimp Platter with Mild Cocktail Sauce,President's ChoicePacific White Shrimp Platter with Mild Cocktail Sauce568 g,$19.99ea,,$3.52/ 100g,False,valu_mart,0.0352,g,19.99
seafood,DOM,Smoked Steelhead Salmon,DOMSmoked Steelhead Salmon50 g,$3.00ea,,$6.00/ 100g,False,valu_mart,0.06,g,3.00
seafood,Seaquest,"Sole Fillets, Skinless Boneless","SeaquestSole Fillets, Skinless Boneless400 g",$8.99ea,,$2.25/ 100g,False,valu_mart,0.0225,g,8.99
seafood,,"Raw Wild Shrimp, Easy Peel","Raw Wild Shrimp, Easy Peel300 g",$13.99ea,,$4.66/ 100g,False,valu_mart,0.0466,g,13.99
seafood,Seaquest,Shrimp Ring,SeaquestShrimp Ring454 g,$16.99ea,,$3.74/ 100g,False,valu_mart,0.0374,g,16.99
seafood,President's Choice,Smoked Wild Sockeye Salmon,President's ChoiceSmoked Wild Sockeye Salmon150 g,$11.99ea,,$7.99/ 100g,False,valu_mart,0.0799,g,11.99
seafood,Seaquest,Shrimp Ring,SeaquestShrimp Ring227 g,$8.99ea,,$3.96/ 100g,False,valu_mart,0.039599999999999996,g,8.99
seafood,Seaquest,King Crab Flavoured Wild Alaska Pollock & Wild Pacific Whiting,SeaquestKing Crab Flavoured Wild Alaska Pollock & Wild Pacific Whiting227 g,$3.99ea,,$1.76/ 100g,False,valu_mart,0.0176,g,3.99
seafood,President's Choice,Black Tiger Shrimp With Mild Cocktail Sauce Gigantico,President's ChoiceBlack Tiger Shrimp With Mild Cocktail Sauce Gigantico568 g,$27.99ea,,$4.93/ 100g,False,valu_mart,0.0493,g,27.99
seafood,Seaquest,King Crab Flavoured Wild Alaska Pollock & Wild Pacific Whiting,SeaquestKing Crab Flavoured Wild Alaska Pollock & Wild Pacific Whiting227 g,$3.99ea,,$1.76/ 100g,False,valu_mart,0.0176,g,3.99
seafood,President's Choice,Zipperback Pacific White Shrimp Raw,President's ChoiceZipperback Pacific White Shrimp Raw400 g,$12.99ea,,$3.25/ 100g,False,valu_mart,0.0325,g,12.99
seafood,President's Choice,Tempura Torpedo Shrimp With Sweet Soy Dipping Sauce,President's ChoiceTempura Torpedo Shrimp With Sweet Soy Dipping Sauce340 g,$12.99ea,,$3.82/ 100g,False,valu_mart,0.0382,g,12.99
seafood,President's Choice,Breaded Coconut Shrimp With Sweet Chili Dipping Sauce,President's ChoiceBreaded Coconut Shrimp With Sweet Chili Dipping Sauce454 g,$12.99ea,,$2.86/ 100g,False,valu_mart,0.0286,g,12.99
seafood,President's Choice,Breaded Butterflied Shrimp ,President's ChoiceBreaded Butterflied Shrimp 400 g,$12.99ea,,$3.25/ 100g,False,valu_mart,0.0325,g,12.99
seafood,Seaquest,Salad Shrimp,SeaquestSalad Shrimp454 g,$10.99ea,,$2.42/ 100g,False,valu_mart,0.0242,g,10.99
seafood,,Lobster Tail 2-3 Oz Frozen (1 Ea),Lobster Tail 2-3 Oz Frozen (1 Ea)57 g,$6.99ea,,$6.99/ 1ea,False,valu_mart,6.99,,6.99
seafood,President's Choice,Scottish Atlantic Salmon Double Smoked ,President's ChoiceScottish Atlantic Salmon Double Smoked 150 g,$11.99ea,,$7.99/ 100g,False,valu_mart,0.0799,g,11.99
seafood,President's Choice,Crispy Shrimp Fine Hors D'Oeuvre Trio,President's ChoiceCrispy Shrimp Fine Hors D'Oeuvre Trio528 g,$19.99ea,,$3.79/ 100g,False,valu_mart,0.0379,g,19.99
seafood,President's Choice,"Wild Yellowfin Tuna Skinless Boneless Steaks, Sustainably Sourced 280g","President's ChoiceWild Yellowfin Tuna Skinless Boneless Steaks, Sustainably Sourced 280g280 g",$12.99ea,,$4.64/ 100g,False,valu_mart,0.0464,g,12.99
seafood,Seaquest,Pink Salmon Fillets,SeaquestPink Salmon Fillets1 kg,$17.99ea,,$1.80/ 100g,False,valu_mart,0.018000000000000002,g,17.99
seafood,President's Choice,Bacon-Wrapped Wild Sea Scallops,President's ChoiceBacon-Wrapped Wild Sea Scallops260 g,$17.99ea,,$6.92/ 100g,False,valu_mart,0.0692,g,17.99
seafood,Anchor Bay,Mussel Meat,Anchor BayMussel Meat340 g,$5.99ea,,$1.76/ 100g,False,valu_mart,0.0176,g,5.99
seafood,Nanuk,Smoked Coho Salmon,NanukSmoked Coho Salmon300 g,$22.99ea,,$7.66/ 100g,False,valu_mart,0.0766,g,22.99
seafood,PC Blue Menu,"Wild Sea Scallops, 100/150","PC Blue MenuWild Sea Scallops, 100/150400 g",$15.99ea,,$4.00/ 100g,False,valu_mart,0.04,g,15.99
seafood,,Cod Fillet,Cod Fillet,$9.78(est.)ea,,$33.05/ 1kg,False,valu_mart,0.033049999999999996,g,9.78
seafood,High Liner,Wild Pacific Salmon Loins Market Cuts ,High LinerWild Pacific Salmon Loins Market Cuts 227 g,$9.99ea,,$4.40/ 100g,False,valu_mart,0.044000000000000004,g,9.99
seafood,Seaquest,"Basa fillets, skinless & boneless","SeaquestBasa fillets, skinless & boneless1 kg",$13.99ea,,$1.40/ 100g,False,valu_mart,0.013999999999999999,g,13.99
seafood,Seaquest,Wild Pollock Fillets,SeaquestWild Pollock Fillets400 g,$7.99ea,,$2.00/ 100g,False,valu_mart,0.02,g,7.99
seafood,President's Choice,Salmon & Haddock Fish Cake,President's ChoiceSalmon & Haddock Fish Cake290 g,$7.99ea,,$2.76/ 100g,False,valu_mart,0.0276,g,7.99
seafood,Ocean Jewel,"Scottish Kippers, Boned    ","Ocean JewelScottish Kippers, Boned    200 g",$4.99ea,,$2.50/ 100g,False,valu_mart,0.025,g,4.99
seafood,Waterview Market,Crispy Calamari,Waterview MarketCrispy Calamari300 g,$4.29ea,,$1.43/ 100g,False,valu_mart,0.0143,g,4.29
seafood,Millionnaires,Flat Fillets of Anchovies,MillionnairesFlat Fillets of Anchovies50 g,$4.99ea,,$4.99/ 50g,False,valu_mart,0.0998,g,4.99
seafood,Anchor Bay,Cooked Shrimp 61-70 ct,Anchor BayCooked Shrimp 61-70 ct454 g,$15.99ea,,$3.52/ 100g,False,valu_mart,0.0352,g,15.99
seafood,President's Choice,Sea Salt and Malt Vinegar Haddock Bites,President's ChoiceSea Salt and Malt Vinegar Haddock Bites454 g,$11.99ea,,$2.64/ 100g,False,valu_mart,0.0264,g,11.99
seafood,Foppen,Smoked Slice Salmon Loin,FoppenSmoked Slice Salmon Loin170 g,$13.99ea,,$8.23/ 100g,False,valu_mart,0.0823,g,13.99
seafood,Feature Foods,Lunch Herring,Feature FoodsLunch Herring320 g,$4.99ea,,$1.56/ 100g,False,valu_mart,0.015600000000000001,g,4.99
seafood,,Haddock Fillet,Haddock Fillet,$6.27(est.)ea,,$28.64/ 1kg,False,valu_mart,0.028640000000000002,g,6.27
seafood,President's Choice,Raw Butterflied Shrimp Garlic & Herb Grilling 12 Pieces Minimum,President's ChoiceRaw Butterflied Shrimp Garlic & Herb Grilling 12 Pieces Minimum340 g,$12.99ea,,$3.82/ 100g,False,valu_mart,0.0382,g,12.99
seafood,Premier, Seafood Mix,Premier Seafood Mix340 g,$5.99ea,,$1.76/ 100g,False,valu_mart,0.0176,g,5.99
seafood,President's Choice,Raw Shrimp,President's ChoiceRaw Shrimp340 g,$11.99ea,,$3.53/ 100g,False,valu_mart,0.0353,g,11.99
seafood,PC Organics,Organic Atlantic Salmon Fillets,PC OrganicsOrganic Atlantic Salmon Fillets280 g,$19.99ea,,$7.14/ 100g,False,valu_mart,0.07139999999999999,g,19.99
seafood,President's Choice,Shrimp & Scallops Au Gratin,President's ChoiceShrimp & Scallops Au Gratin240 g,$12.99ea,,$5.41/ 100g,False,valu_mart,0.0541,g,12.99
seafood,President's Choice, Atlantic Salmon Burger,President's Choice Atlantic Salmon Burger568 g,$11.99ea,,$2.11/ 100g,False,valu_mart,0.021099999999999997,g,11.99
seafood,President's Choice,Raw Shrimp,President's ChoiceRaw Shrimp340 g,$11.99ea,,$3.53/ 100g,False,valu_mart,0.0353,g,11.99
seafood,Premier, Seafood Mix,Premier Seafood Mix340 g,$5.99ea,,$1.76/ 100g,False,valu_mart,0.0176,g,5.99
seafood,President's Choice,Black Tiger Shrimp Raw Gigantico,President's ChoiceBlack Tiger Shrimp Raw Gigantico400 g,$15.99ea,,$4.00/ 100g,False,valu_mart,0.04,g,15.99
seafood,,"Fresh Tilapia Fillets, Packaged","Fresh Tilapia Fillets, Packaged",$5.24(est.)ea,,$22.02/ 1kg,False,valu_mart,0.022019999999999998,g,5.24
seafood,High Liner,Catch of the Day Haddock Fillets 5,High LinerCatch of the Day Haddock Fillets 5580 g,$14.99ea,,$2.58/ 100g,False,valu_mart,0.0258,g,14.99
seafood,,"Lobster Tail, Frozen","Lobster Tail, Frozen125 g",$9.99ea,,$8.84/ 100g,False,valu_mart,0.08839999999999999,g,9.99
seafood,Foodfest,Steelhead Smoked Salmon,FoodfestSteelhead Smoked Salmon140 g,$10.49ea,,$7.49/ 100g,False,valu_mart,0.07490000000000001,g,10.49
seafood,PC Organics,Organic Zipperback Shrimp,PC OrganicsOrganic Zipperback Shrimp300 g,$13.99ea,,$4.66/ 100g,False,valu_mart,0.0466,g,13.99
seafood,,"Lobster Tail, Frozen","Lobster Tail, Frozen95 g",$7.99ea,,$8.41/ 100g,False,valu_mart,0.08410000000000001,g,7.99
seafood,Nanuk,Smoked Sockeye Salmon,NanukSmoked Sockeye Salmon85 g,$11.99ea,,$14.11/ 100g,False,valu_mart,0.1411,g,11.99
seafood,President's Choice,Raw Zipperback Shrimp Grilling,President's ChoiceRaw Zipperback Shrimp Grilling454 g,$18.99ea,,$4.18/ 100g,False,valu_mart,0.0418,g,18.99
seafood,Foppen,Smoked Salmon Toast Trio,FoppenSmoked Salmon Toast Trio248 g,$15.99ea,,$6.45/ 100g,False,valu_mart,0.0645,g,15.99
seafood,President's Choice,Oak Smoked Scottish Atlantic Salmon,President's ChoiceOak Smoked Scottish Atlantic Salmon150 g,$13.99ea,,$9.33/ 100g,False,valu_mart,0.0933,g,13.99
seafood,Feature Foods,Herring Fillets in Wine Marinade,Feature FoodsHerring Fillets in Wine Marinade320 g,$5.99ea,,$1.87/ 100g,False,valu_mart,0.0187,g,5.99
seafood,,Haddock Fillet,Haddock Fillet,$28.64/1 kg,,$28.64/ 1kg,False,valu_mart,0.028640000000000002,g,28.64
seafood,President's Choice,Melt In The Middle Sustainably Sourced Cod Fish Cakes,President's ChoiceMelt In The Middle Sustainably Sourced Cod Fish Cakes290 g,$7.99ea,,$2.76/ 100g,False,valu_mart,0.0276,g,7.99
seafood,President's Choice,Beer Battered Shrimp,President's ChoiceBeer Battered Shrimp300 g,$12.99ea,,$4.33/ 100g,False,valu_mart,0.0433,g,12.99
seafood,Toppits,"Frozen Lobster Meat, Cooked","ToppitsFrozen Lobster Meat, Cooked150 g",$28.99ea,,$19.33/ 100g,False,valu_mart,0.19329999999999997,g,28.99
seafood,PC Blue Menu,"Wild Nova Scotian Sea Scallops, Frozen","PC Blue MenuWild Nova Scotian Sea Scallops, Frozen400 g",$25.99ea,,$6.50/ 100g,False,valu_mart,0.065,g,25.99
seafood,Seaquest,Wild Haddock Fillets Club Size ,SeaquestWild Haddock Fillets Club Size 1 kg,$17.99ea,,$1.80/ 100g,False,valu_mart,0.018000000000000002,g,17.99
seafood,President's Choice,Butter & Lemon Grilling Lobster Tail Skewers,President's ChoiceButter & Lemon Grilling Lobster Tail Skewers200 g,$21.99ea,,$11.00/ 100g,False,valu_mart,0.11,g,21.99
seafood,Foodfest,Sockeye Salmon,FoodfestSockeye Salmon140 g,$12.99ea,,$9.28/ 100g,False,valu_mart,0.0928,g,12.99
seafood,President's Choice,Gluten Free Breaded Shrimp,President's ChoiceGluten Free Breaded Shrimp340 g,$11.99ea,,$3.53/ 100g,False,valu_mart,0.0353,g,11.99
seafood,PC Organics,Organics Zipperback Raw Black Tiger Shrimp,PC OrganicsOrganics Zipperback Raw Black Tiger Shrimp300 g,$10.99ea,,$3.66/ 100g,False,valu_mart,0.0366,g,10.99
seafood,President's Choice,Pacific White Shrimp Cooked Peeled Responsibly Farmed Jumbo ,President's ChoicePacific White Shrimp Cooked Peeled Responsibly Farmed Jumbo 400 g,$18.99ea,,$4.75/ 100g,False,valu_mart,0.0475,g,18.99
seafood,,Cod Fillets,Cod Fillets,$33.05/1 kg,,$33.05/ 1kg,False,valu_mart,0.033049999999999996,g,33.05
seafood,President's Choice,Breaded Cod Bites With Sauce,President's ChoiceBreaded Cod Bites With Sauce454 g,$12.99ea,,$2.86/ 100g,False,valu_mart,0.0286,g,12.99
seafood,PC Blue Menu,Atlantic Salmon Skinless Boneless Fillets,PC Blue MenuAtlantic Salmon Skinless Boneless Fillets280 g,$14.99ea,,$5.35/ 100g,False,valu_mart,0.0535,g,14.99
seafood,PC Organics,Organics Peeled Raw Black Tiger Shrimp,PC OrganicsOrganics Peeled Raw Black Tiger Shrimp300 g,$14.99ea,,$5.00/ 100g,False,valu_mart,0.05,g,14.99
seafood,Seaquest,"Calamari Rings, Uncooked","SeaquestCalamari Rings, Uncooked340 g",$7.99ea,,$2.35/ 100g,False,valu_mart,0.0235,g,7.99
seafood,Toppits,Snow Crab Legs & Claw,ToppitsSnow Crab Legs & Claw500 g,$29.99ea,,$6.00/ 100g,False,valu_mart,0.06,g,29.99
seafood,President's Choice,Breaded Potato and Wild Salt Cod Croquettes,President's ChoiceBreaded Potato and Wild Salt Cod Croquettes300 g,$9.99ea,,$3.33/ 100g,False,valu_mart,0.0333,g,9.99
seafood,Unico,Fillets of Anchovies,UnicoFillets of Anchovies50 g,$2.49ea,,$4.98/ 100g,False,valu_mart,0.049800000000000004,g,2.49
seafood,Laurena,Anchovy Paste,LaurenaAnchovy Paste60 g,$3.49ea,,$5.82/ 100g,False,valu_mart,0.0582,g,3.49
seafood,President's Choice,Wild Atlantic Cold Water Shrimp Cooked Peeled ,President's ChoiceWild Atlantic Cold Water Shrimp Cooked Peeled 340 g,$12.99ea,,$3.82/ 100g,False,valu_mart,0.0382,g,12.99
seafood,President's Choice,Smoked Atlantic Salmon,President's ChoiceSmoked Atlantic Salmon150 g,$11.99ea,,$7.99/ 100g,False,valu_mart,0.0799,g,11.99
seafood,Anchor Bay,Cooked Clam Meat,Anchor BayCooked Clam Meat340 g,$6.99ea,,$2.33/ 100g,False,valu_mart,0.0233,g,6.99
seafood,President's Choice,Everything Seasoned Smoked Steelhead Salmon,President's ChoiceEverything Seasoned Smoked Steelhead Salmon150 g,$11.99ea,,$7.99/ 100g,False,valu_mart,0.0799,g,11.99
