category,brand,product_text,product_name,price_text,sale_price,per_unit_price_text,is_sale,ranking,sale_valid_to
bakery,DItaliano,Thick Slice Original Bread,DItalianoThick Slice Original Bread675 g,$3.79ea,,$0.56/ 100g,False,1.0,
bakery,Country Harvest,14 Grains Whole Wheat Bread,Country Harvest14 Grains Whole Wheat Bread600 g,$3.99ea,,$0.67/ 100g,False,2.0,
bakery,Casa Mendosa,Large Original Tortillas,Casa MendosaLarge Original Tortillas640 g,$3.89ea,,$0.61/ 100g,False,3.0,
bakery,,White Baguette,White Baguette255 g,$0.88ea,,$0.35/ 100g,False,4.0,
bakery,Country Harvest,Ancient Grains & Red Fife Bread,Country HarvestAncient Grains & Red Fife Bread600 g,$3.99ea,,$0.67/ 100g,False,5.0,
bakery,Farmer's Market,Butter Croissant,Farmer's MarketButter Croissant270 g,$5.00ea,,$1.85/ 100g,False,6.0,
bakery,Wonder,"Bread, Sliced White","WonderBread, Sliced White675 g",$2.99ea,,$0.44/ 100g,False,7.0,
bakery,President's Choice,Original English Muffins,President's ChoiceOriginal English Muffins342 g,$2.49ea,,$0.73/ 100g,False,8.0,
bakery,Farmer's Market,Banana Chocolate Chunk Muffins,Farmer's MarketBanana Chocolate Chunk Muffins600 g,$6.00ea,,$1.00/ 100g,False,9.0,
bakery,Farmer's Market,Chocolate Chip Muffins,Farmer's MarketChocolate Chip Muffins600 g,$6.00ea,,$1.00/ 100g,False,10.0,
bakery,Casa Mendosa,Large Whole Wheat Tortillas,Casa MendosaLarge Whole Wheat Tortillas640 g,$3.89ea,,$0.61/ 100g,False,11.0,
bakery,No Name,Original English Muffins,No NameOriginal English Muffins342 g,$1.89ea,,$0.55/ 100g,False,12.0,
bakery,Wonder,"Thin Sandwich Bread, White","WonderThin Sandwich Bread, White675 g",$2.99ea,,$0.44/ 100g,False,13.0,
bakery,Farmer's Market,Blueberry Muffins,Farmer's MarketBlueberry Muffins570 g,$6.00ea,,$1.05/ 100g,False,14.0,
bakery,No Name,Everything Bagels,No NameEverything Bagels510 g,$2.00ea,,$0.39/ 100g,False,15.0,
bakery,Wonder,White Hamburger Buns,WonderWhite Hamburger Buns8x47.25 g,$2.99ea,,$0.79/ 100g,False,16.0,
bakery,DItaliano,Brioche-Style Hamburger Buns,DItalianoBrioche-Style Hamburger Buns560 g,$3.79ea,,$0.68/ 100g,False,17.0,
bakery,Wonder,White Bread with Fibre,WonderWhite Bread with Fibre675 g,$2.99ea,,$0.44/ 100g,False,18.0,
bakery,Wonder,100% Whole Wheat Bread,Wonder100% Whole Wheat Bread675 g,$2.99ea,,$0.44/ 100g,False,19.0,
bakery,DItaliano,Thick Sliced Bread 100% Whole Wheat ,DItalianoThick Sliced Bread 100% Whole Wheat 675 g,$3.79ea,,$0.56/ 100g,False,20.0,
bakery,No Name,Original Bread,No NameOriginal Bread675 g,$1.99ea,,$0.29/ 100g,False,21.0,
bakery,Country Harvest,Everything Bagel,Country HarvestEverything Bagel450 g,$4.49ea,,$1.00/ 100g,False,22.0,
bakery,Wonder,White Hotdog Buns,WonderWhite Hotdog Buns8x44.5 g,$2.99ea,,$0.84/ 100g,False,23.0,
bakery,Suraj,Naan Original 5 Flatbreads,SurajNaan Original 5 Flatbreads500 g,$2.29ea,,$0.46/ 100g,False,24.0,
bakery,No Name,100% Whole Wheat Bread,No Name100% Whole Wheat Bread675 g,$1.99ea,,$0.29/ 100g,False,25.0,
bakery,President's Choice,Chocolate Chip Mini Muffins,President's ChoiceChocolate Chip Mini Muffins336 g,$4.50ea,,$1.34/ 100g,False,26.0,
bakery,Suraj,Naan Garlic 5 Flatbreads,SurajNaan Garlic 5 Flatbreads500 g,$2.29ea,,$0.46/ 100g,False,27.0,
bakery,Farmer's Market,Carrot Muffins,Farmer's MarketCarrot Muffins600 g,$6.00ea,,$1.00/ 100g,False,28.0,
bakery,Country Harvest,Cinnamon Raisin Bread,Country HarvestCinnamon Raisin Bread600 g,$3.99ea,,$0.67/ 100g,False,29.0,
bakery,Wonder,White Bread White Texas,WonderWhite Bread White Texas675 g,$2.99ea,,$0.44/ 100g,False,30.0,
bakery,Country Harvest,Quinoa Flax Bread,Country HarvestQuinoa Flax Bread600 g,$3.99ea,,$0.67/ 100g,False,31.0,
bakery,Casa Mendosa,"10 Medium Tortillas, Original","Casa Mendosa10 Medium Tortillas, Original340 g",$2.99ea,,$0.88/ 100g,False,32.0,
bakery,Country Harvest,Stone Milled Whole Wheat Bread,Country HarvestStone Milled Whole Wheat Bread600 g,$3.99ea,,$0.67/ 100g,False,33.0,
bakery,Country Harvest,Protein Bread,Country HarvestProtein Bread600 g,$3.99ea,,$0.67/ 100g,False,34.0,
bakery,Farmer's Market,Butter Croissants Mini,Farmer's MarketButter Croissants Mini336 g,$5.00ea,,$1.49/ 100g,False,35.0,
bakery,Rubschlager,Sesame Multigrain Loaf,RubschlagerSesame Multigrain Loaf454 g,$3.00ea,,$0.66/ 100g,False,36.0,
bakery,T&T,Home Style Pandesal,T&THome Style Pandesal680 g,$4.00ea,,$0.59/ 100g,False,37.0,
bakery,Baxters,Swiss Roll Chocolate,BaxtersSwiss Roll Chocolate6x67.0 g,$5.00ea,,$1.24/ 100g,False,38.0,
bakery,Dimpflmeier,7 Grains Bread,Dimpflmeier7 Grains Bread454 g,$4.99ea,,$1.10/ 100g,False,39.0,
bakery,President's Choice,Sourdough Loaf,President's ChoiceSourdough Loaf500 g,$5.49ea,,$1.10/ 100g,False,40.0,
bakery,President's Choice,Mini Naan Garlic 4 Flatbreads,President's ChoiceMini Naan Garlic 4 Flatbreads180 g,$2.69ea,,$1.49/ 100g,False,41.0,
bakery,Dels,Apple Turnover,DelsApple Turnover825 g,$5.00ea,,$0.61/ 100g,False,42.0,
bakery,No Name,10 Wheat Tortillas,No Name10 Wheat Tortillas320 g,$2.00ea,,$0.63/ 100g,False,43.0,
bakery,No Name,Bagel Poppy Seed,No NameBagel Poppy Seed510 g,$2.00ea,,$0.39/ 100g,False,44.0,
bakery,Farmer's Market,Cinnamon Coffee Cake,Farmer's MarketCinnamon Coffee Cake500 g,$6.00ea,,$1.20/ 100g,False,45.0,
bakery,Casa Mendosa,"10 Medium Tortillas, Whole Wheat","Casa Mendosa10 Medium Tortillas, Whole Wheat340 g",$2.99ea,,$0.88/ 100g,False,46.0,
bakery,Crispy,Pistachio Short Bread Cookie,CrispyPistachio Short Bread Cookie0.35 kg,$3.99ea,,$1.14/ 100g,False,47.0,
bakery,,Old Fashioned Cherry Pie,Old Fashioned Cherry Pie114 g,$1.50ea,,$1.32/ 100g,False,48.0,
bakery,T&T,Strawberry Tropical Cake,T&TStrawberry Tropical Cake180 g,$1.00ea,,$0.56/ 100g,False,49.0,
bakery,President's Choice,Sourdough Loaf,President's ChoiceSourdough Loaf500 g,$5.49ea,,$1.10/ 100g,False,50.0,
bakery,Farmer's Market,Pecan Butter Tarts,Farmer's MarketPecan Butter Tarts6x85.0 g,$5.00ea,,$0.98/ 100g,False,51.0,
bakery,Rudolphs,Rye Bread,RudolphsRye Bread907 g,$5.79ea,,$0.64/ 100g,False,52.0,
bakery,PC Blue Menu,White Loaf With Whole Grain,PC Blue MenuWhite Loaf With Whole Grain450 g,$2.79ea,,$0.62/ 100g,False,53.0,
bakery,La Baguetterie,White Miche Sliced,La BaguetterieWhite Miche Sliced800 g,$4.00ea,,$0.50/ 100g,False,54.0,
bakery,Crispy,Punjabi Cookies,CrispyPunjabi Cookies1.1 kg,$6.19ea,,$0.56/ 100g,False,55.0,
bakery,ACE,Olive Oil & Sea Salt Mini Crisps ,ACEOlive Oil & Sea Salt Mini Crisps 180 g,$5.39ea,,$2.99/ 100g,False,56.0,
bakery,La Baguetterie,Multigrain Miche Sliced,La BaguetterieMultigrain Miche Sliced600 g,$4.00ea,,$0.67/ 100g,False,57.0,
bakery,Old Mill,Blueberry Pie 8 Inch,Old MillBlueberry Pie 8 Inch550 g,$4.29ea,,$0.78/ 100g,False,58.0,
bakery,PC Blue Menu,100% Whole Grain Tortillas,PC Blue Menu100% Whole Grain Tortillas6x65.0 g,$4.19ea,,$1.07/ 100g,False,59.0,
bakery,Charlottes,Red Velvet Cake,CharlottesRed Velvet Cake475 g,$5.00ea,,$1.05/ 100g,False,60.0,
bakery,Baxters,Quinn's Vanilla Raspberry Cream,BaxtersQuinn's Vanilla Raspberry Cream6x67.0 g,$5.00ea,,$1.24/ 100g,False,61.0,
bakery,Rudolphs,Rye Bread,RudolphsRye Bread907 g,$5.79ea,,$0.64/ 100g,False,62.0,
bakery,,Old Fashioned Cherry Pie,Old Fashioned Cherry Pie114 g,$1.50ea,,$1.32/ 100g,False,63.0,
bakery,Wonder,Ballpark Classics Hamburger Buns Limited Edition ,WonderBallpark Classics Hamburger Buns Limited Edition 560 g,$3.99ea,,$0.71/ 100g,False,64.0,
bakery,Dempster,100% Whole Wheat Bread,Dempster100% Whole Wheat Bread675 g,$3.59ea,,$0.53/ 100g,False,65.0,
bakery,,Classico White Bread Italian Style Thick Slice,Classico White Bread Italian Style Thick Slice675 g,$3.99ea,,$0.59/ 100g,False,66.0,
bakery,La Cocina,Corn Tortillas,La CocinaCorn Tortillas240 g,$2.59ea,,$1.08/ 100g,False,67.0,
bakery,Furlani,Ready Bake Garlic Toast Texas-Style Bread,FurlaniReady Bake Garlic Toast Texas-Style Bread16x40.0 g,$4.49ea,,$0.70/ 100g,False,68.0,
bakery,Dempster,Original Bagels,DempsterOriginal Bagels6x75.0 g,$4.49ea,,$1.00/ 100g,False,69.0,
bakery,President's Choice,Brioche Mini Rolls,President's ChoiceBrioche Mini Rolls400 g,$5.49ea,,$1.37/ 100g,False,70.0,
bakery,No Name,Hot Dog Buns,No NameHot Dog Buns516 g,$2.50ea,,$0.48/ 100g,False,71.0,
bakery,Crispy,Almond Pound Cake    ,CrispyAlmond Pound Cake    368 g,$3.79ea,$3.50ea,$0.95/ 100g,True,72.0,saleEnds 03/15
bakery,DItaliano,Thick Sliced Brioche-Style Loaf,DItalianoThick Sliced Brioche-Style Loaf620 g,$3.79ea,,$0.61/ 100g,False,73.0,
bakery,President's Choice,Plain Barbari Flatbread,President's ChoicePlain Barbari Flatbread250 g,$2.99ea,,$1.20/ 100g,False,74.0,
bakery,Dempster,Fresh White Bread,DempsterFresh White Bread675 g,$3.59ea,,$0.53/ 100g,False,75.0,
bakery,Dimpflmeier,Bread Original Swedish Style Light Rye,DimpflmeierBread Original Swedish Style Light Rye454 g,$3.89ea,,$0.86/ 100g,False,76.0,
bakery,No Name,Sesame Seed Bagels,No NameSesame Seed Bagels510 g,$2.00ea,,$0.39/ 100g,False,77.0,
bakery,No Name,"Bagel Cinnamon Raisin, 6 pack","No NameBagel Cinnamon Raisin, 6 pack510 g",$2.00ea,,$0.39/ 100g,False,78.0,
bakery,Country Harvest,Original Bagels,Country HarvestOriginal Bagels450 g,$4.49ea,,$1.00/ 100g,False,79.0,
bakery,President's Choice,Italian Style Bread Crumbs,President's ChoiceItalian Style Bread Crumbs275 g,$3.00ea,,$1.09/ 100g,False,80.0,
bakery,Hostess,Twinkies Cakes,HostessTwinkies Cakes202 g,$2.99ea,,$1.48/ 100g,False,81.0,
bakery,Sara Lee,Little Bites Chocolate Brownies,Sara LeeLittle Bites Chocolate Brownies234 g,$4.19ea,,$1.79/ 100g,False,82.0,
bakery,Casa Mendosa,"6 Large Tortillas, Tomato Salsa","Casa Mendosa6 Large Tortillas, Tomato Salsa384 g",$3.89ea,,$1.01/ 100g,False,83.0,
bakery,Dimpflmeier,Klosterbrot Bread,DimpflmeierKlosterbrot Bread454 g,$3.89ea,,$0.86/ 100g,False,84.0,
bakery,LA FOURNEE DOREE,Sesame Brioche Burger Buns,LA FOURNEE DOREESesame Brioche Burger Buns200 g,$3.99ea,,$2.00/ 100g,False,85.0,
bakery,ACE,Ciabatta Piccola,ACECiabatta Piccola800 g,$6.39ea,,$0.80/ 100g,False,86.0,
bakery,LA FOURNEE DOREE,Brioche Hot Dog Rolls,LA FOURNEE DOREEBrioche Hot Dog Rolls16x385.0 g,$3.99ea,,$1.04/ 100g,False,87.0,
bakery,Charlottes,Black Forest Cake,CharlottesBlack Forest Cake400 g,$5.00ea,,$1.25/ 100g,False,88.0,
bakery,Old Mill,"Loaf Cakes, Club Pack","Old MillLoaf Cakes, Club Pack1170 g",$7.00ea,,$0.60/ 100g,False,89.0,
bakery,Farmer's Market,"Sliced Loaf Cake, Marble","Farmer's MarketSliced Loaf Cake, Marble420 g",$5.00ea,,$1.19/ 100g,False,90.0,
bakery,Stonemill,Honest  Bread Wellness Sprouted Rye & 12 Grains ,StonemillHonest  Bread Wellness Sprouted Rye & 12 Grains 425 g,$4.69ea,,$1.10/ 100g,False,91.0,
bakery,President's Choice,Gigantico Burger Buns ,President's ChoiceGigantico Burger Buns 8x71.0 g,$4.49ea,,$0.79/ 100g,False,92.0,
bakery,Farmer's Market,Oatmeal & Chocolate Cookies,Farmer's MarketOatmeal & Chocolate Cookies456 g,$5.00ea,,$1.10/ 100g,False,93.0,
bakery,Villa Di Manno,Cheese Buns,Villa Di MannoCheese Buns352 g,$3.29ea,,$0.93/ 100g,False,94.0,
bakery,Stonemill,Honest Wellness Sprouted 3 Grains Bread,StonemillHonest Wellness Sprouted 3 Grains Bread454 g,$4.69ea,,$1.03/ 100g,False,95.0,
bakery,La Baguetterie,Ciabatta Demi ,La BaguetterieCiabatta Demi 450 g,$3.89ea,$3.00ea,$0.67/ 100g,True,96.0,saleEnds 03/15
bakery,President's Choice,Carrot Mini Muffins,President's ChoiceCarrot Mini Muffins336 g,$4.50ea,,$1.34/ 100g,False,97.0,
bakery,No Name,10 Original Tortillas,No Name10 Original Tortillas320 g,$2.00ea,,$0.63/ 100g,False,98.0,
bakery,PC Blue Menu,Whole Wheat English Muffins,PC Blue MenuWhole Wheat English Muffins342 g,$2.49ea,,$0.73/ 100g,False,99.0,
bakery,Dimpflmeier,Whole Wheat Bread European Style,DimpflmeierWhole Wheat Bread European Style680 g,$3.99ea,,$0.59/ 100g,False,100.0,
bakery,President's Choice,Gigantico Burger Buns ,President's ChoiceGigantico Burger Buns 8x71.0 g,$4.49ea,,$0.79/ 100g,False,101.0,
bakery,Crispy,Pound Cake     ,CrispyPound Cake     0.368 kg,$3.99ea,$3.50ea,$0.95/ 100g,True,102.0,saleEnds 03/15
bakery,Villa Di Manno,Cheese Buns,Villa Di MannoCheese Buns352 g,$3.29ea,,$0.93/ 100g,False,103.0,
bakery,La Baguetterie,Ciabatta Demi ,La BaguetterieCiabatta Demi 450 g,$3.89ea,$3.00ea,$0.67/ 100g,True,104.0,saleEnds 03/15
bakery,Farmer's Market,Oatmeal & Chocolate Cookies,Farmer's MarketOatmeal & Chocolate Cookies456 g,$5.00ea,,$1.10/ 100g,False,105.0,
bakery,Stonemill,Honest Wellness Sprouted 3 Grains Bread,StonemillHonest Wellness Sprouted 3 Grains Bread454 g,$4.69ea,,$1.03/ 100g,False,106.0,
bakery,Stonemill,Honest  Bread Wellness Sprouted Rye & 12 Grains ,StonemillHonest  Bread Wellness Sprouted Rye & 12 Grains 425 g,$4.69ea,,$1.10/ 100g,False,107.0,
bakery,Dempster,Malt Bread,DempsterMalt Bread340 g,$3.99ea,,$1.17/ 100g,False,108.0,
bakery,Cedar,Lebanese-Style White Pita Bread,CedarLebanese-Style White Pita Bread330 g,$1.49ea,,$0.45/ 100g,False,109.0,
bakery,Suraj,"Naan Original Flatbreads, 10 pack","SurajNaan Original Flatbreads, 10 pack1 ea",$5.25ea,,$5.25/ 1ea,False,110.0,
bakery,Dimpflmeier,Marble Rye Bread,DimpflmeierMarble Rye Bread500 g,$2.79ea,,$0.56/ 100g,False,111.0,
bakery,DItaliano,Thick Sliced Sesame Bread,DItalianoThick Sliced Sesame Bread675 g,$3.79ea,,$0.56/ 100g,False,112.0,
bakery,Vachon,Vanilla Flavour Cakes 1/2 Lune Moon ,VachonVanilla Flavour Cakes 1/2 Lune Moon 282 g,$3.50ea,,$1.24/ 100g,False,113.0,
bakery,Sara Lee,Party Cake Muffins ,Sara LeeParty Cake Muffins 234 g,$4.19ea,,$1.79/ 100g,False,114.0,
bakery,Sara Lee,Little Bites Blueberry Muffins,Sara LeeLittle Bites Blueberry Muffins234 g,$4.19ea,,$1.79/ 100g,False,115.0,
bakery,President's Choice,Garlic Naan ,President's ChoiceGarlic Naan 250 g,$2.49ea,,$1.00/ 100g,False,116.0,
bakery,Wonder,Whole Wheat Hamburger Buns,WonderWhole Wheat Hamburger Buns8x56.0 g,$2.99ea,,$0.67/ 100g,False,117.0,
bakery,Country Harvest,Cranberry & Oats Bagel,Country HarvestCranberry & Oats Bagel450 g,$4.49ea,,$1.00/ 100g,False,118.0,
bakery,No Name,Cracked Wheat Bread,No NameCracked Wheat Bread675 g,$1.99ea,,$0.29/ 100g,False,119.0,
bakery,President's Choice,Extra Raisins Hot Cross Buns,President's ChoiceExtra Raisins Hot Cross Buns8x70.6 g,$4.99ea,$4.00ea,$0.71/ 100g,True,120.0,saleEnds 03/15
bakery,Farmer's Market,Rhubarb Strawberry Pie 10 Inch,Farmer's MarketRhubarb Strawberry Pie 10 Inch1 kg,$7.50ea,,$0.75/ 100g,False,121.0,
bakery,Wonder,Whole Wheat Hot Dog Rolls,WonderWhole Wheat Hot Dog Rolls8x60.0 g,$2.99ea,,$0.62/ 100g,False,122.0,
bakery,Rudolphs,Bavarian Rye Bread,RudolphsBavarian Rye Bread500 g,$3.79ea,,$0.76/ 100g,False,123.0,
bakery,Dimpflmeier,Viking Sweet & Sour Rye Bread,DimpflmeierViking Sweet & Sour Rye Bread454 g,$3.99ea,,$0.88/ 100g,False,124.0,
bakery,Cedar,Whole Wheat Lebanese-Style Pita Bread,CedarWhole Wheat Lebanese-Style Pita Bread330 g,$1.49ea,,$0.45/ 100g,False,125.0,
bakery,Wonder,100% Whole Wheat + Fibre Bread,Wonder100% Whole Wheat + Fibre Bread675 g,$2.99ea,,$0.44/ 100g,False,126.0,
bakery,Villa Di Manno,Bread Crumbs,Villa Di MannoBread Crumbs300 g,$2.99ea,,$1.00/ 100g,False,127.0,
bakery,,King’s Hawaiian Sweet Rolls ,King’s Hawaiian Sweet Rolls 0.34 kg,$4.00ea,,$1.18/ 100g,False,128.0,
bakery,No Name,Blueberry Bagel,No NameBlueberry Bagel450 g,$2.00ea,,$0.44/ 100g,False,129.0,
bakery,,Dinner Rolls,Dinner Rolls600 g,$2.99ea,,$0.50/ 100g,False,130.0,
bakery,DItaliano,Crustini Hamburger Buns,DItalianoCrustini Hamburger Buns568 g,$3.79ea,,$0.67/ 100g,False,131.0,
bakery,Farmer's Market,Maple Muffin,Farmer's MarketMaple Muffin600 g,$5.00ea,,$0.83/ 100g,False,132.0,
bakery,Farmer's Market,Tuxedo Cake,Farmer's MarketTuxedo Cake753 g,$12.00ea,,$1.59/ 100g,False,133.0,
bakery,Country Harvest,Sourdough Loaf,Country HarvestSourdough Loaf650 g,$3.99ea,,$0.61/ 100g,False,134.0,
bakery,School Safe,Muffin Bars Banana Chocolate Chip,School SafeMuffin Bars Banana Chocolate Chip296 g,$3.99ea,,$1.35/ 100g,False,135.0,
bakery,,"8"" Lemon Meringue Pie","8"" Lemon Meringue Pie635 g",$6.00ea,,$0.94/ 100g,False,136.0,
bakery,Country Harvest,Everything Bread,Country HarvestEverything Bread600 g,$3.99ea,,$0.67/ 100g,False,137.0,
bakery,Vachon,Ah Caramel,VachonAh Caramel336 g,$3.50ea,,$1.04/ 100g,False,138.0,
bakery,Suraj,Naan Garlic Flatbreads,SurajNaan Garlic Flatbreads1 kg,$5.25ea,,$0.53/ 100g,False,139.0,
bakery,two-bite,Chocolate Cupcakes St.Patrick,two-biteChocolate Cupcakes St.Patrick284 g,$4.00ea,,$1.41/ 100g,False,140.0,
bakery,Rudolphs,Light Rye Bread,RudolphsLight Rye Bread680 g,$3.79ea,,$0.56/ 100g,False,141.0,
bakery,Charlottes,Cake Chocolate Fudge,CharlottesCake Chocolate Fudge475 g,$5.00ea,,$1.05/ 100g,False,142.0,
bakery,Ready Bake,Garlic Bread,Ready BakeGarlic Bread330 g,$2.49ea,,$0.75/ 100g,False,143.0,
bakery,La Baguetterie,White Oval,La BaguetterieWhite Oval454 g,$3.89ea,$3.00ea,$0.66/ 100g,True,144.0,saleEnds 03/15
bakery,Crispy,Coconut Pound Cake    ,CrispyCoconut Pound Cake    0.368 kg,$3.99ea,$3.50ea,$0.95/ 100g,True,145.0,saleEnds 03/15
bakery,,Kaiser Buns 6,Kaiser Buns 6450 g,$1.99ea,,$0.44/ 100g,False,146.0,
bakery,Dimpflmeier,Bread Prebiotic Multi-Grain,DimpflmeierBread Prebiotic Multi-Grain454 g,$3.49ea,,$0.77/ 100g,False,147.0,
bakery,,Mini Kaiser Buns,Mini Kaiser Buns480 g,$2.99ea,,$0.62/ 100g,False,148.0,
bakery,Charlottes,Cake Cookies & Cream,CharlottesCake Cookies & Cream400 g,$5.00ea,,$1.25/ 100g,False,149.0,
bakery,La Baguetterie,Sourdough Sliced Miche,La BaguetterieSourdough Sliced Miche800 g,$4.00ea,,$0.50/ 100g,False,150.0,
bakery,Farmer's Market,"Cookies, Peanut Butter, 12 Pack","Farmer's MarketCookies, Peanut Butter, 12 Pack456 g",$5.00ea,,$1.10/ 100g,False,151.0,
bakery,Farmer's Market,Berry Medley Muffins,Farmer's MarketBerry Medley Muffins570 g,$6.00ea,,$1.05/ 100g,False,152.0,
bakery,Farmer's Market,Muffins Double Chocolate    ,Farmer's MarketMuffins Double Chocolate    570 g,$6.00ea,,$1.05/ 100g,False,153.0,
bakery,Farmer's Market,Banana Chocolate Chip Coffee Cake,Farmer's MarketBanana Chocolate Chip Coffee Cake500 g,$6.00ea,,$1.20/ 100g,False,154.0,
bakery,Frazier,Tomato & Garlic Pizza,FrazierTomato & Garlic Pizza750 g,$5.00ea,,$0.67/ 100g,False,155.0,
bakery,ACE,Roasted Garlic Mini Crisps,ACERoasted Garlic Mini Crisps180 g,$5.39ea,,$2.99/ 100g,False,156.0,
bakery,Wonder,100% Whole Wheat Bread Thin Sliced,Wonder100% Whole Wheat Bread Thin Sliced675 g,$2.99ea,,$0.44/ 100g,False,157.0,
bakery,Crispy,Vegetarian Cookies,CrispyVegetarian Cookies800 g,$5.19ea,,$0.65/ 100g,False,158.0,
bakery,Farmer's Market,Morning Glory Muffins,Farmer's MarketMorning Glory Muffins600 g,$6.00ea,,$1.00/ 100g,False,159.0,
bakery,,Harvest Wheat Baguette,Harvest Wheat Baguette255 g,$0.88ea,,$0.35/ 100g,False,160.0,
bakery,Farmer's Market,Cinnamon Mini Coffee Cakes,Farmer's MarketCinnamon Mini Coffee Cakes324 g,$6.00ea,,$1.85/ 100g,False,161.0,
bakery,Moms,Golden Pound Cake,MomsGolden Pound Cake450 g,$3.29ea,,$0.73/ 100g,False,162.0,
bakery,,Mini Sub,Mini Sub540 g,$1.99ea,,$0.37/ 100g,False,163.0,
bakery,Rubschlager,Pumpernickel Loaf,RubschlagerPumpernickel Loaf454 g,$3.00ea,,$0.66/ 100g,False,164.0,
bakery,Crispy,Coconut Short Bread Cookie,CrispyCoconut Short Bread Cookie0.35 kg,$3.99ea,,$1.14/ 100g,False,165.0,
bakery,Grandmother's Bake Shoppe,Butter Tarts Raisin,Grandmother's Bake ShoppeButter Tarts Raisin765 g,$6.00ea,,$0.78/ 100g,False,166.0,
bakery,No Name,Whole Wheat Dinner Roll,No NameWhole Wheat Dinner Roll420 g,$2.69ea,,$0.64/ 100g,False,167.0,
bakery,two-bite,Mini Chocolate Cupcakes 12 Pack,two-biteMini Chocolate Cupcakes 12 Pack284 g,$4.00ea,,$1.41/ 100g,False,168.0,
bakery,FGF,"Butter Tart Muffin, 6 Pack","FGFButter Tart Muffin, 6 Pack600 g",$5.00ea,,$0.83/ 100g,False,169.0,
bakery,Charlottes,Cake Vanilla Celebration,CharlottesCake Vanilla Celebration475 g,$5.00ea,,$1.05/ 100g,False,170.0,
bakery,Vachon,Ah Caramel,VachonAh Caramel336 g,$3.50ea,,$1.04/ 100g,False,171.0,
bakery,Suraj,Naan Whole Wheat 5 Flatbreads,SurajNaan Whole Wheat 5 Flatbreads500 g,$2.29ea,,$0.46/ 100g,False,172.0,
bakery,two-bite,Chocolate Cupcakes St.Patrick,two-biteChocolate Cupcakes St.Patrick284 g,$4.00ea,,$1.41/ 100g,False,173.0,
bakery,Ready Bake,Garlic Bread,Ready BakeGarlic Bread330 g,$2.49ea,,$0.75/ 100g,False,174.0,
bakery,La Baguetterie,White Oval,La BaguetterieWhite Oval454 g,$3.89ea,$3.00ea,$0.66/ 100g,True,175.0,saleEnds 03/15
bakery,Charlottes,Cake Chocolate Fudge,CharlottesCake Chocolate Fudge475 g,$5.00ea,,$1.05/ 100g,False,176.0,
bakery,Rudolphs,Light Rye Bread,RudolphsLight Rye Bread680 g,$3.79ea,,$0.56/ 100g,False,177.0,
bakery,Suraj,Naan Garlic Flatbreads,SurajNaan Garlic Flatbreads1 kg,$5.25ea,,$0.53/ 100g,False,178.0,
bakery,Rubschlager,Bavarian Rye Loaf,RubschlagerBavarian Rye Loaf454 g,$3.00ea,,$0.66/ 100g,False,179.0,
bakery,Dempster,100% Whole Grains 12 Grain Bread,Dempster100% Whole Grains 12 Grain Bread600 g,$4.39ea,,$0.73/ 100g,False,180.0,
bakery,Dempster,Signature Four Cheese Bagels,DempsterSignature Four Cheese Bagels375 g,$4.79ea,,$1.28/ 100g,False,181.0,
bakery,Dimpflmeier,Bread Original Swedish Style Light Rye,DimpflmeierBread Original Swedish Style Light Rye680 g,$3.49ea,,$0.51/ 100g,False,182.0,
bakery,Country Harvest,"Bagels, Raisin Cinnamon with Whole Wheat","Country HarvestBagels, Raisin Cinnamon with Whole Wheat450 g",$4.49ea,,$1.00/ 100g,False,183.0,
bakery,Furlani,Ready Bake Garlic Parmesan Toast Texas-Style Bread,FurlaniReady Bake Garlic Parmesan Toast Texas-Style Bread16x40.0 g,$4.49ea,,$0.70/ 100g,False,184.0,
bakery,Rudolphs,Bavarian Premium Sandwich Bread,RudolphsBavarian Premium Sandwich Bread500 g,$2.99ea,,$0.60/ 100g,False,185.0,
bakery,Dempster,Everything Bagels,DempsterEverything Bagels6x75.0 g,$4.49ea,,$1.00/ 100g,False,186.0,
bakery,President's Choice,Crumpets,President's ChoiceCrumpets284 g,$2.89ea,,$1.02/ 100g,False,187.0,
bakery,President's Choice,Tortillas Original ,President's ChoiceTortillas Original 340 g,$3.99ea,,$1.17/ 100g,False,188.0,
bakery,Country Harvest,14 Grain Bagels,Country Harvest14 Grain Bagels450 g,$4.49ea,,$1.00/ 100g,False,189.0,
bakery,,Savoury Butter Rolls,Savoury Butter Rolls340 g,$4.00ea,,$1.18/ 100g,False,190.0,
bakery,President's Choice,Cannoli Kit,President's ChoiceCannoli Kit300 g,$10.49ea,,$3.50/ 100g,False,191.0,
bakery,No Name,Hot Dog Buns,No NameHot Dog Buns344 g,$2.10ea,,$0.61/ 100g,False,192.0,
bakery,No Name,Hot Dog Buns,No NameHot Dog Buns344 g,$2.10ea,,$0.61/ 100g,False,193.0,
bakery,Old Mill,White Bread,Old MillWhite Bread675 g,$1.99ea,,$0.29/ 100g,False,194.0,
bakery,Farmer's Market,Sandwich Croissant,Farmer's MarketSandwich Croissant260 g,$5.00ea,,$1.92/ 100g,False,195.0,
bakery,Farmer's Market,Everything Butter Croissants,Farmer's MarketEverything Butter Croissants270 g,$5.00ea,,$1.85/ 100g,False,196.0,
bakery,ACE,Rosemary Focaccia Triangle,ACERosemary Focaccia Triangle960 g,$6.39ea,,$0.67/ 100g,False,197.0,
bakery,Dimpflmeier,Sonnenblumenkerne Bread,DimpflmeierSonnenblumenkerne Bread454 g,$3.89ea,,$0.86/ 100g,False,198.0,
bakery,,Chocolate Croissants ,Chocolate Croissants 423 g,$5.00ea,,$1.18/ 100g,False,199.0,
bakery,Farmer's Market,Chocolate Ganache Coffee Cake,Farmer's MarketChocolate Ganache Coffee Cake500 g,$6.00ea,,$1.20/ 100g,False,200.0,
bakery,Farmer's Market,Cherry Pie 10 Inch,Farmer's MarketCherry Pie 10 Inch1 kg,$7.50ea,,$0.75/ 100g,False,201.0,
bakery,Farmer's Market,T&S Shortbread Cookies Pk 12  ,Farmer's MarketT&S Shortbread Cookies Pk 12  372 g,$5.00ea,,$1.34/ 100g,False,202.0,
bakery,Farmer's Market,Waffles,Farmer's MarketWaffles420 g,$6.50ea,,$1.55/ 100g,False,203.0,
bakery,Farmer's Market,Cookies Oatmeal,Farmer's MarketCookies Oatmeal456 g,$5.00ea,,$1.10/ 100g,False,204.0,
bakery,Farmer's Market,Mini Angel Food Cakes,Farmer's MarketMini Angel Food Cakes270 g,$3.29ea,,$1.22/ 100g,False,205.0,
bakery,Grandmother's Bake Shoppe,Pecan Tarts,Grandmother's Bake ShoppePecan Tarts765 g,$6.00ea,,$0.78/ 100g,False,206.0,
bakery,,Whole Wheat Mini Dinner Rolls,Whole Wheat Mini Dinner Rolls720 g,$2.99ea,,$0.42/ 100g,False,207.0,
bakery,,Whole Wheat Kaisers,Whole Wheat Kaisers450 g,$1.99ea,,$0.44/ 100g,False,208.0,
bakery,ACE,Olive Oil & Sea Salt Crisps,ACEOlive Oil & Sea Salt Crisps180 g,$5.39ea,,$2.99/ 100g,False,209.0,
bakery,Stonemill,Golden Flax Bread,StonemillGolden Flax Bread454 g,$4.69ea,,$1.03/ 100g,False,210.0,
bakery,Farmer's Market,Pecan Pie 9 Inch,Farmer's MarketPecan Pie 9 Inch580 g,$7.50ea,,$1.29/ 100g,False,211.0,
bakery,,Cheese Kaiser Buns,Cheese Kaiser Buns450 g,$2.39ea,,$0.53/ 100g,False,212.0,
bakery,,French Bread,French Bread490 g,$1.69ea,,$0.34/ 100g,False,213.0,
bakery,Farmer's Market,Brownies,Farmer's MarketBrownies265 g,$3.50ea,,$1.32/ 100g,False,214.0,
bakery,ACE,Brioche Bagel,ACEBrioche Bagel272 g,$3.89ea,,$1.43/ 100g,False,215.0,
bakery,Deli World,Light Rye Bread,Deli WorldLight Rye Bread500 g,$3.99ea,,$0.80/ 100g,False,216.0,
bakery,Farmer's Market,Nanaimo Square,Farmer's MarketNanaimo Square400 g,$5.50ea,,$1.38/ 100g,False,217.0,
bakery,Golden,Eggless Fruit Cake,GoldenEggless Fruit Cake340 g,$2.99ea,,$0.88/ 100g,False,218.0,
bakery,Farmer's Market,Butter Tarts,Farmer's MarketButter Tarts765 g,$7.00ea,,$0.92/ 100g,False,219.0,
bakery,Crispy,Fruit Pound Cake    ,CrispyFruit Pound Cake    0.368 kg,$3.79ea,$3.50ea,$0.95/ 100g,True,220.0,saleEnds 03/15
bakery,,Old Fashioned Wild Blueberry Pie,Old Fashioned Wild Blueberry Pie114 g,$1.50ea,,$1.32/ 100g,False,221.0,
bakery,Farmer's Market,"Sliced Loaf Cake, Banana","Farmer's MarketSliced Loaf Cake, Banana420 g",$5.00ea,,$1.19/ 100g,False,222.0,
bakery,Stonemill,Chia and Supergrains Bread,StonemillChia and Supergrains Bread454 g,$4.69ea,,$1.03/ 100g,False,223.0,
bakery,Farmer's Market,Maple Loaf Cake,Farmer's MarketMaple Loaf Cake390 g,$4.00ea,,$1.03/ 100g,False,224.0,
bakery,Wonder,"Whole Wheat 10"" Wraps","WonderWhole Wheat 10"" Wraps640 g",$4.39ea,,$0.69/ 100g,False,225.0,
bakery,Crispy,"Roti Wrap Original, 15pieces","CrispyRoti Wrap Original, 15pieces750 g",$3.59ea,,$0.48/ 100g,False,226.0,
bakery,Farmer's Market,Marble Coffee Cake,Farmer's MarketMarble Coffee Cake500 g,$6.00ea,,$1.20/ 100g,False,227.0,
bakery,T&T,Almond cookies,T&TAlmond cookies304 g,$3.99ea,,$1.31/ 100g,False,228.0,
bakery,Farmer's Market,"Sliced Loaf Cake, Vanilla","Farmer's MarketSliced Loaf Cake, Vanilla420 g",$5.00ea,,$1.19/ 100g,False,229.0,
bakery,Farmer's Market,Chocolate Chip Cookies,Farmer's MarketChocolate Chip Cookies456 g,$5.00ea,,$1.10/ 100g,False,230.0,
bakery,Farmer's Market,Oatmeal Raisin Cookies,Farmer's MarketOatmeal Raisin Cookies456 g,$5.00ea,,$1.10/ 100g,False,231.0,
bakery,ACE,Roasted Garlic Crostino,ACERoasted Garlic Crostino125 g,$5.39ea,,$4.31/ 100g,False,232.0,
bakery,Dimpflmeier,Jagdschnitten Bread,DimpflmeierJagdschnitten Bread454 g,$3.89ea,,$0.86/ 100g,False,233.0,
bakery,Wonder,Flour Tortillas White 10 Medium ,WonderFlour Tortillas White 10 Medium 340 g,$3.89ea,,$1.14/ 100g,False,234.0,
bakery,Crispy,Cumin/Zeera Short Bread Cookie,CrispyCumin/Zeera Short Bread Cookie0.35 kg,$3.99ea,,$1.14/ 100g,False,235.0,
bakery,,Old Fashioned Lemon Pie ,Old Fashioned Lemon Pie 114 g,$1.50ea,,$1.32/ 100g,False,236.0,
bakery,Dimpflmeier,Klosterbrot Bread,DimpflmeierKlosterbrot Bread907 g,$5.99ea,,$0.66/ 100g,False,237.0,
bakery,Crispy,Almond Honey Cookie,CrispyAlmond Honey Cookie0.35 kg,$3.99ea,,$1.14/ 100g,False,238.0,
bakery,Farmer's Market,Lemon Squares,Farmer's MarketLemon Squares400 g,$5.50ea,,$1.38/ 100g,False,239.0,
bakery,Hostess,Cupcakes Chocolate Cakes,HostessCupcakes Chocolate Cakes206 g,$2.99ea,,$1.45/ 100g,False,240.0,
bakery,Crispy,Almond Honey Cookie,CrispyAlmond Honey Cookie0.35 kg,$3.99ea,,$1.14/ 100g,False,241.0,
bakery,Farmer's Market,Lemon Squares,Farmer's MarketLemon Squares400 g,$5.50ea,,$1.38/ 100g,False,242.0,
bakery,Rubschlager,Bavarian Multigrain Loaf,RubschlagerBavarian Multigrain Loaf454 g,$3.00ea,,$0.66/ 100g,False,243.0,
bakery,President's Choice,Whole Wheat Naan Rounds Buns,President's ChoiceWhole Wheat Naan Rounds Buns480 g,$4.19ea,,$0.87/ 100g,False,244.0,
bakery,President's Choice,Extra Thick Sliced Cinnamon Bread with Raisins,President's ChoiceExtra Thick Sliced Cinnamon Bread with Raisins675 g,$4.00ea,,$0.59/ 100g,False,245.0,
bakery,Country Harvest,Sourdough Bagel,Country HarvestSourdough Bagel450 g,$4.49ea,,$1.00/ 100g,False,246.0,
bakery,DItaliano,Brizzolio Hamburger Buns,DItalianoBrizzolio Hamburger Buns528 g,$3.79ea,,$0.72/ 100g,False,247.0,
bakery,DItaliano,Brioche-Style Sausage Buns,DItalianoBrioche-Style Sausage Buns420 g,$3.79ea,,$0.90/ 100g,False,248.0,
bakery,President's Choice,Original Mini Bagel,President's ChoiceOriginal Mini Bagel380 g,$3.29ea,,$0.87/ 100g,False,249.0,
bakery,Farmer's Market,Pumpkin Pie 10 Inch,Farmer's MarketPumpkin Pie 10 Inch900 g,$7.50ea,,$0.83/ 100g,False,250.0,
bakery,Weston,"Texas Toast Bread, 100% Whole Wheat","WestonTexas Toast Bread, 100% Whole Wheat675 g",$2.99ea,,$0.44/ 100g,False,251.0,
bakery,President's Choice,Gigantico Sausage Buns,President's ChoiceGigantico Sausage Buns432 g,$4.49ea,,$1.04/ 100g,False,252.0,
bakery,LA FOURNEE DOREE,Mini Brioches,LA FOURNEE DOREEMini Brioches480 g,$3.99ea,,$0.83/ 100g,False,253.0,
bakery,President's Choice,Mini Tortilllas Original ,President's ChoiceMini Tortilllas Original 192 g,$3.09ea,,$1.61/ 100g,False,254.0,
bakery,Casa Mendosa,Large Spinach Tortillas,Casa MendosaLarge Spinach Tortillas384 g,$3.89ea,,$1.01/ 100g,False,255.0,
bakery,Country Harvest,"Bread, Herb & Garlic","Country HarvestBread, Herb & Garlic600 g",$3.99ea,,$0.67/ 100g,False,256.0,
bakery,Country Harvest,Seeds and Grains Bread,Country HarvestSeeds and Grains Bread600 g,$3.99ea,,$0.67/ 100g,False,257.0,
bakery,Country Harvest,No Sugar Whole Wheat,Country HarvestNo Sugar Whole Wheat600 g,$3.99ea,,$0.67/ 100g,False,258.0,
bakery,PC Blue Menu,100% Whole Wheat Loaf,PC Blue Menu100% Whole Wheat Loaf450 g,$2.79ea,,$0.62/ 100g,False,259.0,
bakery,Farmer's Market,"Loaf Cake, Cinnamon Swirl","Farmer's MarketLoaf Cake, Cinnamon Swirl390 g",$4.50ea,,$1.15/ 100g,False,260.0,
bakery,Charlottes,Carrot Cake With Cream Cheese Frosting,CharlottesCarrot Cake With Cream Cheese Frosting475 g,$5.00ea,,$1.05/ 100g,False,261.0,
bakery,Charlottes,Real Chocolate Brownie Bites,CharlottesReal Chocolate Brownie Bites290 g,$4.00ea,,$1.38/ 100g,False,262.0,
bakery,Farmer's Market,Lemon Cranberry Muffins,Farmer's MarketLemon Cranberry Muffins600 g,$6.00ea,,$1.00/ 100g,False,263.0,
bakery,ACE,Parmesan Crostino,ACEParmesan Crostino125 g,$5.39ea,,$4.31/ 100g,False,264.0,
bakery,PC Blue Menu,Multigrain Loaf With Quinoa,PC Blue MenuMultigrain Loaf With Quinoa450 g,$2.79ea,,$0.62/ 100g,False,265.0,
bakery,Dempster,Bread,DempsterBread600 g,$4.39ea,,$0.73/ 100g,False,266.0,
bakery,,"Sub Buns, 12 Inch","Sub Buns, 12 Inch420 g",$1.29ea,,$0.31/ 100g,False,267.0,
bakery,Gestion Touche,Vanilla Sunny Shell Cakes,Gestion ToucheVanilla Sunny Shell Cakes23.67 g,$3.00ea,,$2.11/ 100g,False,268.0,
bakery,La Baguetterie,Ciabatta Rolls ,La BaguetterieCiabatta Rolls 400 g,$3.89ea,$3.00ea,$0.75/ 100g,True,269.0,saleEnds 03/15
bakery,Dimpflmeier,Farmer's Gold Bread Light Rye 6 Grain ,DimpflmeierFarmer's Gold Bread Light Rye 6 Grain 700 g,$4.99ea,,$0.71/ 100g,False,270.0,
bakery,ACE,Toasted Sesame Mini Crisps,ACEToasted Sesame Mini Crisps180 g,$5.39ea,,$2.99/ 100g,False,271.0,
bakery,Crispy,Pani Puri,CrispyPani Puri200 g,$4.49ea,,$2.25/ 100g,False,272.0,
bakery,President's Choice,Protein Tortillas,President's ChoiceProtein Tortillas342 g,$4.19ea,,$1.23/ 100g,False,273.0,
bakery,Casa Mendosa,"6 Medium Tortillas, 50-50 Corn Wheat Mix","Casa Mendosa6 Medium Tortillas, 50-50 Corn Wheat Mix204 g",$2.99ea,,$1.47/ 100g,False,274.0,
bakery,President's Choice,Raisin Cinnamon English Muffins,President's ChoiceRaisin Cinnamon English Muffins342 g,$2.49ea,,$0.73/ 100g,False,275.0,
bakery,La Baguetterie,White Baguette,La BaguetterieWhite Baguette326 g,$3.89ea,$3.00ea,$0.92/ 100g,True,276.0,saleEnds 03/15
bakery,LA FOURNEE DOREE,Sliced Brioche Bread,LA FOURNEE DOREESliced Brioche Bread500 g,$5.49ea,,$1.10/ 100g,False,277.0,
bakery,President's Choice,Gluten Free White Bread,President's ChoiceGluten Free White Bread454 g,$5.69ea,,$1.25/ 100g,False,278.0,
bakery,President's Choice,Multigrain Pizza Crusts,President's ChoiceMultigrain Pizza Crusts440 g,$3.99ea,,$0.87/ 100g,False,279.0,
bakery,Farmer's Market,"Loaf Cake, Marble","Farmer's MarketLoaf Cake, Marble390 g",$4.50ea,,$1.15/ 100g,False,280.0,
bakery,President's Choice,Blueberry Mini Muffins,President's ChoiceBlueberry Mini Muffins336 g,$4.50ea,,$1.34/ 100g,False,281.0,
bakery,Crispy,Cake Rusk,CrispyCake Rusk650 g,$5.19ea,,$0.80/ 100g,False,282.0,
bakery,No Name,White Dinner Roll,No NameWhite Dinner Roll420 g,$2.69ea,,$0.64/ 100g,False,283.0,
bakery,ACE,White Gourmet Sausage Bun,ACEWhite Gourmet Sausage Bun340 g,$4.69ea,,$1.38/ 100g,False,284.0,
bakery,Dimpflmeier,Pumpernickel Bread,DimpflmeierPumpernickel Bread454 g,$3.89ea,,$0.86/ 100g,False,285.0,
bakery,Crispy,Namak Para,CrispyNamak Para360 g,$4.49ea,,$1.25/ 100g,False,286.0,
bakery,Crispy,Cashew Short Bread Cookie,CrispyCashew Short Bread Cookie0.3 kg,$3.99ea,,$1.14/ 100g,False,287.0,
bakery,President's Choice,Everything Naan Dippers Club Size,President's ChoiceEverything Naan Dippers Club Size410 g,$6.99ea,,$1.70/ 100g,False,288.0,
bakery,Sara Lee,Little Bites Chocolate Chip Muffins,Sara LeeLittle Bites Chocolate Chip Muffins234 g,$4.19ea,,$1.79/ 100g,False,289.0,
bakery,No Name,Bagel Whole Wheat,No NameBagel Whole Wheat510 g,$2.00ea,,$0.39/ 100g,False,290.0,
bakery,President's Choice,Original Thin Pizza Crusts Thin,President's ChoiceOriginal Thin Pizza Crusts Thin440 g,$3.99ea,,$0.87/ 100g,False,291.0,
bakery,Wonder,Hotdog Buns Ballpark Classics Limited Edition 6 ,WonderHotdog Buns Ballpark Classics Limited Edition 6 432 g,$3.99ea,,$0.92/ 100g,False,292.0,
bakery,Farmer's Market,Apple Pie 10 Inch,Farmer's MarketApple Pie 10 Inch1 kg,$7.50ea,,$0.75/ 100g,False,293.0,
bakery,Rudolphs,Bavarian Multi-grain Bread,RudolphsBavarian Multi-grain Bread500 g,$3.79ea,,$0.76/ 100g,False,294.0,
bakery,Wonder,Wrap Me White Flour Tortillas Large ,WonderWrap Me White Flour Tortillas Large 640 g,$4.39ea,,$0.69/ 100g,False,295.0,
bakery,No Name,Hamburger Buns,No NameHamburger Buns540 g,$2.50ea,,$0.46/ 100g,False,296.0,
bakery,DItaliano,Sausage Buns Brizzolio Extra Soft,DItalianoSausage Buns Brizzolio Extra Soft420 g,$3.79ea,,$0.90/ 100g,False,297.0,
bakery,President's Choice,Brioche Hot Dog Buns,President's ChoiceBrioche Hot Dog Buns270 g,$4.99ea,,$1.85/ 100g,False,298.0,
bakery,PC Blue Menu,Multigrain English Muffins,PC Blue MenuMultigrain English Muffins342 g,$2.49ea,,$0.73/ 100g,False,299.0,
bakery,DItaliano,Italian Style Grains Sliced Bread,DItalianoItalian Style Grains Sliced Bread600 g,$3.79ea,,$0.63/ 100g,False,300.0,
bakery,Dempster,Bread 100% Whole Grains Ancient Grains with Quinoa ,DempsterBread 100% Whole Grains Ancient Grains with Quinoa 600 g,$4.39ea,,$0.73/ 100g,False,301.0,
bakery,President's Choice,Mini Naan Traditional 4 Flatbreads,President's ChoiceMini Naan Traditional 4 Flatbreads180 g,$2.69ea,,$1.49/ 100g,False,302.0,
bakery,No Name,Hamburger Buns,No NameHamburger Buns360 g,$2.10ea,,$0.58/ 100g,False,303.0,
bakery,Farmer's Market,Tiramisu Cake,Farmer's MarketTiramisu Cake675 g,$12.00ea,,$1.78/ 100g,False,304.0,
bakery,DItaliano,Bread Brizzolio Extra Soft Thick Slice,DItalianoBread Brizzolio Extra Soft Thick Slice600 g,$3.79ea,,$0.63/ 100g,False,305.0,
bakery,Farmer's Market,Strawberry Shortcake,Farmer's MarketStrawberry Shortcake755 g,$12.00ea,,$1.59/ 100g,False,306.0,
bakery,Farmer's Market,Double Chocolate Cake,Farmer's MarketDouble Chocolate Cake770 g,$12.00ea,,$1.56/ 100g,False,307.0,
bakery,Country Harvest,Oat & Honey Whole Wheat Bread,Country HarvestOat & Honey Whole Wheat Bread600 g,$3.99ea,,$0.67/ 100g,False,308.0,
bakery,Country Harvest,Cranberry & Oats Loaf,Country HarvestCranberry & Oats Loaf600 g,$3.99ea,,$0.66/ 100g,False,309.0,
bakery,School Safe,Muffin Bars Birthday Cake,School SafeMuffin Bars Birthday Cake296 g,$3.99ea,,$1.35/ 100g,False,310.0,
bakery,Country Harvest,Whole Grains Bread No Sugar Added,Country HarvestWhole Grains Bread No Sugar Added600 g,$3.99ea,,$0.67/ 100g,False,311.0,
