category,brand,product_text,product_name,price_text,sale_price,per_unit_price_text,is_sale,ranking,sale_valid_to
dairy_and_eggs,No Name,Large Grade A Eggs,No NameLarge Grade A Eggs12 eggs,$3.69ea,,$0.31/ 1ea,False,1.0,
dairy_and_eggs,Neilson,Partly Skimmed Milk 2% MF,NeilsonPartly Skimmed Milk 2% MF4 l,$5.89ea,,$0.15/ 100ml,False,2.0,
dairy_and_eggs,No Name,Salted Butter,No NameSalted Butter454 g,$6.49ea,,$1.43/ 100g,False,3.0,
dairy_and_eggs,No Name,Sour Cream 14%,No NameSour Cream 14%500 ml,$2.00ea,,$0.40/ 100ml,False,4.0,
dairy_and_eggs,Neilson,Partly Skimmed Milk 1% MF,NeilsonPartly Skimmed Milk 1% MF4 l,$5.89ea,,$0.15/ 100ml,False,5.0,
dairy_and_eggs,Neilson,Half and Half Cream,NeilsonHalf and Half Cream1 l,$4.09ea,,$0.41/ 100ml,False,6.0,
dairy_and_eggs,No Name,Unsalted Butter,No NameUnsalted Butter454 g,$6.49ea,,$1.43/ 100g,False,7.0,
dairy_and_eggs,Burnbrae Farms,Grade A Large Eggs,Burnbrae FarmsGrade A Large Eggs18 eggs,$6.49ea,,$0.36/ 1ea,False,8.0,
dairy_and_eggs,No Name,Grade A Extra Large Eggs,No NameGrade A Extra Large Eggs12 eggs,$4.39ea,,$0.37/ 1ea,False,9.0,
dairy_and_eggs,President's Choice,Free Run Brown Eggs Large,President's ChoiceFree Run Brown Eggs Large12 eggs,$6.69ea,,$0.56/ 1ea,False,10.0,
dairy_and_eggs,Neilson,Homogenized Milk 3.25%,NeilsonHomogenized Milk 3.25%4 l,$6.89ea,,$0.17/ 100ml,False,11.0,
dairy_and_eggs,Burnbrae Farms,Farm Eggs Medium,Burnbrae FarmsFarm Eggs Medium30 ea,$8.79ea,,$0.29/ 1ea,False,12.0,
dairy_and_eggs,Astro,Original Balkan Balkan Style Yogurt,AstroOriginal Balkan Balkan Style Yogurt750 g,$3.47ea,,$0.46/ 100g,False,13.0,
dairy_and_eggs,Kraft,Singles Original Slices,KraftSingles Original Slices410 g,$5.49ea,,$1.34/ 100g,False,14.0,
dairy_and_eggs,No Name,Farmer's Marble Cheese,No NameFarmer's Marble Cheese400 g,$5.99ea,,$1.50/ 100g,False,15.0,
dairy_and_eggs,No Name,Pasteurized Cream Cheese,No NamePasteurized Cream Cheese250 g,$3.19ea,,$1.28/ 100g,False,16.0,
dairy_and_eggs,IOGO,"Nano Drinkable Yogurt, Strawberry","IOGONano Drinkable Yogurt, Strawberry6x93.0 ml",$3.99ea,$3.39ea,$0.61/ 100ml,True,17.0,saleEnds 03/15
dairy_and_eggs,Gay Lea,"Sour Cream, Regular 14%","Gay LeaSour Cream, Regular 14%500 ml",$3.19ea,,$0.64/ 100ml,False,18.0,
dairy_and_eggs,Philadelphia,Original Cream Cheese Product,PhiladelphiaOriginal Cream Cheese Product227 g,$4.49ea,$4.19ea,$1.85/ 100g,True,19.0,saleEnds 03/15
dairy_and_eggs,Natrel,Lactose Free 2% Dairy Product (2L),NatrelLactose Free 2% Dairy Product (2L)2 l,$6.29ea,,$0.31/ 100ml,False,20.0,
dairy_and_eggs,Neilson,"True Taste, 2% Milk","NeilsonTrue Taste, 2% Milk2 l",$5.59ea,,$0.28/ 100ml,False,21.0,
dairy_and_eggs,No Name,Shredded Mozzarella,No NameShredded Mozzarella320 g,$5.49ea,,$1.72/ 100g,False,22.0,
dairy_and_eggs,PhillySwirl,Original Brick Cream Cheese,PhillySwirlOriginal Brick Cream Cheese250 g,$4.49ea,$4.19ea,$1.68/ 100g,True,23.0,saleEnds 03/15
dairy_and_eggs,Activia,"Yogurt With Probiotics, Vanilla Flavour","ActiviaYogurt With Probiotics, Vanilla Flavour650 g",$4.59ea,,$0.71/ 100g,False,24.0,
dairy_and_eggs,No Name,Marble Cheddar Cheese Slices,No NameMarble Cheddar Cheese Slices230 g,$4.99ea,,$2.17/ 100g,False,25.0,
dairy_and_eggs,No Name,Pizza Mozzarella Cheese with 28% M.F.,No NamePizza Mozzarella Cheese with 28% M.F.400 g,$5.99ea,,$1.50/ 100g,False,26.0,
dairy_and_eggs,Becel,Margarine Original,BecelMargarine Original850 g,$8.79ea,,$1.03/ 100g,False,27.0,
dairy_and_eggs,No Name,Old Cheddar Cheese,No NameOld Cheddar Cheese400 g,$5.99ea,,$1.50/ 100g,False,28.0,
dairy_and_eggs,Neilson,Trutaste Light Cream,NeilsonTrutaste Light Cream1 l,$4.09ea,,$0.41/ 100ml,False,29.0,
dairy_and_eggs,No Name,Shredded Nacho Cheese Blend,No NameShredded Nacho Cheese Blend320 g,$5.49ea,,$1.72/ 100g,False,30.0,
dairy_and_eggs,No Name,Plain Stirred 0% M.F. Yogurt,No NamePlain Stirred 0% M.F. Yogurt750 g,$3.19ea,,$0.43/ 100g,False,31.0,
dairy_and_eggs,No Name,Grade A Large Brown Eggs,No NameGrade A Large Brown Eggs12 eggs,$5.89ea,,$0.49/ 1ea,False,32.0,
dairy_and_eggs,Olivina,Margarine,OlivinaMargarine427 g,$4.39ea,,$1.03/ 100g,False,33.0,
dairy_and_eggs,Becel,Calorie-Reduced Margarine Light,BecelCalorie-Reduced Margarine Light907 g,$8.79ea,,$1.03/ 100g,False,34.0,
dairy_and_eggs,Activia,"Yogurt With Probiotics, Prune Flavour","ActiviaYogurt With Probiotics, Prune Flavour650 g",$4.59ea,,$0.71/ 100g,False,35.0,
dairy_and_eggs,No Name,Light 5% M.F. Sour Cream ,No NameLight 5% M.F. Sour Cream 250 ml,$2.49ea,,$1.00/ 100ml,False,36.0,
dairy_and_eggs,Philadelphia,Light Original Cream Cheese Product,PhiladelphiaLight Original Cream Cheese Product227 g,$4.19ea,,$1.85/ 100g,False,37.0,
dairy_and_eggs,Gay Lea,Butter Garlic Parsley ,Gay LeaButter Garlic Parsley 125 g,$3.99ea,,$3.19/ 100g,False,38.0,
dairy_and_eggs,Nestle,Nesquik Milkshake,NestleNesquik Milkshake473 ml,$2.75ea,$1.29ea,$0.27/ 100ml,True,39.0,saleEnds 03/15
dairy_and_eggs,Neilson,Trutaste Lactose Free 2% Milk,NeilsonTrutaste Lactose Free 2% Milk1 l,$4.49ea,,$0.45/ 100ml,False,40.0,
dairy_and_eggs,Burnbrae Farms,"Egg Creations, Cheese & Chives","Burnbrae FarmsEgg Creations, Cheese & Chives500 g",$5.47ea,,$1.09/ 100g,False,41.0,
dairy_and_eggs,President's Choice,Havarti Cheese,President's ChoiceHavarti Cheese400 g,$6.99ea,,$1.75/ 100g,False,42.0,
dairy_and_eggs,Neilson,Trutaste Homogenized Milk Lactose Free 3.25% M.F.,NeilsonTrutaste Homogenized Milk Lactose Free 3.25% M.F.4 l,$10.99ea,,$0.27/ 100ml,False,43.0,
dairy_and_eggs,Neilson,Chocolate Milkshake,NeilsonChocolate Milkshake310 ml,$1.39ea,,$0.45/ 100ml,False,44.0,
dairy_and_eggs,Neilson,Trutaste Lactose Free 1% Milk,NeilsonTrutaste Lactose Free 1% Milk4 l,$10.69ea,,$0.27/ 100ml,False,45.0,
dairy_and_eggs,Neilson,"Flavoured Milk, Chocolate","NeilsonFlavoured Milk, Chocolate2 l",$5.19ea,,$0.26/ 100ml,False,46.0,
dairy_and_eggs,PC Blue Menu,Blue Menu Calorie Reduced Margarine,PC Blue MenuBlue Menu Calorie Reduced Margarine907 g,$5.29ea,,$0.58/ 100g,False,47.0,
dairy_and_eggs,No Name,Medium Cheddar Cheese Slices,No NameMedium Cheddar Cheese Slices230 g,$4.99ea,,$2.17/ 100g,False,48.0,
dairy_and_eggs,President's Choice,Havarti Sliced Cheese,President's ChoiceHavarti Sliced Cheese210 g,$5.29ea,,$2.52/ 100g,False,49.0,
dairy_and_eggs,No Name,1% M.F. Light Cottage Cheese,No Name1% M.F. Light Cottage Cheese500 g,$4.29ea,$3.49ea,$0.70/ 100g,True,50.0,saleEnds 03/22
dairy_and_eggs,President's Choice,Plant Based Butter Alternative Unsalted,President's ChoicePlant Based Butter Alternative Unsalted454 g,$3.79ea,,$0.83/ 100g,False,51.0,
dairy_and_eggs,No Name,Vanilla Stirred 0% M.F. Yogurt,No NameVanilla Stirred 0% M.F. Yogurt650 g,$3.19ea,,$0.49/ 100g,False,52.0,
dairy_and_eggs,No Name,68% Vegetable Oil Margarine ,No Name68% Vegetable Oil Margarine 907 g,$4.19ea,,$0.46/ 100g,False,53.0,
dairy_and_eggs,No Name, 75% Vegetable Oil Margarine Squares,No Name 75% Vegetable Oil Margarine Squares1.36 kg,$6.19ea,,$0.46/ 100g,False,54.0,
dairy_and_eggs,Milk 2 Go,"Sport, Chocolate","Milk 2 GoSport, Chocolate325 ml",$2.29ea,,$0.70/ 100ml,False,55.0,
dairy_and_eggs,President's Choice,Havarti Cheese,President's ChoiceHavarti Cheese400 g,$6.99ea,,$1.75/ 100g,False,56.0,
dairy_and_eggs,Burnbrae Farms,"Egg Creations, Cheese & Chives","Burnbrae FarmsEgg Creations, Cheese & Chives500 g",$5.47ea,,$1.09/ 100g,False,57.0,
dairy_and_eggs,Neilson,Trutaste Homogenized Milk Lactose Free 3.25% M.F.,NeilsonTrutaste Homogenized Milk Lactose Free 3.25% M.F.4 l,$10.99ea,,$0.27/ 100ml,False,58.0,
dairy_and_eggs,International Delight,Southern Butter Pecan Coffee Creamer,International DelightSouthern Butter Pecan Coffee Creamer946 ml,$5.69ea,$4.29ea,$0.45/ 100ml,True,59.0,saleEnds 03/15
dairy_and_eggs,Burnbrae Farms,"Grade A Brown Eggs, Large","Burnbrae FarmsGrade A Brown Eggs, Large6 eggs",$3.35ea,,$0.56/ 1ea,False,60.0,
dairy_and_eggs,Neilson,Skim Milk,NeilsonSkim Milk4 l,$5.89ea,,$0.15/ 100ml,False,61.0,
dairy_and_eggs,Neilson,Homogenized Milk,NeilsonHomogenized Milk2 l,$5.29ea,,$0.26/ 100ml,False,62.0,
dairy_and_eggs,Becel,Margarine with Avocado Oil,BecelMargarine with Avocado Oil850 g,$8.79ea,,$1.03/ 100g,False,63.0,
dairy_and_eggs,No Name,Light Medium Cheddar Cheese,No NameLight Medium Cheddar Cheese400 g,$5.99ea,,$1.50/ 100g,False,64.0,
dairy_and_eggs,Burnbrae Farms,Naturegg Simply Egg Whites,Burnbrae FarmsNaturegg Simply Egg Whites1 ea,$4.99ea,,$1.00/ 100ml,False,65.0,
dairy_and_eggs,Black Diamond,Processed Cheddar Cheese Slices Thick,Black DiamondProcessed Cheddar Cheese Slices Thick410 g,$3.89ea,,$0.95/ 100g,False,66.0,
dairy_and_eggs,No Name,Cream Cheese Product With Strawberries,No NameCream Cheese Product With Strawberries227 g,$3.19ea,,$1.41/ 100g,False,67.0,
dairy_and_eggs,No Name,Plain Stirred 0% M.F. Yogurt,No NamePlain Stirred 0% M.F. Yogurt750 g,$3.19ea,,$0.43/ 100g,False,68.0,
dairy_and_eggs,No Name,Grade A Large Brown Eggs,No NameGrade A Large Brown Eggs12 eggs,$5.89ea,,$0.49/ 1ea,False,69.0,
dairy_and_eggs,Olivina,Margarine,OlivinaMargarine427 g,$4.39ea,,$1.03/ 100g,False,70.0,
dairy_and_eggs,Becel,Calorie-Reduced Margarine Light,BecelCalorie-Reduced Margarine Light907 g,$8.79ea,,$1.03/ 100g,False,71.0,
dairy_and_eggs,No Name,Stirred Yogurts 0 % M.F.,No NameStirred Yogurts 0 % M.F.12x100.0 g,$4.29ea,,$0.36/ 100g,False,72.0,
dairy_and_eggs,Burnbrae Farms,Naturegg Free Run Omega 3 Eggs,Burnbrae FarmsNaturegg Free Run Omega 3 Eggs12 eggs,$7.39ea,,$0.62/ 1ea,False,73.0,
dairy_and_eggs,Gay Lea,Butter 84 Baker's Gold ,Gay LeaButter 84 Baker's Gold 250 g,$7.79ea,,$3.12/ 100g,False,74.0,
dairy_and_eggs,PC Blue Menu,"Free Run Omega-3 Hard-Boiled Peeled Eggs, Pack of 3","PC Blue MenuFree Run Omega-3 Hard-Boiled Peeled Eggs, Pack of 33x88.0 g",$3.29ea,,$3.74/ 100g,False,75.0,
dairy_and_eggs,President's Choice,Plant Based Sour Cream Alternative,President's ChoicePlant Based Sour Cream Alternative340 ml,$3.19ea,,$0.94/ 100ml,False,76.0,
dairy_and_eggs,Philadelphia,Original Light Cream Cheese Product,PhiladelphiaOriginal Light Cream Cheese Product340 g,$6.99ea,,$2.06/ 100g,False,77.0,
dairy_and_eggs,President's Choice,Plant Based Butter Alternative Salted,President's ChoicePlant Based Butter Alternative Salted454 g,$3.79ea,,$0.83/ 100g,False,78.0,
dairy_and_eggs,Cracker Barrel,Slice Marble Cheddar,Cracker BarrelSlice Marble Cheddar240 g,$6.29ea,$4.49ea,$1.87/ 100g,True,79.0,saleEnds 03/15
dairy_and_eggs,Lactantia,Provencal Garlic Butter,LactantiaProvencal Garlic Butter125 g,$3.59ea,,$2.87/ 100g,False,80.0,
dairy_and_eggs,Imperial,Margarine Quarters,ImperialMargarine Quarters1.36 kg,$10.29ea,,$0.76/ 100g,False,81.0,
dairy_and_eggs,Brar's,Malai Paneer 20% M.F.,Brar'sMalai Paneer 20% M.F.375 g,$6.49ea,,$1.73/ 100g,False,82.0,
dairy_and_eggs,Golden Gate,Mirage Margarine,Golden GateMirage Margarine2.72 kg,$13.69ea,,$0.50/ 100g,False,83.0,
dairy_and_eggs,Tre Stelle,"Tre Stelle Creamy Cheese Spread, Lactose Free","Tre StelleTre Stelle Creamy Cheese Spread, Lactose Free200 g",$4.49ea,,$2.25/ 100g,False,84.0,
dairy_and_eggs,Armstrong,Bar Pizza Mozzerella 28%,ArmstrongBar Pizza Mozzerella 28%400 g,$7.79ea,,$1.95/ 100g,False,85.0,
dairy_and_eggs,Neilson,"Flavoured Milk, Chocolate","NeilsonFlavoured Milk, Chocolate473 ml",$2.39ea,,$0.51/ 100ml,False,86.0,
dairy_and_eggs,Burnbrae Farms,"Egg Creations, Original","Burnbrae FarmsEgg Creations, Original500 g",$5.47ea,,$1.09/ 100g,False,87.0,
dairy_and_eggs,President's Choice,Country Churned Salted Butter,President's ChoiceCountry Churned Salted Butter454 g,$8.29ea,,$1.83/ 100g,False,88.0,
dairy_and_eggs,President's Choice,Lactose Free 14% M.F. Sour Cream,President's ChoiceLactose Free 14% M.F. Sour Cream500 ml,$3.89ea,,$0.78/ 100ml,False,89.0,
dairy_and_eggs,Neilson,Chocolate Milkshake,NeilsonChocolate Milkshake310 ml,$1.39ea,,$0.45/ 100ml,False,90.0,
dairy_and_eggs,Neilson,Trutaste Lactose Free 1% Milk,NeilsonTrutaste Lactose Free 1% Milk4 l,$10.69ea,,$0.27/ 100ml,False,91.0,
dairy_and_eggs,President's Choice,Monterey Jack Sliced Cheese,President's ChoiceMonterey Jack Sliced Cheese210 g,$5.29ea,,$2.52/ 100g,False,92.0,
dairy_and_eggs,PhillySwirl,Light Cream Cheese Spread,PhillySwirlLight Cream Cheese Spread250 g,$4.19ea,,$1.68/ 100g,False,93.0,
dairy_and_eggs,Neilson,"Flavoured Milk, Chocolate","NeilsonFlavoured Milk, Chocolate2 l",$5.19ea,,$0.26/ 100ml,False,94.0,
dairy_and_eggs,PC Blue Menu,Blue Menu Calorie Reduced Margarine,PC Blue MenuBlue Menu Calorie Reduced Margarine907 g,$5.29ea,,$0.58/ 100g,False,95.0,
dairy_and_eggs,No Name,Medium Cheddar Cheese Slices,No NameMedium Cheddar Cheese Slices230 g,$4.99ea,,$2.17/ 100g,False,96.0,
dairy_and_eggs,Gay Lea,Butter 84 Baker's Gold ,Gay LeaButter 84 Baker's Gold 250 g,$7.79ea,,$3.12/ 100g,False,97.0,
dairy_and_eggs,PC Blue Menu,"Free Run Omega-3 Hard-Boiled Peeled Eggs, Pack of 3","PC Blue MenuFree Run Omega-3 Hard-Boiled Peeled Eggs, Pack of 33x88.0 g",$3.29ea,,$3.74/ 100g,False,98.0,
dairy_and_eggs,Golden Gate,Mirage Margarine,Golden GateMirage Margarine2.72 kg,$13.69ea,,$0.50/ 100g,False,99.0,
dairy_and_eggs,President's Choice,Country Churned Salted Butter,President's ChoiceCountry Churned Salted Butter454 g,$8.29ea,,$1.83/ 100g,False,100.0,
dairy_and_eggs,President's Choice,Lactose Free 14% M.F. Sour Cream,President's ChoiceLactose Free 14% M.F. Sour Cream500 ml,$3.89ea,,$0.78/ 100ml,False,101.0,
dairy_and_eggs,Tre Stelle,"Tre Stelle Creamy Cheese Spread, Lactose Free","Tre StelleTre Stelle Creamy Cheese Spread, Lactose Free200 g",$4.49ea,,$2.25/ 100g,False,102.0,
dairy_and_eggs,Armstrong,Bar Pizza Mozzerella 28%,ArmstrongBar Pizza Mozzerella 28%400 g,$7.79ea,,$1.95/ 100g,False,103.0,
dairy_and_eggs,Neilson,"Flavoured Milk, Chocolate","NeilsonFlavoured Milk, Chocolate473 ml",$2.39ea,,$0.51/ 100ml,False,104.0,
dairy_and_eggs,International Delight,Southern Butter Pecan Coffee Creamer,International DelightSouthern Butter Pecan Coffee Creamer946 ml,$5.69ea,$4.29ea,$0.45/ 100ml,True,105.0,saleEnds 03/15
dairy_and_eggs,No Name,Light Medium Cheddar Cheese,No NameLight Medium Cheddar Cheese400 g,$5.99ea,,$1.50/ 100g,False,106.0,
dairy_and_eggs,No Name,Cream Cheese Product With Strawberries,No NameCream Cheese Product With Strawberries227 g,$3.19ea,,$1.41/ 100g,False,107.0,
dairy_and_eggs,Neilson,Skim Milk,NeilsonSkim Milk4 l,$5.89ea,,$0.15/ 100ml,False,108.0,
dairy_and_eggs,Neilson,Homogenized Milk,NeilsonHomogenized Milk2 l,$5.29ea,,$0.26/ 100ml,False,109.0,
dairy_and_eggs,Becel,Margarine with Avocado Oil,BecelMargarine with Avocado Oil850 g,$8.79ea,,$1.03/ 100g,False,110.0,
dairy_and_eggs,Lactantia,Provencal Garlic Butter,LactantiaProvencal Garlic Butter125 g,$3.59ea,,$2.87/ 100g,False,111.0,
dairy_and_eggs,Brar's,Malai Paneer 20% M.F.,Brar'sMalai Paneer 20% M.F.375 g,$6.49ea,,$1.73/ 100g,False,112.0,
dairy_and_eggs,Burnbrae Farms,Naturegg Simply Egg Whites,Burnbrae FarmsNaturegg Simply Egg Whites1 ea,$4.99ea,,$1.00/ 100ml,False,113.0,
dairy_and_eggs,Black Diamond,Processed Cheddar Cheese Slices Thick,Black DiamondProcessed Cheddar Cheese Slices Thick410 g,$3.89ea,,$0.95/ 100g,False,114.0,
dairy_and_eggs,Burnbrae Farms,"Grade A Brown Eggs, Large","Burnbrae FarmsGrade A Brown Eggs, Large6 eggs",$3.35ea,,$0.56/ 1ea,False,115.0,
dairy_and_eggs,No Name,68% Vegetable Oil Margarine ,No Name68% Vegetable Oil Margarine 907 g,$4.19ea,,$0.46/ 100g,False,116.0,
dairy_and_eggs,No Name, 75% Vegetable Oil Margarine Squares,No Name 75% Vegetable Oil Margarine Squares1.36 kg,$6.19ea,,$0.46/ 100g,False,117.0,
dairy_and_eggs,Milk 2 Go,"Sport, Chocolate","Milk 2 GoSport, Chocolate325 ml",$2.29ea,,$0.70/ 100ml,False,118.0,
dairy_and_eggs,No Name,1% M.F. Light Cottage Cheese,No Name1% M.F. Light Cottage Cheese500 g,$4.29ea,$3.49ea,$0.70/ 100g,True,119.0,saleEnds 03/22
dairy_and_eggs,Kraft,Grated Parmesan Cheese,KraftGrated Parmesan Cheese250 g,$7.79ea,,$3.12/ 100g,False,120.0,
dairy_and_eggs,Yoplait,Yop Drinkable Yogurt  Strawberry-Banana Flavour,YoplaitYop Drinkable Yogurt  Strawberry-Banana Flavour200 ml,$0.99ea,$0.89ea,$0.45/ 100ml,True,121.0,saleEnds 03/15
dairy_and_eggs,Liberte,Kéfir 1% MF Plain,LiberteKéfir 1% MF Plain1000 ml,$5.49ea,,$0.55/ 100ml,False,122.0,
dairy_and_eggs,Kraft,Cheez Whiz Cheese Spread,KraftCheez Whiz Cheese Spread450 g,$6.49ea,,$1.44/ 100g,False,123.0,
dairy_and_eggs,IOGO,"Nano Yogurt, Vanilla","IOGONano Yogurt, Vanilla6x93.0 ml",$4.19ea,$3.39ea,$0.61/ 100ml,True,124.0,saleEnds 03/15
dairy_and_eggs,Activia,"Yogurt With Probiotics, Strawberry Vanilla Flavour","ActiviaYogurt With Probiotics, Strawberry Vanilla Flavour8x100.0 g",$5.49ea,,$0.69/ 100g,False,125.0,
dairy_and_eggs,Liberte,Grk Ex Crm Vanilla 5%,LiberteGrk Ex Crm Vanilla 5%650 g,$6.49ea,,$1.00/ 100g,False,126.0,
dairy_and_eggs,Tre Stelle,"Grated Cheese, 100% Parmesan","Tre StelleGrated Cheese, 100% Parmesan200 g",$7.29ea,,$3.65/ 100g,False,127.0,
dairy_and_eggs,No Name,Light Medium Cheddar Cheese,No NameLight Medium Cheddar Cheese200 g,$3.99ea,,$2.00/ 100g,False,128.0,
dairy_and_eggs,Becel,Margarine with Olive Oil,BecelMargarine with Olive Oil850 g,$8.79ea,,$1.03/ 100g,False,129.0,
dairy_and_eggs,Gay Lea,"Nordica Cottage Cheese, 2%","Gay LeaNordica Cottage Cheese, 2%500 g",$3.89ea,$2.99ea,$0.60/ 100g,True,130.0,saleEnds 03/15
dairy_and_eggs,Neilson,Whipping Cream,NeilsonWhipping Cream237 ml,$3.19ea,,$1.35/ 100ml,False,131.0,
dairy_and_eggs,Neilson,TruTaste 1% Milk,NeilsonTruTaste 1% Milk2 l,$5.59ea,,$0.28/ 100ml,False,132.0,
dairy_and_eggs,Burnbrae Farms,Naturegg Egg Whites,Burnbrae FarmsNaturegg Egg Whites2x250.0 ea,$5.77ea,,$1.15/ 100ml,False,133.0,
dairy_and_eggs,Starbucks,White Chocolate Mocha Liquid Coffee Enhancer,StarbucksWhite Chocolate Mocha Liquid Coffee Enhancer828 ml,$7.49ea,,$0.90/ 100ml,False,134.0,
dairy_and_eggs,President's Choice,Country Churned Unsalted Butter ,President's ChoiceCountry Churned Unsalted Butter 454 g,$8.29ea,,$1.83/ 100g,False,135.0,
dairy_and_eggs,No Name,Fat-Free Cottage Cheese,No NameFat-Free Cottage Cheese500 g,$4.29ea,$3.49ea,$0.70/ 100g,True,136.0,saleEnds 03/22
dairy_and_eggs,Burnbrae Farms,Naturegg Omega 3 White Eggs,Burnbrae FarmsNaturegg Omega 3 White Eggs6 eggs,$3.79ea,,$0.63/ 1ea,False,137.0,
dairy_and_eggs,Black Diamond,Thin Slice Fat Free Cheese,Black DiamondThin Slice Fat Free Cheese410 g,$3.89ea,,$0.95/ 100g,False,138.0,
dairy_and_eggs,Armstrong,Old Cheddar Light,ArmstrongOld Cheddar Light400 g,$7.79ea,,$1.95/ 100g,False,139.0,
dairy_and_eggs,Burnbrae Farms,"Super Bon-Ee Grade A White Eggs, Super Extra Large","Burnbrae FarmsSuper Bon-Ee Grade A White Eggs, Super Extra Large12 eggs",$5.19ea,,$0.43/ 1ea,False,140.0,
dairy_and_eggs,Becel,Margarine with Oat Beverage,BecelMargarine with Oat Beverage850 g,$8.79ea,,$1.03/ 100g,False,141.0,
dairy_and_eggs,Burnbrae Farms,"Grade A White Eggs, Large","Burnbrae FarmsGrade A White Eggs, Large6 eggs",$2.85ea,,$0.48/ 1ea,False,142.0,
dairy_and_eggs,President's Choice,Phyllo Pastry,President's ChoicePhyllo Pastry454 g,$4.79ea,,$1.06/ 100g,False,143.0,
dairy_and_eggs,Natrel,Lactose Free Homogenized Milk,NatrelLactose Free Homogenized Milk2 l,$6.29ea,,$0.31/ 100ml,False,144.0,
dairy_and_eggs,Neilson,Caramel Chocolate Milkshake,NeilsonCaramel Chocolate Milkshake310 ml,$1.39ea,,$0.45/ 100ml,False,145.0,
dairy_and_eggs,No Name,Pizza Mozzarella Cheese ,No NamePizza Mozzarella Cheese 200 g,$3.99ea,,$2.00/ 100g,False,146.0,
dairy_and_eggs,Philadelphia,"Original Cream Cheese, Lactose Free","PhiladelphiaOriginal Cream Cheese, Lactose Free250 g",$6.29ea,,$2.52/ 100g,False,147.0,
dairy_and_eggs,Lactantia,3.25% M.F. Homogenized Milk,Lactantia3.25% M.F. Homogenized Milk2 l,$5.79ea,,$0.29/ 100ml,False,148.0,
dairy_and_eggs,Cracker Barrel,Slice Medium Cheddar Light,Cracker BarrelSlice Medium Cheddar Light240 g,$6.29ea,$4.49ea,$1.87/ 100g,True,149.0,saleEnds 03/15
dairy_and_eggs,No Name,Whipped Topping ,No NameWhipped Topping 225 g,$3.49ea,,$1.55/ 100g,False,150.0,
dairy_and_eggs,Becel,Buttery Taste Margarine,BecelButtery Taste Margarine680 g,$8.79ea,,$1.38/ 100g,False,151.0,
dairy_and_eggs,Saputo,Mozzarellissima,SaputoMozzarellissima500 g,$9.99ea,,$2.00/ 100g,False,152.0,
dairy_and_eggs,Armstrong,Old Cheddar Light,ArmstrongOld Cheddar Light400 g,$7.79ea,,$1.95/ 100g,False,153.0,
dairy_and_eggs,Armstrong,Medium Cheddar Light,ArmstrongMedium Cheddar Light400 g,$7.79ea,,$1.95/ 100g,False,154.0,
dairy_and_eggs,MacLarens,Cheese Spread,MacLarensCheese Spread230 g,$8.79ea,,$3.82/ 100g,False,155.0,
dairy_and_eggs,No Name,Cheddar Flavour Processed Cheese Product Thick Slices,No NameCheddar Flavour Processed Cheese Product Thick Slices400 g,$4.29ea,,$1.07/ 100g,False,156.0,
dairy_and_eggs,President's Choice,Phyllo Pastry,President's ChoicePhyllo Pastry454 g,$4.79ea,,$1.06/ 100g,False,157.0,
dairy_and_eggs,Astro,"Smooth 'N Fruity Yogurt, Strawberry","AstroSmooth 'N Fruity Yogurt, Strawberry650 g",$3.47ea,,$0.53/ 100g,False,158.0,
dairy_and_eggs,Neilson,Skim Milk,NeilsonSkim Milk1 l,$3.49ea,,$0.35/ 100ml,False,159.0,
dairy_and_eggs,Neilson,Skim Milk,NeilsonSkim Milk2 l,$5.19ea,,$0.26/ 100ml,False,160.0,
dairy_and_eggs,Burnbrae Farms,"Super Bon-Ee Grade A White Eggs, Super Extra Large","Burnbrae FarmsSuper Bon-Ee Grade A White Eggs, Super Extra Large12 eggs",$5.19ea,,$0.43/ 1ea,False,161.0,
dairy_and_eggs,Becel,Margarine with Oat Beverage,BecelMargarine with Oat Beverage850 g,$8.79ea,,$1.03/ 100g,False,162.0,
dairy_and_eggs,Burnbrae Farms,"Grade A White Eggs, Large","Burnbrae FarmsGrade A White Eggs, Large6 eggs",$2.85ea,,$0.48/ 1ea,False,163.0,
dairy_and_eggs,Black Diamond,Thin Slice Fat Free Cheese,Black DiamondThin Slice Fat Free Cheese410 g,$3.89ea,,$0.95/ 100g,False,164.0,
dairy_and_eggs,No Name,Light Coffee Whitener,No NameLight Coffee Whitener450 g,$4.39ea,$3.00ea,$0.67/ 100g,True,165.0,saleEnds 03/15
dairy_and_eggs,Milk 2 Go,Chocolate Partly Skimmed Milk 1% M.F. 6 x,Milk 2 GoChocolate Partly Skimmed Milk 1% M.F. 6 x6x200.0 ml,$5.49ea,$4.49ea,$374.17/ 100ml,True,166.0,saleEnds 03/15
dairy_and_eggs,Starbucks,White Chocolate Mocha Liquid Coffee Enhancer,StarbucksWhite Chocolate Mocha Liquid Coffee Enhancer828 ml,$7.49ea,,$0.90/ 100ml,False,167.0,
dairy_and_eggs,President's Choice,Country Churned Unsalted Butter ,President's ChoiceCountry Churned Unsalted Butter 454 g,$8.29ea,,$1.83/ 100g,False,168.0,
dairy_and_eggs,Becel,Margarine with Olive Oil,BecelMargarine with Olive Oil850 g,$8.79ea,,$1.03/ 100g,False,169.0,
dairy_and_eggs,Gay Lea,"Nordica Cottage Cheese, 2%","Gay LeaNordica Cottage Cheese, 2%500 g",$3.89ea,$2.99ea,$0.60/ 100g,True,170.0,saleEnds 03/15
dairy_and_eggs,Burnbrae Farms,"Naturegg Omega 3 White Eggs, Large","Burnbrae FarmsNaturegg Omega 3 White Eggs, Large12 eggs",$6.39ea,,$0.53/ 1ea,False,171.0,
dairy_and_eggs,Neilson,"Homogenized Milk Microfiltered, 3.25% M.F.","NeilsonHomogenized Milk Microfiltered, 3.25% M.F.1 l",$3.79ea,,$0.38/ 100ml,False,172.0,
dairy_and_eggs,Neilson,Whipping Cream,NeilsonWhipping Cream237 ml,$3.19ea,,$1.35/ 100ml,False,173.0,
dairy_and_eggs,Neilson,TruTaste 1% Milk,NeilsonTruTaste 1% Milk2 l,$5.59ea,,$0.28/ 100ml,False,174.0,
dairy_and_eggs,Burnbrae Farms,Naturegg Egg Whites,Burnbrae FarmsNaturegg Egg Whites2x250.0 ea,$5.77ea,,$1.15/ 100ml,False,175.0,
dairy_and_eggs,International Delight,Reduced Sugar French Vanilla Coffee Creamer,International DelightReduced Sugar French Vanilla Coffee Creamer946 ml,$5.69ea,$4.29ea,$0.45/ 100ml,True,176.0,saleEnds 03/15
dairy_and_eggs,International Delight,"Maple Latte Flavoured Coffee Creamer, 63 Servings","International DelightMaple Latte Flavoured Coffee Creamer, 63 Servings946 ml",$5.69ea,$4.29ea,$0.45/ 100ml,True,177.0,saleEnds 03/15
dairy_and_eggs,Milk 2 Go,"Sport, Vanilla","Milk 2 GoSport, Vanilla325 ml",$2.29ea,,$0.70/ 100ml,False,178.0,
dairy_and_eggs,No Name,Light Original Cream Cheese Product,No NameLight Original Cream Cheese Product227 g,$3.19ea,,$1.41/ 100g,False,179.0,
dairy_and_eggs,Starbucks,Cinnamon Dolce Latte,StarbucksCinnamon Dolce Latte828 ml,$7.49ea,,$0.90/ 100ml,False,180.0,
dairy_and_eggs,Lactantia,"Fresh Churned Butter, Salted","LactantiaFresh Churned Butter, Salted454 g",$8.29ea,,$1.83/ 100g,False,181.0,
dairy_and_eggs,Natrel,Lactose Free Homogenized Milk,NatrelLactose Free Homogenized Milk2 l,$6.29ea,,$0.31/ 100ml,False,182.0,
dairy_and_eggs,Gay Lea,Butter 84% Sea Salted ,Gay LeaButter 84% Sea Salted 250 g,$7.79ea,,$3.12/ 100g,False,183.0,
dairy_and_eggs,PC Blue Menu,Free Run Egg Whites,PC Blue MenuFree Run Egg Whites1 g,$4.99ea,,$1.00/ 100g,False,184.0,
dairy_and_eggs,No Name,Light Marble Cheddar Cheese,No NameLight Marble Cheddar Cheese200 g,$3.99ea,,$2.00/ 100g,False,185.0,
dairy_and_eggs,Armstrong,"Shredded Natural Cheese Triple Cheddar, 31 % M.F.","ArmstrongShredded Natural Cheese Triple Cheddar, 31 % M.F.320 g",$6.79ea,,$2.12/ 100g,False,186.0,
dairy_and_eggs,Tre Stelle,Tre Stelle Cream Cheese Original    ,Tre StelleTre Stelle Cream Cheese Original    200 g,$4.49ea,,$2.25/ 100g,False,187.0,
dairy_and_eggs,Gay Lea,Unsalted Butter,Gay LeaUnsalted Butter454 g,$7.19ea,$4.44ea,$0.98/ 100g,True,188.0,saleEnds 03/15
dairy_and_eggs,International Delight,"Hazelnut Flavoured Coffee Creamer, 63 Servings","International DelightHazelnut Flavoured Coffee Creamer, 63 Servings946 ml",$5.69ea,$4.29ea,$0.45/ 100ml,True,189.0,saleEnds 03/15
dairy_and_eggs,Milk 2 Go,Vanilla Flavour,Milk 2 GoVanilla Flavour473 ml,$1.75ea,$1.29ea,$0.27/ 100ml,True,190.0,saleEnds 03/15
dairy_and_eggs,President's Choice,Plant Based Coconut Cream Cheese-Style Spread,President's ChoicePlant Based Coconut Cream Cheese-Style Spread227 g,$3.19ea,,$1.41/ 100g,False,191.0,
dairy_and_eggs,Fairlife,Chocolate Lactose Free 2% Partly Skimmed Ultrafiltered Milk,FairlifeChocolate Lactose Free 2% Partly Skimmed Ultrafiltered Milk1.5 l,$5.59ea,,$0.37/ 100ml,False,192.0,
dairy_and_eggs,Saputo,Mozzarellissima,SaputoMozzarellissima500 g,$9.99ea,,$2.00/ 100g,False,193.0,
dairy_and_eggs,President's Choice,Plant Based Coconut Cream Cheese-Style Spread,President's ChoicePlant Based Coconut Cream Cheese-Style Spread227 g,$3.19ea,,$1.41/ 100g,False,194.0,
dairy_and_eggs,Neilson,"Cream, 18%","NeilsonCream, 18%473 ml",$4.19ea,,$0.89/ 100ml,False,195.0,
dairy_and_eggs,President's Choice,Monterey Jack Cheese,President's ChoiceMonterey Jack Cheese400 g,$6.99ea,,$1.75/ 100g,False,196.0,
dairy_and_eggs,President's Choice,Banana 2% M.F. Greek Yogurt,President's ChoiceBanana 2% M.F. Greek Yogurt4x100.0 g,$4.19ea,,$1.05/ 100g,False,197.0,
dairy_and_eggs,Oikos,"High Protein Greek Yogurt, Vanilla Flavour, Blended, Value Tub","OikosHigh Protein Greek Yogurt, Vanilla Flavour, Blended, Value Tub650 g",$5.49ea,,$0.84/ 100g,False,198.0,
dairy_and_eggs,Activia,"Yogurt With Probiotics, Stawberry Raspberry Flavour","ActiviaYogurt With Probiotics, Stawberry Raspberry Flavour8x100.0 g",$5.49ea,,$0.69/ 100g,False,199.0,
dairy_and_eggs,IOGO,"0% Strawberry, Raspberry, Blueberry, Cherry Yogurt","IOGO0% Strawberry, Raspberry, Blueberry, Cherry Yogurt16x100.0 g",$6.99ea,,$0.44/ 100g,False,200.0,
dairy_and_eggs,Oikos,Maple Syrup 2% M.F. Greek Yogurt,OikosMaple Syrup 2% M.F. Greek Yogurt4x100.0 g,$3.99ea,,$1.00/ 100g,False,201.0,
dairy_and_eggs,Oikos,"High Protein Greek Yogurt, Strawberry-Raspberry Flavour, Blended, Value Tub","OikosHigh Protein Greek Yogurt, Strawberry-Raspberry Flavour, Blended, Value Tub650 g",$5.49ea,,$0.84/ 100g,False,202.0,
dairy_and_eggs,Liberte,Greek Grk Ex Crm Str/Ban 5%,LiberteGreek Grk Ex Crm Str/Ban 5%650 g,$6.49ea,,$1.00/ 100g,False,203.0,
dairy_and_eggs,President's Choice,Plain Greek Yogurt Club Size,President's ChoicePlain Greek Yogurt Club Size1 kg,$6.00ea,,$0.60/ 100g,False,204.0,
dairy_and_eggs,IOGO,"Nano Yogurt, Peach 1%","IOGONano Yogurt, Peach 1%6x93.0 ml",$4.19ea,$3.39ea,$0.61/ 100ml,True,205.0,saleEnds 03/15
dairy_and_eggs,Oikos,"Greek Yogurt, Plain, No Added Sugar, 2% Mf, Value Tub","OikosGreek Yogurt, Plain, No Added Sugar, 2% Mf, Value Tub750 g",$5.49ea,,$0.73/ 100g,False,206.0,
dairy_and_eggs,Danone,"Two Good Greek Yogurt, Plain Yogurt Tub, Blended, 2% MF","DanoneTwo Good Greek Yogurt, Plain Yogurt Tub, Blended, 2% MF625 g",$5.99ea,,$0.96/ 100g,False,207.0,
dairy_and_eggs,Armstrong,Old Cheddar Light,ArmstrongOld Cheddar Light400 g,$7.79ea,,$1.95/ 100g,False,208.0,
dairy_and_eggs,No Name,Light Coffee Whitener,No NameLight Coffee Whitener450 g,$4.39ea,$3.00ea,$0.67/ 100g,True,209.0,saleEnds 03/15
dairy_and_eggs,Armstrong,Medium Cheddar Light,ArmstrongMedium Cheddar Light400 g,$7.79ea,,$1.95/ 100g,False,210.0,
dairy_and_eggs,Neilson,Buttermilk,NeilsonButtermilk1 l,$3.50ea,,$0.35/ 100ml,False,211.0,
dairy_and_eggs,Silk,"Half & Half Dairy-Free Coffee Creamer, Oat & Coconut,","SilkHalf & Half Dairy-Free Coffee Creamer, Oat & Coconut,890 ml",$5.49ea,,$0.62/ 100ml,False,212.0,
dairy_and_eggs,Oikos,"Fat Free Greek Yogurt, Coconut Flavour, Blended, 0% M.F.","OikosFat Free Greek Yogurt, Coconut Flavour, Blended, 0% M.F.4x100.0 g",$3.99ea,,$1.00/ 100g,False,213.0,
dairy_and_eggs,Yoplait,Special Edition Yogurt,YoplaitSpecial Edition Yogurt8x56.0 g,$3.29ea,,$0.73/ 100g,False,214.0,
dairy_and_eggs,IOGO,"Nano Drinkable Yogurt, Raspberry","IOGONano Drinkable Yogurt, Raspberry6x93.0 ml",$3.99ea,$3.39ea,$0.61/ 100ml,True,215.0,saleEnds 03/15
dairy_and_eggs,Danone,Oikos Yogurt Extra Creamy Key Lime 9% M.F.,DanoneOikos Yogurt Extra Creamy Key Lime 9% M.F.650 g,$5.49ea,,$0.84/ 100g,False,216.0,
dairy_and_eggs,President's Choice,Lactose Free Plain 2%  M.F. Yogurt,President's ChoiceLactose Free Plain 2%  M.F. Yogurt750 g,$3.59ea,,$0.48/ 100g,False,217.0,
dairy_and_eggs,Activia,"Probiotic Yogurt, Blueberry/Vanilla","ActiviaProbiotic Yogurt, Blueberry/Vanilla12x100.0 g",$6.49ea,$5.49ea,$0.46/ 100g,True,218.0,saleEnds 03/15
dairy_and_eggs,IOGO,"Fat Free Yogurt, Strawberry, Blueberry, Peach, Vanilla","IOGOFat Free Yogurt, Strawberry, Blueberry, Peach, Vanilla16x100.0 g",$6.99ea,,$0.44/ 100g,False,219.0,
dairy_and_eggs,Activia,"Probiotic Yogurt, Raspberry/Apple/Blackberry/Strawberry Flavour, 12XG","ActiviaProbiotic Yogurt, Raspberry/Apple/Blackberry/Strawberry Flavour, 12XG12x100.0 g",$6.49ea,$5.49ea,$0.46/ 100g,True,220.0,saleEnds 03/15
dairy_and_eggs,Oikos,"Greek Yogurt, Strawberry-Banana Flavour, Blended, 2% M.F.","OikosGreek Yogurt, Strawberry-Banana Flavour, Blended, 2% M.F.4x100.0 g",$3.99ea,,$1.00/ 100g,False,221.0,
dairy_and_eggs,Yoplait,Drinkable Yogurt Strawberry-Raspberry 1.5% M.F.,YoplaitDrinkable Yogurt Strawberry-Raspberry 1.5% M.F.8x93.0 ml,$6.49ea,,$0.87/ 100ml,False,222.0,
dairy_and_eggs,Starbucks,Almond And Oat Dairy Free Caramel Macchiato Coffee Enhancer,StarbucksAlmond And Oat Dairy Free Caramel Macchiato Coffee Enhancer828 ml,$7.49ea,,$0.90/ 100ml,False,223.0,
dairy_and_eggs,No Name,2% M.F. Cottage Cheese ,No Name2% M.F. Cottage Cheese 750 g,$5.00ea,,$0.67/ 100g,False,224.0,
dairy_and_eggs,Imperial,Margarine Club Pack,ImperialMargarine Club Pack1.36 kg,$8.99ea,,$0.71/ 100g,False,225.0,
dairy_and_eggs,President's Choice,Cheddar Cheese with Habanero,President's ChoiceCheddar Cheese with Habanero400 g,$6.99ea,,$1.75/ 100g,False,226.0,
dairy_and_eggs,No Name,Dill Pickle Sour Cream Dip,No NameDill Pickle Sour Cream Dip250 g,$2.00ea,,$0.80/ 100g,False,227.0,
dairy_and_eggs,Gay Lea,"Nordica On-The-Go Cottage Cheese, Plain","Gay LeaNordica On-The-Go Cottage Cheese, Plain4x113.0 g",$5.49ea,$2.99ea,$0.66/ 100g,True,228.0,saleEnds 03/15
dairy_and_eggs,No Name,68% Vegetable Oil Margarine ,No Name68% Vegetable Oil Margarine 3.17 kg,$9.89ea,,$0.31/ 100g,False,229.0,
dairy_and_eggs,No Name,75% Vegetable Oil Margarine,No Name75% Vegetable Oil Margarine454 g,$2.49ea,,$0.55/ 100g,False,230.0,
dairy_and_eggs,International Delight,Irish Creme Coffee Creamer,International DelightIrish Creme Coffee Creamer946 ml,$5.69ea,$4.29ea,$0.45/ 100ml,True,231.0,saleEnds 03/15
dairy_and_eggs,Becel,Margarine Vegan,BecelMargarine Vegan850 g,$8.79ea,,$1.03/ 100g,False,232.0,
dairy_and_eggs,Imperial,Soft Margarine Spread,ImperialSoft Margarine Spread427 g,$4.49ea,,$1.05/ 100g,False,233.0,
dairy_and_eggs,IOGO,Creamy Vanilla 1.5% M.F. Yogurt,IOGOCreamy Vanilla 1.5% M.F. Yogurt2 kg,$10.79ea,,$0.54/ 100g,False,234.0,
dairy_and_eggs,Heluva,"Sour Cream Dip, Dill Pickle","HeluvaSour Cream Dip, Dill Pickle250 g",$3.49ea,,$1.40/ 100g,False,235.0,
dairy_and_eggs,Gay Lea,Lactose Free Sour Cream,Gay LeaLactose Free Sour Cream450 ml,$3.19ea,,$0.71/ 100ml,False,236.0,
dairy_and_eggs,Armstrong,Shredded Natural Cheese Pizza Mozzarella,ArmstrongShredded Natural Cheese Pizza Mozzarella320 g,$6.79ea,,$2.12/ 100g,False,237.0,
dairy_and_eggs,Neilson,Whipping Cream,NeilsonWhipping Cream473 ml,$4.79ea,,$1.01/ 100ml,False,238.0,
dairy_and_eggs,Gay Lea,Grass Fed Salted Butter,Gay LeaGrass Fed Salted Butter250 g,$7.79ea,,$3.12/ 100g,False,239.0,
dairy_and_eggs,Neilson,TruTaste Lactose Free 2% Milk,NeilsonTruTaste Lactose Free 2% Milk4 l,$10.69ea,,$0.27/ 100ml,False,240.0,
dairy_and_eggs,Neilson,TruTaste Lactose Free 2% Milk,NeilsonTruTaste Lactose Free 2% Milk4 l,$10.69ea,,$0.27/ 100ml,False,241.0,
dairy_and_eggs,No Name,75% Vegetable Oil Margarine,No Name75% Vegetable Oil Margarine454 g,$2.49ea,,$0.55/ 100g,False,242.0,
dairy_and_eggs,Starbucks,Caramel Macchiato Liquid Coffee Enhancer,StarbucksCaramel Macchiato Liquid Coffee Enhancer828 ml,$7.49ea,,$0.90/ 100ml,False,243.0,
dairy_and_eggs,International Delight,Irish Creme Coffee Creamer,International DelightIrish Creme Coffee Creamer946 ml,$5.69ea,$4.29ea,$0.45/ 100ml,True,244.0,saleEnds 03/15
dairy_and_eggs,Woolwich,Homogenized Goat Milk 3.25%MF  ,WoolwichHomogenized Goat Milk 3.25%MF  4 l,$11.69ea,,$0.29/ 100ml,False,245.0,
dairy_and_eggs,President's Choice,Cheddar Cheese with Habanero,President's ChoiceCheddar Cheese with Habanero400 g,$6.99ea,,$1.75/ 100g,False,246.0,
dairy_and_eggs,No Name,Dill Pickle Sour Cream Dip,No NameDill Pickle Sour Cream Dip250 g,$2.00ea,,$0.80/ 100g,False,247.0,
dairy_and_eggs,Gay Lea,"Nordica On-The-Go Cottage Cheese, Plain","Gay LeaNordica On-The-Go Cottage Cheese, Plain4x113.0 g",$5.49ea,$2.99ea,$0.66/ 100g,True,248.0,saleEnds 03/15
dairy_and_eggs,Becel,Margarine Vegan,BecelMargarine Vegan454 g,$4.99ea,$3.99ea,$0.93/ 100g,True,249.0,saleEnds 03/15
dairy_and_eggs,Imperial,Margarine Club Pack,ImperialMargarine Club Pack1.36 kg,$8.99ea,,$0.71/ 100g,False,250.0,
dairy_and_eggs,Becel,Margarine Vegan,BecelMargarine Vegan850 g,$8.79ea,,$1.03/ 100g,False,251.0,
dairy_and_eggs,Imperial,Soft Margarine Spread,ImperialSoft Margarine Spread427 g,$4.49ea,,$1.05/ 100g,False,252.0,
dairy_and_eggs,IOGO,Creamy Vanilla 1.5% M.F. Yogurt,IOGOCreamy Vanilla 1.5% M.F. Yogurt2 kg,$10.79ea,,$0.54/ 100g,False,253.0,
dairy_and_eggs,Gay Lea,Grass Fed Salted Butter,Gay LeaGrass Fed Salted Butter250 g,$7.79ea,,$3.12/ 100g,False,254.0,
dairy_and_eggs,Starbucks,Almond And Oat Dairy Free Caramel Macchiato Coffee Enhancer,StarbucksAlmond And Oat Dairy Free Caramel Macchiato Coffee Enhancer828 ml,$7.49ea,,$0.90/ 100ml,False,255.0,
dairy_and_eggs,No Name,2% M.F. Cottage Cheese ,No Name2% M.F. Cottage Cheese 750 g,$5.00ea,,$0.67/ 100g,False,256.0,
dairy_and_eggs,Heluva,"Sour Cream Dip, Dill Pickle","HeluvaSour Cream Dip, Dill Pickle250 g",$3.49ea,,$1.40/ 100g,False,257.0,
dairy_and_eggs,Gay Lea,Lactose Free Sour Cream,Gay LeaLactose Free Sour Cream450 ml,$3.19ea,,$0.71/ 100ml,False,258.0,
dairy_and_eggs,Lactantia,1% M.F. Partly Skimmed Milk,Lactantia1% M.F. Partly Skimmed Milk2 l,$5.59ea,,$0.28/ 100ml,False,259.0,
dairy_and_eggs,Neilson,TruTaste 2% Milk,NeilsonTruTaste 2% Milk1 l,$3.50ea,,$0.35/ 100ml,False,260.0,
dairy_and_eggs,Philadelphia,Herb & Garlic Cream Cheese Product,PhiladelphiaHerb & Garlic Cream Cheese Product340 g,$6.99ea,,$2.06/ 100g,False,261.0,
dairy_and_eggs,No Name,Marble Cheddar Cheese Light,No NameMarble Cheddar Cheese Light400 g,$5.99ea,,$1.50/ 100g,False,262.0,
dairy_and_eggs,Neilson,TruTaste 1% Milk,NeilsonTruTaste 1% Milk1 l,$3.50ea,,$0.35/ 100ml,False,263.0,
dairy_and_eggs,Lactantia,"Country Churned Butter, Light","LactantiaCountry Churned Butter, Light454 g",$8.29ea,,$1.83/ 100g,False,264.0,
dairy_and_eggs,Sweet Loren's,Gluten Free Cookie Fudgy Brownie,Sweet Loren'sGluten Free Cookie Fudgy Brownie340 g,$5.79ea,,$1.70/ 100g,False,265.0,
dairy_and_eggs,No Name,Deep Dish Pie Shells,No NameDeep Dish Pie Shells380 g,$4.29ea,,$1.13/ 100g,False,266.0,
dairy_and_eggs,Gay Lea,"Real Whipped Cream, Light","Gay LeaReal Whipped Cream, Light225 g",$4.69ea,,$2.08/ 100g,False,267.0,
dairy_and_eggs,Neilson,Whipping Cream,NeilsonWhipping Cream473 ml,$4.79ea,,$1.01/ 100ml,False,268.0,
dairy_and_eggs,International Delight,"French Vanilla Flavoured Fat Free Coffee Creamer, 63 Servings","International DelightFrench Vanilla Flavoured Fat Free Coffee Creamer, 63 Servings946 ml",$5.69ea,$4.29ea,$0.45/ 100ml,True,269.0,saleEnds 03/15
dairy_and_eggs,Burnbrae Farms,"Naturegg Omega 3 Brown Eggs, Large","Burnbrae FarmsNaturegg Omega 3 Brown Eggs, Large12 eggs",$6.39ea,,$0.53/ 1ea,False,270.0,
dairy_and_eggs,Nestle,"Nesquik Milkshake, Vanilla","NestleNesquik Milkshake, Vanilla473 ml",$2.75ea,$1.29ea,$0.27/ 100ml,True,271.0,saleEnds 03/15
dairy_and_eggs,Gay Lea,"Sour Cream, Fat Free 1%","Gay LeaSour Cream, Fat Free 1%500 ml",$3.19ea,,$0.64/ 100ml,False,272.0,
dairy_and_eggs,Natrel,Lactose Free Fat Free Skim 0% Dairy Product (2L),NatrelLactose Free Fat Free Skim 0% Dairy Product (2L)2 l,$6.29ea,,$0.31/ 100ml,False,273.0,
dairy_and_eggs,No Name,Herb and Spice Sour Cream Dip,No NameHerb and Spice Sour Cream Dip250 g,$2.00ea,,$0.80/ 100g,False,274.0,
dairy_and_eggs,Neilson,Trutaste Homogenized Milk,NeilsonTrutaste Homogenized Milk4 l,$7.28ea,,$0.18/ 100ml,False,275.0,
dairy_and_eggs,Neilson,Table Cream,NeilsonTable Cream1 l,$4.50ea,,$0.45/ 100ml,False,276.0,
dairy_and_eggs,President's Choice,Butter Puff Pastry,President's ChoiceButter Puff Pastry450 g,$5.99ea,,$1.33/ 100g,False,277.0,
dairy_and_eggs,President's Choice,Lactose Free Old Yellow Cheddar Cheese,President's ChoiceLactose Free Old Yellow Cheddar Cheese400 g,$6.99ea,,$1.75/ 100g,False,278.0,
dairy_and_eggs,PC Blue Menu,Blue Menu Free Run Large White Eggs 12 Pack,PC Blue MenuBlue Menu Free Run Large White Eggs 12 Pack12 ea,$7.09ea,,$0.59/ 1ea,False,279.0,
dairy_and_eggs,Philadelphia,Light Cream Cheese,PhiladelphiaLight Cream Cheese450 g,$8.29ea,,$1.84/ 100g,False,280.0,
dairy_and_eggs,No Name,Pasteurized Light Cream Cheese Spread,No NamePasteurized Light Cream Cheese Spread250 g,$3.19ea,,$1.28/ 100g,False,281.0,
dairy_and_eggs,No Name,Old Cheddar Cheese Slices ,No NameOld Cheddar Cheese Slices 210 g,$4.99ea,,$2.38/ 100g,False,282.0,
dairy_and_eggs,Becel,Margarine Original,BecelMargarine Original1.7 kg,$16.49ea,,$0.97/ 100g,False,283.0,
dairy_and_eggs,International Delight,"Zero Sugar Hazelnut Coffee Creamer,","International DelightZero Sugar Hazelnut Coffee Creamer,946 ml",$5.69ea,$4.29ea,$0.45/ 100ml,True,284.0,saleEnds 03/15
dairy_and_eggs,IOGO,"1.5% Lactose Free Cherry, Lemon, Vanilla, Blackberry-Blueberry Yogurt","IOGO1.5% Lactose Free Cherry, Lemon, Vanilla, Blackberry-Blueberry Yogurt16x100.0 g",$7.79ea,,$0.49/ 100g,False,285.0,
dairy_and_eggs,No Name,Sweetened Tart Shells,No NameSweetened Tart Shells30 ea,$5.99ea,,$1.05/ 100g,False,286.0,
dairy_and_eggs,Armstrong,Shredded Natural Cheese Pizza Mozzarella,ArmstrongShredded Natural Cheese Pizza Mozzarella320 g,$6.79ea,,$2.12/ 100g,False,287.0,
dairy_and_eggs,Imperial,Soft Margarine Spread,ImperialSoft Margarine Spread850 g,$4.79ea,,$0.56/ 100g,False,288.0,
dairy_and_eggs,Danone,"Drinkable Yogurt, Peach Flavour, Made With Real Fruit, 2% M.F.","DanoneDrinkable Yogurt, Peach Flavour, Made With Real Fruit, 2% M.F.190 ml",$1.29ea,,$0.68/ 100ml,False,289.0,
dairy_and_eggs,Activia,"Probiotic Smoothie, Kiwi, Pineapple & Cucumber, Drinkable Yogurt","ActiviaProbiotic Smoothie, Kiwi, Pineapple & Cucumber, Drinkable Yogurt190 ml",$2.29ea,,$1.21/ 100ml,False,290.0,
dairy_and_eggs,Astro,"Original Balkan Style Yogurt, Strawberry, Raspberry, Black Cherry, Nectarine","AstroOriginal Balkan Style Yogurt, Strawberry, Raspberry, Black Cherry, Nectarine12x100.0 g",$6.29ea,,$0.52/ 100g,False,291.0,
dairy_and_eggs,Neilson,2% Milk,Neilson2% Milk1 l,$3.49ea,,$0.35/ 100ml,False,292.0,
dairy_and_eggs,No Name,Sweetened Tart Shells,No NameSweetened Tart Shells30 ea,$5.99ea,,$1.05/ 100g,False,293.0,
dairy_and_eggs,IOGO,"1.5% Lactose Free Cherry, Lemon, Vanilla, Blackberry-Blueberry Yogurt","IOGO1.5% Lactose Free Cherry, Lemon, Vanilla, Blackberry-Blueberry Yogurt16x100.0 g",$7.79ea,,$0.49/ 100g,False,294.0,
dairy_and_eggs,Lactantia,"My Country Butter, Unsalted","LactantiaMy Country Butter, Unsalted454 g",$8.29ea,,$1.83/ 100g,False,295.0,
dairy_and_eggs,Oikos,"Greek Yogurt, Raspberry-Pomegramate Flavour, Fruit On Bottom, 2% M.F.,","OikosGreek Yogurt, Raspberry-Pomegramate Flavour, Fruit On Bottom, 2% M.F.,4x100.0 g",$3.99ea,,$1.00/ 100g,False,296.0,
dairy_and_eggs,Danone,"Drinkable Yogurt, Strawberry Banana Flavour, Made With Real Fruit, 2% M.F.","DanoneDrinkable Yogurt, Strawberry Banana Flavour, Made With Real Fruit, 2% M.F.190 ml",$1.29ea,,$0.68/ 100ml,False,297.0,
dairy_and_eggs,Danone,"Drinkable Yogurt, Strawberry, Made With Real Fruit, 2% M.F.","DanoneDrinkable Yogurt, Strawberry, Made With Real Fruit, 2% M.F.190 ml",$1.29ea,,$0.68/ 100ml,False,298.0,
dairy_and_eggs,President's Choice,Strawberry 0% M.F. Greek Yogurt ,President's ChoiceStrawberry 0% M.F. Greek Yogurt 4x100.0 g,$4.19ea,,$1.05/ 100g,False,299.0,
dairy_and_eggs,Activia,"Yogurt With Probiotics, Blueberry Flavour","ActiviaYogurt With Probiotics, Blueberry Flavour650 g",$4.59ea,,$0.71/ 100g,False,300.0,
dairy_and_eggs,IOGO,"Lactose Free Yogurt, Vanilla 1.5%","IOGOLactose Free Yogurt, Vanilla 1.5%650 g",$3.79ea,,$0.58/ 100g,False,301.0,
dairy_and_eggs,Yoplait,Yop Drinkable Yogurt Strawberry Flavour 1% M.F.,YoplaitYop Drinkable Yogurt Strawberry Flavour 1% M.F.6x200.0 ml,$6.49ea,,$0.54/ 100ml,False,302.0,
dairy_and_eggs,Oikos,"Fat Free Greek Yogurt, High Protein, Plain, 0% M.F.","OikosFat Free Greek Yogurt, High Protein, Plain, 0% M.F.650 g",$5.49ea,,$0.84/ 100g,False,303.0,
dairy_and_eggs,Oikos,"Greek Yogurtimited Edition, Vanilla Chai Flavour, 4X100G","OikosGreek Yogurtimited Edition, Vanilla Chai Flavour, 4X100G4x100.0 g",$3.99ea,,$1.00/ 100g,False,304.0,
dairy_and_eggs,Neilson,"Chocolate Milk, 25% Less Sugar","NeilsonChocolate Milk, 25% Less Sugar1 l",$3.29ea,,$0.33/ 100ml,False,305.0,
dairy_and_eggs,President's Choice,0% M.F. Vanilla Skyr Yogurt,President's Choice0% M.F. Vanilla Skyr Yogurt908 g,$6.99ea,,$0.77/ 100g,False,306.0,
dairy_and_eggs,No Name,Old Cheddar Cheese,No NameOld Cheddar Cheese200 g,$3.99ea,,$2.00/ 100g,False,307.0,
dairy_and_eggs,siggi's,"Yogurt, Vanilla Cinnamon 3.25% M.F. Creamy Skyr","siggi'sYogurt, Vanilla Cinnamon 3.25% M.F. Creamy Skyr650 g",$6.29ea,,$0.97/ 100g,False,308.0,
dairy_and_eggs,Oikos,"Extra Creamy Greek Yogurt, Blueberry, Blended, 9% M.F.","OikosExtra Creamy Greek Yogurt, Blueberry, Blended, 9% M.F.650 g",$5.49ea,,$0.84/ 100g,False,309.0,
dairy_and_eggs,Activia,"Yogurt With Probiotics, Vanilla Flavour","ActiviaYogurt With Probiotics, Vanilla Flavour8x100.0 g",$5.49ea,,$0.69/ 100g,False,310.0,
dairy_and_eggs,Activia,"Yogurt With Probiotics, Strawberry Flavour","ActiviaYogurt With Probiotics, Strawberry Flavour12x100.0 g",$6.49ea,$5.49ea,$0.46/ 100g,True,311.0,saleEnds 03/15
dairy_and_eggs,Liberte,Greek 5% M.F Plain Yogourt,LiberteGreek 5% M.F Plain Yogourt650 g,$6.49ea,,$1.00/ 100g,False,312.0,
dairy_and_eggs,Activia,"Yogurt With Probiotics, Cherry Flavour","ActiviaYogurt With Probiotics, Cherry Flavour650 g",$4.59ea,,$0.71/ 100g,False,313.0,
dairy_and_eggs,IOGO,Nano Yogurt Vanilla,IOGONano Yogurt Vanilla900 ml,$5.79ea,,$0.64/ 100ml,False,314.0,
dairy_and_eggs,Liberte,Méditerranée Plain 10% MF Yogurt Limited Edition,LiberteMéditerranée Plain 10% MF Yogurt Limited Edition900 g,$6.99ea,,$0.78/ 100g,False,315.0,
dairy_and_eggs,International Delight,Caramel Macchiato,International DelightCaramel Macchiato946 ml,$5.69ea,$4.29ea,$0.45/ 100ml,True,316.0,saleEnds 03/15
dairy_and_eggs,Milk 2 Go,"Milk, Chocolate Partly Skimmed 1 % M.F.","Milk 2 GoMilk, Chocolate Partly Skimmed 1 % M.F.310 ml",$1.35ea,,$0.44/ 100ml,False,317.0,
dairy_and_eggs,Neilson,1% Buttermilk,Neilson1% Buttermilk2 l,$5.39ea,,$0.27/ 100ml,False,318.0,
dairy_and_eggs,No Name,Pie Shells,No NamePie Shells350 g,$4.29ea,,$1.23/ 100g,False,319.0,
dairy_and_eggs,Armstrong,Medium Cheddar Cheese,ArmstrongMedium Cheddar Cheese400 g,$7.79ea,,$1.95/ 100g,False,320.0,
dairy_and_eggs,Gay Lea,"Butter Sticks, Unsalted","Gay LeaButter Sticks, Unsalted454 g",$8.99ea,,$1.98/ 100g,False,321.0,
dairy_and_eggs,Philadelphia,Whipped Original Cream Cheese Product,PhiladelphiaWhipped Original Cream Cheese Product227 g,$4.49ea,$4.19ea,$1.85/ 100g,True,322.0,saleEnds 03/15
dairy_and_eggs,Milk 2 Go,Banana,Milk 2 GoBanana473 ml,$1.75ea,$1.29ea,$0.27/ 100ml,True,323.0,saleEnds 03/15
dairy_and_eggs,Gay Lea,Low Fat 3 % M.F. Sour Cream,Gay LeaLow Fat 3 % M.F. Sour Cream250 ml,$3.29ea,,$1.32/ 100ml,False,324.0,
dairy_and_eggs,No Name,Original Cream Cheese Spread ,No NameOriginal Cream Cheese Spread 340 g,$4.99ea,,$1.47/ 100g,False,325.0,
dairy_and_eggs,I Can't Believe it's Not,Margarine Spread,I Can't Believe it's NotMargarine Spread454 g,$3.49ea,,$0.82/ 100g,False,326.0,
dairy_and_eggs,Neilson,Trutaste No Lactose 3.25% Milk,NeilsonTrutaste No Lactose 3.25% Milk2 l,$6.19ea,,$0.31/ 100ml,False,327.0,
dairy_and_eggs,No Name,1% M.F. Cottage Cheese,No Name1% M.F. Cottage Cheese750 g,$5.00ea,,$0.67/ 100g,False,328.0,
dairy_and_eggs,Becel,Margarine Original,BecelMargarine Original427 g,$4.99ea,$3.99ea,$0.93/ 100g,True,329.0,saleEnds 03/15
dairy_and_eggs,PC Blue Menu,Blue Menu Free Run Large Brown Eggs 12 Pack,PC Blue MenuBlue Menu Free Run Large Brown Eggs 12 Pack12 eggs,$7.59ea,,$0.63/ 1ea,False,330.0,
dairy_and_eggs,Burnbrae Farms,"Naturegg Omega Plus White Eggs, Large","Burnbrae FarmsNaturegg Omega Plus White Eggs, Large12 eggs",$6.79ea,,$0.57/ 1ea,False,331.0,
dairy_and_eggs,Philadelphia,Original Cream Cheese Product,PhiladelphiaOriginal Cream Cheese Product450 g,$8.29ea,,$1.84/ 100g,False,332.0,
dairy_and_eggs,No Name,Non-Hydrogenated Margarine,No NameNon-Hydrogenated Margarine1.36 kg,$6.79ea,,$0.50/ 100g,False,333.0,
dairy_and_eggs,No Name,Margarine Spread,No NameMargarine Spread454 g,$2.29ea,,$0.50/ 100g,False,334.0,
dairy_and_eggs,Neilson,Trutaste Lactose Free Cream Half & Half 10% M.F.,NeilsonTrutaste Lactose Free Cream Half & Half 10% M.F.1 l,$4.89ea,,$0.49/ 100ml,False,335.0,
dairy_and_eggs,Neilson,TruTaste Milk 1% M.F. Lactose Free,NeilsonTruTaste Milk 1% M.F. Lactose Free1 l,$4.49ea,,$0.45/ 100ml,False,336.0,
dairy_and_eggs,No Name,Non-Hydrogenated Margarine,No NameNon-Hydrogenated Margarine1.36 kg,$6.79ea,,$0.50/ 100g,False,337.0,
dairy_and_eggs,No Name,Margarine Spread,No NameMargarine Spread454 g,$2.29ea,,$0.50/ 100g,False,338.0,
dairy_and_eggs,Neilson,Strawberry Milkshake,NeilsonStrawberry Milkshake310 ml,$1.39ea,,$0.45/ 100ml,False,339.0,
dairy_and_eggs,Nestle,Rolo Milkshake,NestleRolo Milkshake473 ml,$2.75ea,$1.29ea,$0.27/ 100ml,True,340.0,saleEnds 03/15
dairy_and_eggs,No Name,Farmer's Marble Cheese ,No NameFarmer's Marble Cheese 200 g,$3.99ea,,$2.00/ 100g,False,341.0,
dairy_and_eggs,No Name,Everything Bagel Seasoning Sour Cream Dip,No NameEverything Bagel Seasoning Sour Cream Dip250 g,$2.00ea,,$0.80/ 100g,False,342.0,
dairy_and_eggs,Burnbrae Farms,Naturegg NestlaidOmega 3 Large Size 12 Eggs,Burnbrae FarmsNaturegg NestlaidOmega 3 Large Size 12 Eggs12 ea,$5.99ea,,$5.99/ 1ea,False,343.0,
dairy_and_eggs,Gay Lea,"Nordica Cottage Cheese, Light 1%","Gay LeaNordica Cottage Cheese, Light 1%500 g",$3.89ea,$2.99ea,$0.60/ 100g,True,344.0,saleEnds 03/15
dairy_and_eggs,Fairlife,Lactose Free Whole Ultrafiltered Milk,FairlifeLactose Free Whole Ultrafiltered Milk1.5 l,$5.59ea,,$0.37/ 100ml,False,345.0,
dairy_and_eggs,Neilson,Trutaste Lactose Free Cream Half & Half 10% M.F.,NeilsonTrutaste Lactose Free Cream Half & Half 10% M.F.1 l,$4.89ea,,$0.49/ 100ml,False,346.0,
dairy_and_eggs,Philadelphia,Smoked Salmon Cream Cheese Product,PhiladelphiaSmoked Salmon Cream Cheese Product227 g,$4.49ea,$4.19ea,$1.85/ 100g,True,347.0,saleEnds 03/15
dairy_and_eggs,Becel,Unsalted Plant-Based Margarine Bricks,BecelUnsalted Plant-Based Margarine Bricks454 g,$5.99ea,$4.44ea,$0.98/ 100g,True,348.0,saleEnds 03/15
dairy_and_eggs,International Delight,"French Vanilla Flavoured Coffee Creamer, 63 Servings","International DelightFrench Vanilla Flavoured Coffee Creamer, 63 Servings946 ml",$5.69ea,$4.29ea,$0.45/ 100ml,True,349.0,saleEnds 03/15
dairy_and_eggs,Kraft,"Cheese, Process Product Extra Cheddar","KraftCheese, Process Product Extra Cheddar390 g",$6.99ea,,$1.79/ 100g,False,350.0,
dairy_and_eggs,Neilson,1% Partly Skimmed Milk,Neilson1% Partly Skimmed Milk2 l,$5.19ea,,$0.26/ 100ml,False,351.0,
dairy_and_eggs,President's Choice,Lactose Free Margarine,President's ChoiceLactose Free Margarine454 g,$3.79ea,,$0.83/ 100g,False,352.0,
dairy_and_eggs,Philadelphia,Original Cream Cheese Product,PhiladelphiaOriginal Cream Cheese Product450 g,$8.29ea,,$1.84/ 100g,False,353.0,
dairy_and_eggs,Burnbrae Farms,"Nature's Best White Eggs, Large","Burnbrae FarmsNature's Best White Eggs, Large12 eggs",$5.39ea,,$0.45/ 1ea,False,354.0,
dairy_and_eggs,President's Choice,Lactose Free Marble Cheddar ,President's ChoiceLactose Free Marble Cheddar 400 g,$6.99ea,,$1.75/ 100g,False,355.0,
dairy_and_eggs,Nestle,Coffee Crisp Milkshake,NestleCoffee Crisp Milkshake473 ml,$2.75ea,$1.29ea,$0.27/ 100ml,True,356.0,saleEnds 03/15
dairy_and_eggs,Kraft,"Cheese, Process Product Extra Swiss","KraftCheese, Process Product Extra Swiss390 g",$6.99ea,,$1.79/ 100g,False,357.0,
dairy_and_eggs,Gay Lea,"Nordica Cottage Cheese, 1%","Gay LeaNordica Cottage Cheese, 1%750 g",$7.29ea,$6.49ea,$0.87/ 100g,True,358.0,saleEnds 03/22
dairy_and_eggs,Becel,Margarine Salt Free,BecelMargarine Salt Free850 g,$8.79ea,,$1.03/ 100g,False,359.0,
dairy_and_eggs,Neilson,2% Milk,Neilson2% Milk2 l,$5.19ea,,$0.26/ 100ml,False,360.0,
dairy_and_eggs,President's Choice,Monterey Jack Cheese With Jalapeño,President's ChoiceMonterey Jack Cheese With Jalapeño400 g,$6.99ea,,$1.75/ 100g,False,361.0,
dairy_and_eggs,Philadelphia,Herb & Garlic Cream Cheese Product,PhiladelphiaHerb & Garlic Cream Cheese Product227 g,$4.49ea,$4.19ea,$1.85/ 100g,True,362.0,saleEnds 03/15
dairy_and_eggs,Becel,Margarine Original,BecelMargarine Original427 g,$4.99ea,$3.99ea,$0.93/ 100g,True,363.0,saleEnds 03/15
dairy_and_eggs,No Name,Mild Cheddar Cheese,No NameMild Cheddar Cheese400 g,$5.99ea,,$1.50/ 100g,False,364.0,
dairy_and_eggs,Activia,"Probiotic Yogurt, Strawberry/Wildberry/Mango Flavour","ActiviaProbiotic Yogurt, Strawberry/Wildberry/Mango Flavour12x100.0 g",$6.49ea,$5.49ea,$0.46/ 100g,True,365.0,saleEnds 03/15
dairy_and_eggs,President's Choice,Tex Mex Shredded Cheese Blend,President's ChoiceTex Mex Shredded Cheese Blend320 g,$6.79ea,,$2.12/ 100g,False,366.0,
dairy_and_eggs,Danone,"Two Good Greek Yogurt, Vanilla Yogurt 4 Pack, Blended, 2% MF","DanoneTwo Good Greek Yogurt, Vanilla Yogurt 4 Pack, Blended, 2% MF380 g",$3.99ea,,$1.05/ 100g,False,367.0,
dairy_and_eggs,Del Monte,Red Grapefruit In Slightly Sweetened Water 8 Cups (Case),Del MonteRed Grapefruit In Slightly Sweetened Water 8 Cups (Case)8x190.0 ml,$17.99ea,,$1.18/ 100ml,False,368.0,
dairy_and_eggs,No Name,Cheese Sticks Stringable Marble,No NameCheese Sticks Stringable Marble588 g,$10.99ea,,$1.87/ 100g,False,369.0,
dairy_and_eggs,Heluva,"Sour Cream Dip, French Onion","HeluvaSour Cream Dip, French Onion250 g",$3.49ea,,$1.40/ 100g,False,370.0,
dairy_and_eggs,Kraft,Shredded Parmesan Cheese,KraftShredded Parmesan Cheese200 g,$9.49ea,,$4.75/ 100g,False,371.0,
dairy_and_eggs,Woolwich,Partially Skimmed Goat Milk 2%,WoolwichPartially Skimmed Goat Milk 2%1 l,$4.59ea,,$0.46/ 100ml,False,372.0,
dairy_and_eggs,No Name,Cheddar Flavour Processed Cheese Product Slices,No NameCheddar Flavour Processed Cheese Product Slices800 g,$7.99ea,,$1.00/ 100g,False,373.0,
dairy_and_eggs,Becel,Margarine with Avocado Oil,BecelMargarine with Avocado Oil427 g,$4.99ea,$3.99ea,$0.93/ 100g,True,374.0,saleEnds 03/15
dairy_and_eggs,President's Choice,Extra Old White Cheddar,President's ChoiceExtra Old White Cheddar400 g,$6.99ea,,$1.75/ 100g,False,375.0,
dairy_and_eggs,Philadelphia,Light Herb & Garlic Cream Cheese,PhiladelphiaLight Herb & Garlic Cream Cheese227 g,$4.49ea,$4.19ea,$1.85/ 100g,True,376.0,saleEnds 03/15
dairy_and_eggs,No Name,Light Part Skim Mozzarella Cheese,No NameLight Part Skim Mozzarella Cheese400 g,$5.99ea,,$1.50/ 100g,False,377.0,
dairy_and_eggs,Black Diamond,Old Cheddar Cheese + Sea-Salted Roasted Cashews & Cherry Infused Dried Cranberries,Black DiamondOld Cheddar Cheese + Sea-Salted Roasted Cashews & Cherry Infused Dried Cranberries127.6 g,$5.29ea,$4.49ea,$3.52/ 100g,True,378.0,saleEnds 03/15
dairy_and_eggs,Pillsbury,Chocolatey Chip Cookies,PillsburyChocolatey Chip Cookies468 g,$3.49ea,,$0.75/ 100g,False,379.0,
dairy_and_eggs,Pillsbury,Reese Cookie Dough,PillsburyReese Cookie Dough454 g,$4.29ea,,$0.94/ 100g,False,380.0,
dairy_and_eggs,President's Choice,Oatmeal Chocolate Chip Cookie Dough,President's ChoiceOatmeal Chocolate Chip Cookie Dough468 g,$3.69ea,,$0.79/ 100g,False,381.0,
dairy_and_eggs,Nestle,COFFEE-MATE Light Powder,NestleCOFFEE-MATE Light Powder450 g,$6.49ea,,$1.44/ 100g,False,382.0,
dairy_and_eggs,Black Diamond,Cheestrings Marble Lactose Free,Black DiamondCheestrings Marble Lactose Free252 g,$7.99ea,$5.79ea,$2.30/ 100g,True,383.0,saleEnds 03/15
dairy_and_eggs,President's Choice,Lactose Free Nacho Shredded Cheese Blend,President's ChoiceLactose Free Nacho Shredded Cheese Blend320 g,$6.79ea,,$2.12/ 100g,False,384.0,
dairy_and_eggs,Oikos,"Greek Yogurt, Banana Flavour, Blended, 2% Mf, 4X100G","OikosGreek Yogurt, Banana Flavour, Blended, 2% Mf, 4X100G4x100.0 g",$3.99ea,,$1.00/ 100g,False,385.0,
dairy_and_eggs,IOGO,Nanö 1% Lactose Free Apple-Grape Drinkable Yogurt,IOGONanö 1% Lactose Free Apple-Grape Drinkable Yogurt6x93.0 ml,$3.99ea,$3.39ea,$0.61/ 100ml,True,386.0,saleEnds 03/15
dairy_and_eggs,Activia,Yogurt With Probiotics Lemon Flavour,ActiviaYogurt With Probiotics Lemon Flavour650 g,$4.59ea,,$0.71/ 100g,False,387.0,
dairy_and_eggs,PC Organics,Organic Partly Skimmed 2% Milk,PC OrganicsOrganic Partly Skimmed 2% Milk2 l,$7.09ea,,$0.35/ 100ml,False,388.0,
dairy_and_eggs,Activia,"Probiotic Smoothie, Blueberry, Strawberry, & Beet, Drinkable Yogurt","ActiviaProbiotic Smoothie, Blueberry, Strawberry, & Beet, Drinkable Yogurt190 ml",$2.29ea,,$1.21/ 100ml,False,389.0,
dairy_and_eggs,Oikos,"Greek Yogurt, Vanilla Flavour, 2% M.F., Value Tub","OikosGreek Yogurt, Vanilla Flavour, 2% M.F., Value Tub750 g",$5.49ea,,$0.73/ 100g,False,390.0,
dairy_and_eggs,Oikos,"Greek Yogurt, Key Lime Flavour, 2% M.F., Blended","OikosGreek Yogurt, Key Lime Flavour, 2% M.F., Blended4x100.0 g",$3.99ea,,$1.00/ 100g,False,391.0,
dairy_and_eggs,Activia,"Drinkable Yogurt, Mixed Berries, 8 Pack","ActiviaDrinkable Yogurt, Mixed Berries, 8 Pack1520 ml",$15.99ea,,$1.05/ 100ml,False,392.0,
dairy_and_eggs,Oikos,"Drinkable Greek Yogurt With Field Berries, Oats, & Seeds, 9G Protein","OikosDrinkable Greek Yogurt With Field Berries, Oats, & Seeds, 9G Protein190 ml",$2.29ea,,$1.21/ 100ml,False,393.0,
dairy_and_eggs,Yoplait,Yop Drinkable Yogurt Strawberry Flavour ,YoplaitYop Drinkable Yogurt Strawberry Flavour 200 ml,$0.99ea,$0.89ea,$0.45/ 100ml,True,394.0,saleEnds 03/15
dairy_and_eggs,Burnbrae Farms,Naturegg NestlaidOmega 3 Large Size 12 Eggs,Burnbrae FarmsNaturegg NestlaidOmega 3 Large Size 12 Eggs12 ea,$5.99ea,,$5.99/ 1ea,False,395.0,
dairy_and_eggs,Activia,"Probiotic Yogurt, Strawberry/Wildberry/Mango Flavour","ActiviaProbiotic Yogurt, Strawberry/Wildberry/Mango Flavour12x100.0 g",$6.49ea,$5.49ea,$0.46/ 100g,True,396.0,saleEnds 03/15
dairy_and_eggs,President's Choice,Tex Mex Shredded Cheese Blend,President's ChoiceTex Mex Shredded Cheese Blend320 g,$6.79ea,,$2.12/ 100g,False,397.0,
dairy_and_eggs,Danone,"Two Good Greek Yogurt, Vanilla Yogurt 4 Pack, Blended, 2% MF","DanoneTwo Good Greek Yogurt, Vanilla Yogurt 4 Pack, Blended, 2% MF380 g",$3.99ea,,$1.05/ 100g,False,398.0,
dairy_and_eggs,Del Monte,Red Grapefruit In Slightly Sweetened Water 8 Cups (Case),Del MonteRed Grapefruit In Slightly Sweetened Water 8 Cups (Case)8x190.0 ml,$17.99ea,,$1.18/ 100ml,False,399.0,
dairy_and_eggs,No Name,Cheese Sticks Stringable Marble,No NameCheese Sticks Stringable Marble588 g,$10.99ea,,$1.87/ 100g,False,400.0,
dairy_and_eggs,President's Choice,Plain Greek Yogurt 5%,President's ChoicePlain Greek Yogurt 5%650 g,$5.00ea,,$0.77/ 100g,False,401.0,
dairy_and_eggs,Liberte,Vanilla Large Size 9 % M.F. Yogourt,LiberteVanilla Large Size 9 % M.F. Yogourt900 g,$6.99ea,,$0.78/ 100g,False,402.0,
dairy_and_eggs,Yummy Doh,Raw Cookie Dough Chocolate Chunk,Yummy DohRaw Cookie Dough Chocolate Chunk400 g,$5.00ea,,$1.25/ 100g,False,403.0,
dairy_and_eggs,Pillsbury,"Crescents Original Dough, 8 Pieces","PillsburyCrescents Original Dough, 8 Pieces226 g",$1.99ea,,$0.88/ 100g,False,404.0,
dairy_and_eggs,Pillsbury,Reese Cookie Dough,PillsburyReese Cookie Dough454 g,$4.29ea,,$0.94/ 100g,False,405.0,
dairy_and_eggs,President's Choice,Oatmeal Chocolate Chip Cookie Dough,President's ChoiceOatmeal Chocolate Chip Cookie Dough468 g,$3.69ea,,$0.79/ 100g,False,406.0,
dairy_and_eggs,Nestle,COFFEE-MATE Light Powder,NestleCOFFEE-MATE Light Powder450 g,$6.49ea,,$1.44/ 100g,False,407.0,
dairy_and_eggs,Neilson,"Flavoured Milk, Chocolate","NeilsonFlavoured Milk, Chocolate750 ml",$1.25ea,,$0.17/ 100ml,False,408.0,
dairy_and_eggs,No Name,Cream Cheese Product With Jalapeño ,No NameCream Cheese Product With Jalapeño 227 g,$3.19ea,,$1.41/ 100g,False,409.0,
dairy_and_eggs,PC Blue Menu,Blue Menu Margarine with Olive Oil,PC Blue MenuBlue Menu Margarine with Olive Oil907 g,$5.29ea,,$0.58/ 100g,False,410.0,
dairy_and_eggs,Becel,Buttery Taste Margarine,BecelButtery Taste Margarine1.36 kg,$15.49ea,,$1.21/ 100g,False,411.0,
dairy_and_eggs,Neilson,2% Milk,Neilson2% Milk473 ml,$2.49ea,,$0.53/ 100ml,False,412.0,
dairy_and_eggs,Starbucks,Almond And Oat Dairy Free Hazelnut Latte Coffee Enhancer,StarbucksAlmond And Oat Dairy Free Hazelnut Latte Coffee Enhancer828 ml,$7.49ea,,$0.90/ 100ml,False,413.0,
dairy_and_eggs,Lactantia,2% M.F. Partly Skimmed Milk,Lactantia2% M.F. Partly Skimmed Milk2 l,$5.59ea,,$0.28/ 100ml,False,414.0,
dairy_and_eggs,President's Choice,Naturally Lactose-Free Swiss Cheese ,President's ChoiceNaturally Lactose-Free Swiss Cheese 300 g,$6.99ea,,$2.33/ 100g,False,415.0,
dairy_and_eggs,Fairlife,Lactose Free 2% Partly Skimmed Ultrafiltered Milk,FairlifeLactose Free 2% Partly Skimmed Ultrafiltered Milk1.5 l,$5.59ea,,$0.37/ 100ml,False,416.0,
dairy_and_eggs,Cracker Barrel,Sweet Combo,Cracker BarrelSweet Combo129 g,$6.49ea,$4.49ea,$3.48/ 100g,True,417.0,saleEnds 03/15
dairy_and_eggs,Milk 2 Go,Strawberry,Milk 2 GoStrawberry473 ml,$1.75ea,$1.29ea,$0.27/ 100ml,True,418.0,saleEnds 03/15
dairy_and_eggs,Neilson,Trutaste Light Cream,NeilsonTrutaste Light Cream473 ml,$3.19ea,,$0.67/ 100ml,False,419.0,
dairy_and_eggs,Becel,Margarine Salted Plant-Based Sticks,BecelMargarine Salted Plant-Based Sticks454 g,$4.99ea,$3.99ea,$0.88/ 100g,True,420.0,saleEnds 03/15
dairy_and_eggs,No Name,Cream Cheese Spread with Herbs & Roasted Garlic ,No NameCream Cheese Spread with Herbs & Roasted Garlic 227 g,$3.19ea,,$1.41/ 100g,False,421.0,
dairy_and_eggs,Gay Lea,"Nordica Cottage Cheese, Fat Free","Gay LeaNordica Cottage Cheese, Fat Free500 g",$3.89ea,$2.99ea,$0.60/ 100g,True,422.0,saleEnds 03/15
dairy_and_eggs,Black Diamond,Processed Cheddar Cheese Slices Thin,Black DiamondProcessed Cheddar Cheese Slices Thin825 g,$12.49ea,,$1.51/ 100g,False,423.0,
dairy_and_eggs,Gay Lea,"Nordica Cottage Cheese, Creamed 4%","Gay LeaNordica Cottage Cheese, Creamed 4%500 g",$3.89ea,$2.99ea,$0.60/ 100g,True,424.0,saleEnds 03/15
dairy_and_eggs,Neilson,1% Milk,Neilson1% Milk1 l,$3.49ea,,$0.35/ 100ml,False,425.0,
dairy_and_eggs,PC Blue Menu,Blue Menu Original Margarine,PC Blue MenuBlue Menu Original Margarine907 g,$5.29ea,,$0.58/ 100g,False,426.0,
dairy_and_eggs,Milk 2 Go,"Milk, Strawberry Partly Skimmed 1 % M.F.","Milk 2 GoMilk, Strawberry Partly Skimmed 1 % M.F.310 ml",$1.35ea,,$0.44/ 100ml,False,427.0,
dairy_and_eggs,Neilson,Trutaste Lactose Free Skim Milk,NeilsonTrutaste Lactose Free Skim Milk2 l,$6.19ea,,$0.31/ 100ml,False,428.0,
dairy_and_eggs,Woolwich,Homogenized Goat Milk 3.25%MF  ,WoolwichHomogenized Goat Milk 3.25%MF  1 l,$4.59ea,,$0.46/ 100ml,False,429.0,
dairy_and_eggs,Philadelphia,French Onion Dip,PhiladelphiaFrench Onion Dip227 g,$4.19ea,,$1.85/ 100g,False,430.0,
dairy_and_eggs,Lactantia,"My Country Butter Sticks, Unsalted","LactantiaMy Country Butter Sticks, Unsalted4x113.5 g",$8.29ea,,$1.83/ 100g,False,431.0,
dairy_and_eggs,Black Diamond,Cheestrings Marble 18% M.F.,Black DiamondCheestrings Marble 18% M.F.336 g,$7.99ea,$5.79ea,$1.72/ 100g,True,432.0,saleEnds 03/15
dairy_and_eggs,Armstrong,"Cheese, Cheddar with Jalapeño Mexican Fiesta 31 % M.F. 400 g","ArmstrongCheese, Cheddar with Jalapeño Mexican Fiesta 31 % M.F. 400 g400 g",$7.79ea,,$1.95/ 100g,False,433.0,
dairy_and_eggs,Gay Lea,"Sour Cream, Regular 14%","Gay LeaSour Cream, Regular 14%250 ml",$3.29ea,,$1.32/ 100ml,False,434.0,
dairy_and_eggs,President's Choice,Extra Large Free Run Brown Eggs,President's ChoiceExtra Large Free Run Brown Eggs12 eggs,$6.99ea,,$0.58/ 1ea,False,435.0,
dairy_and_eggs,Gay Lea,"Sour Cream, Low Fat 3%","Gay LeaSour Cream, Low Fat 3%500 ml",$3.19ea,,$0.64/ 100ml,False,436.0,
dairy_and_eggs,Armstrong,Marble Cheddar,ArmstrongMarble Cheddar400 g,$7.79ea,,$1.95/ 100g,False,437.0,
dairy_and_eggs,Neilson,"Flavoured Milk, Chocolate","NeilsonFlavoured Milk, Chocolate1 l",$3.29ea,,$0.33/ 100ml,False,438.0,
dairy_and_eggs,Golden Gate,Mirage Margarine,Golden GateMirage Margarine907 g,$5.69ea,,$0.63/ 100g,False,439.0,
dairy_and_eggs,Gay Lea,Real Coconut Whipped Cream,Gay LeaReal Coconut Whipped Cream225 g,$4.69ea,,$2.08/ 100g,False,440.0,
dairy_and_eggs,Kraft,Singles Original Light,KraftSingles Original Light410 g,$5.49ea,,$1.34/ 100g,False,441.0,
dairy_and_eggs,Becel,Salted Plant-Based Margarine Bricks,BecelSalted Plant-Based Margarine Bricks454 g,$5.99ea,$4.44ea,$0.98/ 100g,True,442.0,saleEnds 03/15
dairy_and_eggs,International Delight,Classic French Vanilla Coffee Creamer,International DelightClassic French Vanilla Coffee Creamer1.42 l,$7.79ea,,$0.55/ 100ml,False,443.0,
dairy_and_eggs,Armstrong,Marble Cheddar Light,ArmstrongMarble Cheddar Light400 g,$7.79ea,,$1.95/ 100g,False,444.0,
dairy_and_eggs,No Name,"Vanilla, Blueberry, Strawberry & Raspberry 0% M.F. Stirred Yogurt","No NameVanilla, Blueberry, Strawberry & Raspberry 0% M.F. Stirred Yogurt12x100.0 g",$4.29ea,,$0.36/ 100g,False,445.0,
dairy_and_eggs,No Name,14% M.F. Regular Sour Cream,No Name14% M.F. Regular Sour Cream250 ml,$2.49ea,,$1.00/ 100ml,False,446.0,
dairy_and_eggs,Philadelphia,Strawberry Cream Cheese Product,PhiladelphiaStrawberry Cream Cheese Product227 g,$4.49ea,$4.19ea,$1.85/ 100g,True,447.0,saleEnds 03/15
dairy_and_eggs,Neilson,Homogenized Milk 3.25%,NeilsonHomogenized Milk 3.25%473 ml,$2.49ea,,$0.53/ 100ml,False,448.0,
dairy_and_eggs,International Delight,Classic Hazelnut Coffee Creamer,International DelightClassic Hazelnut Coffee Creamer1.42 l,$7.79ea,,$0.55/ 100ml,False,449.0,
dairy_and_eggs,Gay Lea,Salted Butter,Gay LeaSalted Butter454 g,$7.19ea,$4.44ea,$0.98/ 100g,True,450.0,saleEnds 03/15
dairy_and_eggs,Becel,Margarine Unsalted Plant-Based Sticks,BecelMargarine Unsalted Plant-Based Sticks454 g,$4.99ea,$3.99ea,$0.88/ 100g,True,451.0,saleEnds 03/15
dairy_and_eggs,No Name,Medium Cheddar Cheese,No NameMedium Cheddar Cheese400 g,$5.99ea,,$1.50/ 100g,False,452.0,
dairy_and_eggs,Cracker Barrel,Slice Medium Cheddar,Cracker BarrelSlice Medium Cheddar240 g,$6.29ea,$4.49ea,$1.87/ 100g,True,453.0,saleEnds 03/15
dairy_and_eggs,Gay Lea,Spreadables Butter With Canola Oil,Gay LeaSpreadables Butter With Canola Oil227 g,$5.79ea,,$2.55/ 100g,False,454.0,
dairy_and_eggs,Armstrong,Bar Old Cheddar,ArmstrongBar Old Cheddar400 g,$7.79ea,,$1.95/ 100g,False,455.0,
dairy_and_eggs,Philadelphia,Original Cream Cheese Product,PhiladelphiaOriginal Cream Cheese Product340 g,$6.99ea,,$2.06/ 100g,False,456.0,
dairy_and_eggs,No Name,1% M.F. Fat Free Sour Cream ,No Name1% M.F. Fat Free Sour Cream 500 ml,$2.00ea,,$0.40/ 100ml,False,457.0,
dairy_and_eggs,Armstrong, Pizza Mozz Light 18%,Armstrong Pizza Mozz Light 18%400 g,$7.79ea,,$1.95/ 100g,False,458.0,
dairy_and_eggs,No Name,Swiss Cheese Slices,No NameSwiss Cheese Slices210 g,$4.99ea,,$2.38/ 100g,False,459.0,
dairy_and_eggs,No Name,Cheddar Flavour Processed Cheese Product Slices,No NameCheddar Flavour Processed Cheese Product Slices400 g,$4.29ea,,$1.07/ 100g,False,460.0,
dairy_and_eggs,No Name,"Old Cheddar Cheese, Light","No NameOld Cheddar Cheese, Light400 g",$5.99ea,,$1.50/ 100g,False,461.0,
dairy_and_eggs,Black Diamond,Combo Marble Cubes and Sea Salted Roasted Almonds and Dried Cranberries,Black DiamondCombo Marble Cubes and Sea Salted Roasted Almonds and Dried Cranberries127.6 g,$5.29ea,$4.49ea,$3.52/ 100g,True,462.0,saleEnds 03/15
dairy_and_eggs,No Name,French Onion Sour Cream Dip ,No NameFrench Onion Sour Cream Dip 250 g,$2.00ea,,$0.80/ 100g,False,463.0,
dairy_and_eggs,Philadelphia,Dill Pickle Dip,PhiladelphiaDill Pickle Dip340 g,$7.49ea,,$2.20/ 100g,False,464.0,
dairy_and_eggs,IOGO,"Yogurt, Vanilla 1.5%","IOGOYogurt, Vanilla 1.5%2 kg",$10.79ea,,$0.54/ 100g,False,465.0,
dairy_and_eggs,No Name,Shredded Farmer's Marble Cheese,No NameShredded Farmer's Marble Cheese320 g,$5.49ea,,$1.72/ 100g,False,466.0,
dairy_and_eggs,No Name,Shredded Marble Farmer's Cheese,No NameShredded Marble Farmer's Cheese900 g,$14.99ea,,$1.67/ 100g,False,467.0,
dairy_and_eggs,Oikos,"Greek Yogurt, Blackberry Flavour, Fruit On The Bottom","OikosGreek Yogurt, Blackberry Flavour, Fruit On The Bottom4x100.0 g",$3.99ea,,$1.00/ 100g,False,468.0,
dairy_and_eggs,President's Choice,Pizza Mozzarella and Cheddar Shredded Cheese Blend,President's ChoicePizza Mozzarella and Cheddar Shredded Cheese Blend320 g,$6.79ea,,$2.12/ 100g,False,469.0,
dairy_and_eggs,Astro,"Original Balkan Style Yogurt, Plain 3%    ","AstroOriginal Balkan Style Yogurt, Plain 3%    750 g",$3.47ea,,$0.46/ 100g,False,470.0,
dairy_and_eggs,Cracker Barrel,Cheese Sauce Kit Creamy Alfredo,Cracker BarrelCheese Sauce Kit Creamy Alfredo271 g,$7.99ea,,$2.95/ 100g,False,471.0,
dairy_and_eggs,Pillsbury,Sugar Cookies,PillsburySugar Cookies468 g,$3.29ea,,$0.70/ 100g,False,472.0,
dairy_and_eggs,Oikos,"Fat Free Greek Yogurt, Plain, No Added Sugar Value Tub","OikosFat Free Greek Yogurt, Plain, No Added Sugar Value Tub750 g",$5.49ea,,$0.73/ 100g,False,473.0,
dairy_and_eggs,Yummy Doh,Raw Cookie Dough Strawberry Confetti,Yummy DohRaw Cookie Dough Strawberry Confetti400 g,$5.00ea,,$1.25/ 100g,False,474.0,
dairy_and_eggs,President's Choice,Vanilla 2% M.F. Greek Yogurt,President's ChoiceVanilla 2% M.F. Greek Yogurt4x100.0 g,$4.19ea,,$1.05/ 100g,False,475.0,
dairy_and_eggs,President's Choice,Vanilla Skyr Icelandic Style 0% M.F. Yogurt,President's ChoiceVanilla Skyr Icelandic Style 0% M.F. Yogurt500 g,$4.59ea,,$0.92/ 100g,False,476.0,
dairy_and_eggs,President's Choice,Strawberry Kefir Probiotic Fermented 1% M.F. Milk,President's ChoiceStrawberry Kefir Probiotic Fermented 1% M.F. Milk1 l,$4.99ea,,$0.50/ 100ml,False,477.0,
dairy_and_eggs,Amooza,Pizza Mozzarella Cheese With Mild Cheddar Taste 22 % M.F.,AmoozaPizza Mozzarella Cheese With Mild Cheddar Taste 22 % M.F.228 g,$5.79ea,$4.49ea,$1.97/ 100g,True,478.0,saleEnds 03/15
dairy_and_eggs,Activia,"Immune System, Probiotic Drinkable Yogurt, Vanilla, 8 Bottles","ActiviaImmune System, Probiotic Drinkable Yogurt, Vanilla, 8 Bottles744 ml",$6.99ea,$5.49ea,$0.74/ 100ml,True,479.0,saleEnds 03/15
dairy_and_eggs,Oikos,"Fat Free Greek Yogurt, Peach-Mango Flavour, Fruit On The Bottom, 0% M.F.","OikosFat Free Greek Yogurt, Peach-Mango Flavour, Fruit On The Bottom, 0% M.F.4x100.0 g",$3.99ea,,$1.00/ 100g,False,480.0,
dairy_and_eggs,Cracker Barrel,Sweet Combo,Cracker BarrelSweet Combo129 g,$6.49ea,$4.49ea,$3.48/ 100g,True,481.0,saleEnds 03/15
dairy_and_eggs,Neilson,Trutaste Light Cream,NeilsonTrutaste Light Cream473 ml,$3.19ea,,$0.67/ 100ml,False,482.0,
dairy_and_eggs,Neilson,1% Milk,Neilson1% Milk1 l,$3.49ea,,$0.35/ 100ml,False,483.0,
dairy_and_eggs,No Name,Cream Cheese Product With Jalapeño ,No NameCream Cheese Product With Jalapeño 227 g,$3.19ea,,$1.41/ 100g,False,484.0,
dairy_and_eggs,No Name,Cream Cheese Spread with Herbs & Roasted Garlic ,No NameCream Cheese Spread with Herbs & Roasted Garlic 227 g,$3.19ea,,$1.41/ 100g,False,485.0,
dairy_and_eggs,Neilson,Homogenized Milk 3.25%,NeilsonHomogenized Milk 3.25%473 ml,$2.49ea,,$0.53/ 100ml,False,486.0,
dairy_and_eggs,Milk 2 Go,"Milk, Strawberry Partly Skimmed 1 % M.F.","Milk 2 GoMilk, Strawberry Partly Skimmed 1 % M.F.310 ml",$1.35ea,,$0.44/ 100ml,False,487.0,
dairy_and_eggs,Woolwich,Homogenized Goat Milk 3.25%MF  ,WoolwichHomogenized Goat Milk 3.25%MF  1 l,$4.59ea,,$0.46/ 100ml,False,488.0,
dairy_and_eggs,Black Diamond,Cheestrings Marble 18% M.F.,Black DiamondCheestrings Marble 18% M.F.336 g,$7.99ea,$5.79ea,$1.72/ 100g,True,489.0,saleEnds 03/15
dairy_and_eggs,Gay Lea,"Sour Cream, Regular 14%","Gay LeaSour Cream, Regular 14%250 ml",$3.29ea,,$1.32/ 100ml,False,490.0,
dairy_and_eggs,President's Choice,Extra Large Free Run Brown Eggs,President's ChoiceExtra Large Free Run Brown Eggs12 eggs,$6.99ea,,$0.58/ 1ea,False,491.0,
dairy_and_eggs,Activia,"Immune System, Probiotic Drinkable Yogurt, Vanilla, 8 Bottles","ActiviaImmune System, Probiotic Drinkable Yogurt, Vanilla, 8 Bottles744 ml",$6.99ea,$5.49ea,$0.74/ 100ml,True,492.0,saleEnds 03/15
dairy_and_eggs,Cracker Barrel,Signature Shredded Natural Cheese Extra Old & Mozza 31 % M.F.,Cracker BarrelSignature Shredded Natural Cheese Extra Old & Mozza 31 % M.F.300 g,$6.24ea,$5.49ea,$1.83/ 100g,True,493.0,saleEnds 03/15
dairy_and_eggs,Activia,"Immune System, Probiotic Drinkable Yogurt, Strawberry Banana, 8X","ActiviaImmune System, Probiotic Drinkable Yogurt, Strawberry Banana, 8X8x93.0 ml",$6.99ea,$5.49ea,$0.74/ 100ml,True,494.0,saleEnds 03/15
dairy_and_eggs,No Name,14% M.F. Regular Sour Cream,No Name14% M.F. Regular Sour Cream250 ml,$2.49ea,,$1.00/ 100ml,False,495.0,
dairy_and_eggs,President's Choice,Vanilla Skyr Icelandic Style 0% M.F. Yogurt,President's ChoiceVanilla Skyr Icelandic Style 0% M.F. Yogurt500 g,$4.59ea,,$0.92/ 100g,False,496.0,
dairy_and_eggs,Pillsbury,Crescents - Reduced Fat,PillsburyCrescents - Reduced Fat227 g,$1.99ea,,$0.88/ 100g,False,497.0,
dairy_and_eggs,Liberte,Greek Vanilla 3% MF Yogurt,LiberteGreek Vanilla 3% MF Yogurt750 g,$6.49ea,,$0.87/ 100g,False,498.0,
dairy_and_eggs,Pillsbury,Easy Roll Pie Crust   ,PillsburyEasy Roll Pie Crust   400 g,$3.49ea,,$0.87/ 100g,False,499.0,
dairy_and_eggs,No Name,"Cottage Cheese, 2% M.F.","No NameCottage Cheese, 2% M.F.500 g",$3.49ea,,$0.70/ 100g,False,500.0,
dairy_and_eggs,Kraft,Cheez Whiz Cheese Spread,KraftCheez Whiz Cheese Spread450 g,$6.49ea,,$1.44/ 100g,False,501.0,
dairy_and_eggs,Yoplait,Yop Drinkable Yogurt Blueberry Flavour,YoplaitYop Drinkable Yogurt Blueberry Flavour200 ml,$0.99ea,$0.89ea,$0.45/ 100ml,True,502.0,saleEnds 03/15
dairy_and_eggs,Oikos,"Greek Yogurt, Blueberry Flavour, Fruit On The Bottom, 2% M.F.","OikosGreek Yogurt, Blueberry Flavour, Fruit On The Bottom, 2% M.F.4x100.0 g",$3.99ea,,$1.00/ 100g,False,503.0,
dairy_and_eggs,Yoplait,Tubes Mixed Berry,YoplaitTubes Mixed Berry8x56.0 g,$3.29ea,,$0.73/ 100g,False,504.0,
dairy_and_eggs,Yoplait,Tubes Strawberry Yogurt,YoplaitTubes Strawberry Yogurt8x56.0 g,$3.29ea,,$0.73/ 100g,False,505.0,
dairy_and_eggs,Yoplait,Lactose Free Strawberry/Raspberry Drinkable Yogurt,YoplaitLactose Free Strawberry/Raspberry Drinkable Yogurt200 ml,$0.99ea,$0.89ea,$0.45/ 100ml,True,506.0,saleEnds 03/15
dairy_and_eggs,President's Choice,"Yogurt, Mango Coconut Kefir Probiotic Fermented 1% M.F. Milk","President's ChoiceYogurt, Mango Coconut Kefir Probiotic Fermented 1% M.F. Milk1 l",$4.99ea,,$0.50/ 100ml,False,507.0,
dairy_and_eggs,Cracker Barrel,Cheddar Cheese Old Probiotic 34% M.F.,Cracker BarrelCheddar Cheese Old Probiotic 34% M.F.168 g,$5.79ea,,$3.45/ 100g,False,508.0,
dairy_and_eggs,Black Diamond,Cheestrings Mozzarella 18% M.F.,Black DiamondCheestrings Mozzarella 18% M.F.336 g,$7.99ea,$5.79ea,$1.72/ 100g,True,509.0,saleEnds 03/15
dairy_and_eggs,No Name,Coffee Whitener,No NameCoffee Whitener1 kg,$7.79ea,,$0.78/ 100g,False,510.0,
dairy_and_eggs,Nestle,"Coffee-Mate, Original","NestleCoffee-Mate, Original1.4 kg",$11.49ea,,$0.82/ 100g,False,511.0,
dairy_and_eggs,Liberte,Greek Cherry 2% MF Yogurt,LiberteGreek Cherry 2% MF Yogurt750 g,$6.49ea,,$0.87/ 100g,False,512.0,
dairy_and_eggs,IOGO,3.2% M.F. Yogurt,IOGO3.2% M.F. Yogurt12x100.0 g,$6.99ea,,$0.58/ 100g,False,513.0,
dairy_and_eggs,Astro,"Original Balkan Style Yogurt, Plain 0%","AstroOriginal Balkan Style Yogurt, Plain 0%750 g",$3.47ea,,$0.46/ 100g,False,514.0,
dairy_and_eggs,President's Choice,"Strawberry, Vanilla, Raspberry & Banana Creamy Stirred Yogurt","President's ChoiceStrawberry, Vanilla, Raspberry & Banana Creamy Stirred Yogurt16x100.0 g",$5.49ea,,$0.34/ 100g,False,515.0,
dairy_and_eggs,Activia,"Probiotic Yogurt, Mixed Berries, Drinkable Yogurt, 8 Pack","ActiviaProbiotic Yogurt, Mixed Berries, Drinkable Yogurt, 8 Pack8x93.0 ml",$5.49ea,,$0.74/ 100ml,False,516.0,
dairy_and_eggs,No Name,"Pizza Mozzarella Cheese, 28% MF","No NamePizza Mozzarella Cheese, 28% MF700 g",$9.99ea,,$1.43/ 100g,False,517.0,
dairy_and_eggs,No Name,Farmer's Marble Cheese,No NameFarmer's Marble Cheese700 g,$9.99ea,,$1.43/ 100g,False,518.0,
dairy_and_eggs,Yoplait,Creamy Fieldberry/Strawberry/Cherry/Peach 1.5% MF Yogurt,YoplaitCreamy Fieldberry/Strawberry/Cherry/Peach 1.5% MF Yogurt16x100.0 g,$6.99ea,$5.49ea,$0.34/ 100g,True,519.0,saleEnds 03/15
dairy_and_eggs,Yoplait,Strawberry Banana Yogurt,YoplaitStrawberry Banana Yogurt8x93.0 ml,$6.49ea,,$0.87/ 100ml,False,520.0,
dairy_and_eggs,Yoplait,Source Cherry Yogurt 0% MF,YoplaitSource Cherry Yogurt 0% MF630 g,$3.19ea,,$0.51/ 100g,False,521.0,
dairy_and_eggs,Yoplait,Source Vanilla  Yogurt 0% MF,YoplaitSource Vanilla  Yogurt 0% MF630 g,$3.19ea,,$0.51/ 100g,False,522.0,
dairy_and_eggs,Yoplait,Source Raspberry 0% MF,YoplaitSource Raspberry 0% MF630 g,$3.19ea,,$0.51/ 100g,False,523.0,
dairy_and_eggs,Yoplait,Source Strawberry 0% MF,YoplaitSource Strawberry 0% MF630 g,$3.19ea,,$0.51/ 100g,False,524.0,
dairy_and_eggs,Liberte,Greek Yogourt Black Cherry Raspberry 2% M.F.,LiberteGreek Yogourt Black Cherry Raspberry 2% M.F.650 g,$6.49ea,,$1.00/ 100g,False,525.0,
dairy_and_eggs,Yoplait,Source Dessert Lemon Meringue Pie/Berry Crumble/Key Lime Pie/Strawberries and Cream 0% MF Yogurt,YoplaitSource Dessert Lemon Meringue Pie/Berry Crumble/Key Lime Pie/Strawberries and Cream 0% MF Yogurt16x100.0 g,$6.99ea,$5.49ea,$0.34/ 100g,True,526.0,saleEnds 03/15
dairy_and_eggs,Pillsbury,Grands Cookie Dough Chocolate Chip,PillsburyGrands Cookie Dough Chocolate Chip454 g,$4.49ea,,$0.99/ 100g,False,527.0,
dairy_and_eggs,Liberte,Méditerrannée Strawberry 9% MF Yogurt,LiberteMéditerrannée Strawberry 9% MF Yogurt500 g,$4.19ea,,$0.84/ 100g,False,528.0,
dairy_and_eggs,Yoplait,Source Dessert Lemon Meringue Pie/Berry Crumble/Key Lime Pie/Strawberries and Cream 0% MF Yogurt,YoplaitSource Dessert Lemon Meringue Pie/Berry Crumble/Key Lime Pie/Strawberries and Cream 0% MF Yogurt16x100.0 g,$6.99ea,$5.49ea,$0.34/ 100g,True,529.0,saleEnds 03/15
dairy_and_eggs,Oikos,"Greek Yogurt, Strawberry Flavour, Fruit On The Bottom, 2% M.F.","OikosGreek Yogurt, Strawberry Flavour, Fruit On The Bottom, 2% M.F.4x100.0 g",$3.99ea,,$1.00/ 100g,False,530.0,
dairy_and_eggs,Oikos,"Fat Free Greek Yogurt, Vanilla Flavour, Blended, 0% M.F.","OikosFat Free Greek Yogurt, Vanilla Flavour, Blended, 0% M.F.750 g",$5.49ea,,$0.73/ 100g,False,531.0,
dairy_and_eggs,Oikos,"Greek Yogurt, Plain, No Added Sugar, 2% M.F., 4 Pack","OikosGreek Yogurt, Plain, No Added Sugar, 2% M.F., 4 Pack4x100.0 g",$3.99ea,,$1.00/ 100g,False,532.0,
dairy_and_eggs,Oikos,"Drinkable Greek Yogurt With Banana, Oats, & Seeds, 9G Protein","OikosDrinkable Greek Yogurt With Banana, Oats, & Seeds, 9G Protein190 ml",$2.29ea,,$1.21/ 100ml,False,533.0,
dairy_and_eggs,President's Choice,"Plant Based Cultured Coconut Milk Yogurt Alternative, Plain","President's ChoicePlant Based Cultured Coconut Milk Yogurt Alternative, Plain500 g",$4.19ea,,$0.84/ 100g,False,534.0,
dairy_and_eggs,Califia Farms,Barista Blend,Califia FarmsBarista Blend946 ml,$5.99ea,,$0.63/ 100ml,False,535.0,
dairy_and_eggs,Black Diamond,Marble Cheddar Cheese Sticks,Black DiamondMarble Cheddar Cheese Sticks252 g,$7.99ea,$5.79ea,$2.30/ 100g,True,536.0,saleEnds 03/15
dairy_and_eggs,Danone,"Spiderman Yoghurt Drink with Real Fruit, Raspberry, 6 Bottles","DanoneSpiderman Yoghurt Drink with Real Fruit, Raspberry, 6 Bottles558 ml",$4.99ea,,$0.89/ 100ml,False,537.0,
dairy_and_eggs,Activia,"Yogurt With Probiotics, Peach Flavour Tub","ActiviaYogurt With Probiotics, Peach Flavour Tub650 g",$4.59ea,,$0.71/ 100g,False,538.0,
dairy_and_eggs,Oikos,"Greek Yogurt, Strawberry Raspberry, Fruit On The Bottom, 2% M.F.","OikosGreek Yogurt, Strawberry Raspberry, Fruit On The Bottom, 2% M.F.4x100.0 g",$3.99ea,,$1.00/ 100g,False,539.0,
dairy_and_eggs,IOGO,"Drinkable Yogurt, Banana 1.5%","IOGODrinkable Yogurt, Banana 1.5%6x93.0 ml",$3.99ea,$3.39ea,$0.61/ 100ml,True,540.0,saleEnds 03/15
dairy_and_eggs,Silk,"Soy For Coffee, Original Coffee Creamer","SilkSoy For Coffee, Original Coffee Creamer890 ml",$5.49ea,,$0.62/ 100ml,False,541.0,
dairy_and_eggs,President's Choice,Peach Mango 2% M.F. Greek Yogurt,President's ChoicePeach Mango 2% M.F. Greek Yogurt4x100.0 g,$4.19ea,,$1.05/ 100g,False,542.0,
dairy_and_eggs,Becel,Margarine with Olive Oil,BecelMargarine with Olive Oil454 g,$4.99ea,$3.99ea,$0.93/ 100g,True,543.0,saleEnds 03/15
dairy_and_eggs,Derlea,Garlic Spread,DerleaGarlic Spread250 g,$2.99ea,,$1.20/ 100g,False,544.0,
dairy_and_eggs,Cracker Barrel,Shreds Tex Mex,Cracker BarrelShreds Tex Mex320 g,$8.29ea,$5.49ea,$1.72/ 100g,True,545.0,saleEnds 03/15
dairy_and_eggs,Activia,"Immune System, Probiotic Drinkable Yogurt, Peach, 8 Bottles","ActiviaImmune System, Probiotic Drinkable Yogurt, Peach, 8 Bottles8x93.0 ml",$6.99ea,$5.49ea,$0.74/ 100ml,True,546.0,saleEnds 03/15
dairy_and_eggs,Yoplait,Source Fieldberry Yogurt 0% MF,YoplaitSource Fieldberry Yogurt 0% MF630 g,$3.19ea,,$0.51/ 100g,False,547.0,
dairy_and_eggs,Liberte,Greek Plain 0% MF Yogurt,LiberteGreek Plain 0% MF Yogurt750 g,$6.99ea,$6.49ea,$0.87/ 100g,True,548.0,saleEnds 03/15
dairy_and_eggs,Lactantia,Chocolate Milk,LactantiaChocolate Milk1.5 l,$5.69ea,,$0.38/ 100ml,False,549.0,
dairy_and_eggs,Liberte,Méditerranée Coconut 9% MF Yogurt,LiberteMéditerranée Coconut 9% MF Yogurt500 g,$4.19ea,,$0.84/ 100g,False,550.0,
dairy_and_eggs,No Name,5% M.F. Light Sour Cream,No Name5% M.F. Light Sour Cream500 ml,$2.00ea,,$0.40/ 100ml,False,551.0,
dairy_and_eggs,Yoplait,Creamy Raspberry/Blueberry/Fieldberry/Strawberry 1.5% MF Yogurt ,YoplaitCreamy Raspberry/Blueberry/Fieldberry/Strawberry 1.5% MF Yogurt 16x100.0 g,$6.99ea,$5.49ea,$0.34/ 100g,True,552.0,saleEnds 03/15
dairy_and_eggs,Liberte,Greek 5% M.F Plain Yogourt,LiberteGreek 5% M.F Plain Yogourt650 g,$6.49ea,,$1.00/ 100g,False,553.0,
dairy_and_eggs,Silk,"Almond For Coffee, Vanilla Flavour, Plant Based Dairy Free Coffee Creamer","SilkAlmond For Coffee, Vanilla Flavour, Plant Based Dairy Free Coffee Creamer890 ml",$5.49ea,,$0.62/ 100ml,False,554.0,
dairy_and_eggs,Danone,"Extra Creamy Greek Yogurt, Vanilla, Blended, 9% M.F.","DanoneExtra Creamy Greek Yogurt, Vanilla, Blended, 9% M.F.650 g",$5.49ea,,$0.84/ 100g,False,555.0,
dairy_and_eggs,Activia,"Probiotic Smoothie, Kiwi, Pineapple & Cucumber, Drinkable Yogurt","ActiviaProbiotic Smoothie, Kiwi, Pineapple & Cucumber, Drinkable Yogurt190 ml",$2.29ea,,$1.21/ 100ml,False,556.0,
dairy_and_eggs,Astro,"Original Balkan Style Yogurt, Strawberry, Raspberry, Black Cherry, Nectarine","AstroOriginal Balkan Style Yogurt, Strawberry, Raspberry, Black Cherry, Nectarine12x100.0 g",$6.29ea,,$0.52/ 100g,False,557.0,
dairy_and_eggs,Danone,"Danino Strawberry-Banana Flavoured Paw Patrol Yogurt Drink For Kids, 6X93","DanoneDanino Strawberry-Banana Flavoured Paw Patrol Yogurt Drink For Kids, 6X93558 ml",$4.99ea,,$0.89/ 100ml,False,558.0,
dairy_and_eggs,Cracker Barrel,Shreds Mozza Cheddar,Cracker BarrelShreds Mozza Cheddar320 g,$8.29ea,$5.49ea,$1.72/ 100g,True,559.0,saleEnds 03/15
dairy_and_eggs,Activia,"Yogurt With Probiotics Lactose Free, Vanilla, Strawberry, Raspberry, Cherry Flavour","ActiviaYogurt With Probiotics Lactose Free, Vanilla, Strawberry, Raspberry, Cherry Flavour12x100.0 g",$6.49ea,$5.49ea,$0.46/ 100g,True,560.0,saleEnds 03/15
dairy_and_eggs,Activia,"Immune System, Probiotic Yogurt Drink, Strawberry Drinkable Yogurt, 8 Pack","ActiviaImmune System, Probiotic Yogurt Drink, Strawberry Drinkable Yogurt, 8 Pack8x93.0 ml",$6.99ea,$5.49ea,$0.74/ 100ml,True,561.0,saleEnds 03/15
dairy_and_eggs,Pillsbury,Chub Chocolate Chunk Cookie   ,PillsburyChub Chocolate Chunk Cookie   468 g,$3.49ea,,$0.75/ 100g,False,562.0,
dairy_and_eggs,Liberte,Yogourt Black Cherry 9 % M.F.,LiberteYogourt Black Cherry 9 % M.F.4x100.0 g,$4.19ea,,$1.05/ 100g,False,563.0,
dairy_and_eggs,Yoplait,Minigo 3% MF Fresh Cheese Strawberry/Strawberry-Vanilla/Strawberry-Banana,YoplaitMinigo 3% MF Fresh Cheese Strawberry/Strawberry-Vanilla/Strawberry-Banana6x60.0 g,$3.29ea,,$0.91/ 100g,False,564.0,
dairy_and_eggs,Pillsbury,Holiday Premium Edition Cookies,PillsburyHoliday Premium Edition Cookies396 g,$4.49ea,,$1.13/ 100g,False,565.0,
dairy_and_eggs,Yoplait,Creamy Duo Raspberry-Vanilla/Blueberry-Vanilla/Mango-Vanilla/Strawberry-Vanilla 1.5% <MF Yogurt,YoplaitCreamy Duo Raspberry-Vanilla/Blueberry-Vanilla/Mango-Vanilla/Strawberry-Vanilla 1.5% <MF Yogurt16x100.0 g,$7.29ea,$5.49ea,$0.34/ 100g,True,566.0,saleEnds 03/15
dairy_and_eggs,Pillsbury,Grands Cinnamon Rolls Regular   ,PillsburyGrands Cinnamon Rolls Regular   496 g,$4.49ea,,$0.91/ 100g,False,567.0,
dairy_and_eggs,Yoplait,Source Peach Yogurt 0% MF,YoplaitSource Peach Yogurt 0% MF630 g,$3.19ea,,$0.51/ 100g,False,568.0,
dairy_and_eggs,Black Diamond,Cheestrings Marble Lactose Free,Black DiamondCheestrings Marble Lactose Free252 g,$7.99ea,$5.79ea,$2.30/ 100g,True,569.0,saleEnds 03/15
dairy_and_eggs,President's Choice,Lactose Free Nacho Shredded Cheese Blend,President's ChoiceLactose Free Nacho Shredded Cheese Blend320 g,$6.79ea,,$2.12/ 100g,False,570.0,
dairy_and_eggs,No Name,Farmer's Marble Cheese ,No NameFarmer's Marble Cheese 200 g,$3.99ea,,$2.00/ 100g,False,571.0,
dairy_and_eggs,Woolwich,Partially Skimmed Goat Milk 2%,WoolwichPartially Skimmed Goat Milk 2%1 l,$4.59ea,,$0.46/ 100ml,False,572.0,
dairy_and_eggs,No Name,Cheddar Flavour Processed Cheese Product Slices,No NameCheddar Flavour Processed Cheese Product Slices800 g,$7.99ea,,$1.00/ 100g,False,573.0,
dairy_and_eggs,Astro,"Biobest Probiotic Yogurt, Plain","AstroBiobest Probiotic Yogurt, Plain750 g",$3.47ea,,$0.46/ 100g,False,574.0,
dairy_and_eggs,Yoplait,"Yogurt Tubes, Strawberry Banana & Fruit Punch","YoplaitYogurt Tubes, Strawberry Banana & Fruit Punch8x56.0 g",$3.29ea,,$0.73/ 100g,False,575.0,
dairy_and_eggs,Astro,"Original Balkan Style Yogurt, Plain 2%","AstroOriginal Balkan Style Yogurt, Plain 2%750 g",$3.47ea,,$0.46/ 100g,False,576.0,
dairy_and_eggs,Yoplait,Vanilla Yogurt,YoplaitVanilla Yogurt200 ml,$0.99ea,$0.89ea,$0.45/ 100ml,True,577.0,saleEnds 03/15
dairy_and_eggs,Liberte,Greek Peach 2% MF Yogurt,LiberteGreek Peach 2% MF Yogurt750 g,$6.49ea,,$0.87/ 100g,False,578.0,
dairy_and_eggs,President's Choice,Plain Kefir Probiotic Fermented 1% M.F. Milk,President's ChoicePlain Kefir Probiotic Fermented 1% M.F. Milk1 l,$4.99ea,,$0.50/ 100ml,False,579.0,
dairy_and_eggs,Yoplait,Yop Drinkable Yogurt Tropical Flavour,YoplaitYop Drinkable Yogurt Tropical Flavour200 ml,$0.99ea,$0.89ea,$0.45/ 100ml,True,580.0,saleEnds 03/15
dairy_and_eggs,Oikos,"Drinkable Greek Yogurt With Vanilla, Apricot, Oats, & Seeds, 9G Protein","OikosDrinkable Greek Yogurt With Vanilla, Apricot, Oats, & Seeds, 9G Protein190 ml",$2.29ea,,$1.21/ 100ml,False,581.0,
dairy_and_eggs,Activia,"Yogurt With Probiotics, Strawberry Flavour","ActiviaYogurt With Probiotics, Strawberry Flavour650 g",$4.59ea,,$0.71/ 100g,False,582.0,
dairy_and_eggs,Activia,"Probiotic Yogurt, Blackberry, Blueberry, Blackcurrent, Berries, 12XG","ActiviaProbiotic Yogurt, Blackberry, Blueberry, Blackcurrent, Berries, 12XG12x100.0 g",$6.49ea,$5.49ea,$0.46/ 100g,True,583.0,saleEnds 03/15
dairy_and_eggs,Danone,"Encanto Yoghurt Drink, Vanilla, 6 Bottles","DanoneEncanto Yoghurt Drink, Vanilla, 6 Bottles558 ml",$4.99ea,,$0.89/ 100ml,False,584.0,
dairy_and_eggs,Liberte,Greek Vanilla Large Size 0 % M.F. Yogourt,LiberteGreek Vanilla Large Size 0 % M.F. Yogourt1 kg,$8.29ea,,$0.83/ 100g,False,585.0,
dairy_and_eggs,Activia,"Yogurt With Probiotics, Fieldberry Flavour Tub","ActiviaYogurt With Probiotics, Fieldberry Flavour Tub650 g",$4.59ea,,$0.71/ 100g,False,586.0,
dairy_and_eggs,Danone,"Danino Strawberry Flavoured Drinkable Yogurt, 6 Bottles","DanoneDanino Strawberry Flavoured Drinkable Yogurt, 6 Bottles558 ml",$4.99ea,,$0.89/ 100ml,False,587.0,
dairy_and_eggs,No Name,Old Cheddar Cheese,No NameOld Cheddar Cheese700 g,$9.99ea,,$1.43/ 100g,False,588.0,
dairy_and_eggs,No Name,Light Marble Cheddar Cheese 19% M.F.,No NameLight Marble Cheddar Cheese 19% M.F.700 g,$9.99ea,,$1.43/ 100g,False,589.0,
dairy_and_eggs,Pillsbury,Flaky Real Apple Turnovers,PillsburyFlaky Real Apple Turnovers383 g,$3.49ea,,$0.91/ 100g,False,590.0,
dairy_and_eggs,Liberte,Greek Lactose Free Plain 0% MF Yogurt,LiberteGreek Lactose Free Plain 0% MF Yogurt750 g,$6.49ea,,$0.87/ 100g,False,591.0,
dairy_and_eggs,Kraft,Singles Original Slices,KraftSingles Original Slices825 g,$10.99ea,,$1.33/ 100g,False,592.0,
dairy_and_eggs,Liberte,Greek Vanilla 0% MF Yogurt,LiberteGreek Vanilla 0% MF Yogurt750 g,$6.49ea,,$0.87/ 100g,False,593.0,
dairy_and_eggs,No Name,Medium Cheddar Cheese,No NameMedium Cheddar Cheese700 g,$9.99ea,,$1.43/ 100g,False,594.0,
dairy_and_eggs,Yoplait,Minigo 3% MF Duo Fresh Cheese Strawberry-Banana/Blueberry-Strawberry/Banana-Blueberry,YoplaitMinigo 3% MF Duo Fresh Cheese Strawberry-Banana/Blueberry-Strawberry/Banana-Blueberry6x60.0 g,$3.29ea,,$0.91/ 100g,False,595.0,
dairy_and_eggs,Pillsbury,"Wiener Wrap, Regular","PillsburyWiener Wrap, Regular200 g",$1.99ea,,$1.00/ 100g,False,596.0,
dairy_and_eggs,Pillsbury,Country Biscuits,PillsburyCountry Biscuits340 g,$3.79ea,,$1.11/ 100g,False,597.0,
dairy_and_eggs,Liberte,Yogourt Wild Blueberry 9 % M.F.,LiberteYogourt Wild Blueberry 9 % M.F.4x100.0 g,$4.19ea,,$1.05/ 100g,False,598.0,
dairy_and_eggs,Yoplait,Source Blueberry/Strawberry/Blackberry/Nectarine  0% MF Yogurt,YoplaitSource Blueberry/Strawberry/Blackberry/Nectarine  0% MF Yogurt16x100.0 g,$7.29ea,$5.49ea,$0.34/ 100g,True,599.0,saleEnds 03/15
dairy_and_eggs,Liberte,Greek Plain 2% MF Yogurt,LiberteGreek Plain 2% MF Yogurt750 g,$6.49ea,,$0.87/ 100g,False,600.0,
dairy_and_eggs,Liberte,Méditerranée Black Cherry 9% MF Yogurt,LiberteMéditerranée Black Cherry 9% MF Yogurt500 g,$4.19ea,,$0.84/ 100g,False,601.0,
dairy_and_eggs,No Name,"Cottage Cheese, 2% M.F.","No NameCottage Cheese, 2% M.F.500 g",$3.49ea,,$0.70/ 100g,False,602.0,
