category,brand,product_text,product_name,price_text,sale_price,per_unit_price_text,is_sale
frozen,No Name,"Fried Potatoes, Crispy Skin On","No NameFried Potatoes, Crispy Skin On1 kg",$2.00ea,,$0.20/ 100g,False
frozen,President's Choice,Pacific White Shrimp Raw Peeled,President's ChoicePacific White Shrimp Raw Peeled400 g,$10.99ea,,$2.75/ 100g,False
frozen,No Name,Green Peas,No NameGreen Peas750 g,$2.49ea,,$0.33/ 100g,False
frozen,President's Choice,Sliced Strawberries,President's ChoiceSliced Strawberries600 g,$4.79ea,,$0.80/ 100g,False
frozen,President's Choice,Blueberries Cultivated,President's ChoiceBlueberries Cultivated600 g,$4.79ea,,$0.80/ 100g,False
frozen,President's Choice,Pacific White Shrimp Cooked Peeled,President's ChoicePacific White Shrimp Cooked Peeled400 g,$11.99ea,,$3.00/ 100g,False
frozen,Kelloggs,"Eggo Original Waffles, 8 waffles","KelloggsEggo Original Waffles, 8 waffles280 g",$4.29ea,,$1.53/ 100g,False
frozen,President's Choice,Extra Fine Whole Green Beans ,President's ChoiceExtra Fine Whole Green Beans 500 g,$3.99ea,,$0.80/ 100g,False
frozen,President's Choice,Peaches & Cream Corn ,President's ChoicePeaches & Cream Corn 750 g,$3.99ea,,$0.53/ 100g,False
frozen,President's Choice,Cauliflower Florets,President's ChoiceCauliflower Florets500 g,$3.99ea,,$0.80/ 100g,False
frozen,President's Choice,Edamame,President's ChoiceEdamame500 g,$3.99ea,,$0.80/ 100g,False
frozen,No Name,Peas and Carrots,No NamePeas and Carrots750 g,$2.49ea,,$0.33/ 100g,False
frozen,President's Choice,Extra Cheesy Mac & Cheese,President's ChoiceExtra Cheesy Mac & Cheese1.13 kg,$6.49ea,,$0.57/ 100g,False
frozen,Mccain,Straight Cut French Fries,MccainStraight Cut French Fries900 g,$2.49ea,,$0.28/ 100g,False
frozen,Mccain,Superfries Crinkle Cut Fries,MccainSuperfries Crinkle Cut Fries650 g,$4.49ea,,$0.69/ 100g,False
frozen,Seaquest,"Colossal Raw Shrimp, 16/20","SeaquestColossal Raw Shrimp, 16/20300 g",$9.99ea,,$3.33/ 100g,False
frozen,President's Choice, Canadian Wild Blueberries,President's Choice Canadian Wild Blueberries400 g,$4.79ea,,$1.20/ 100g,False
frozen,President's Choice,"Peaches, Strawberries, Pineapple & Mango 4-Fruit Blend","President's ChoicePeaches, Strawberries, Pineapple & Mango 4-Fruit Blend600 g",$4.79ea,,$0.80/ 100g,False
frozen,Nissin,Shrimp Dumpling  Hargow,NissinShrimp Dumpling  Hargow104 g,$3.99ea,,$3.84/ 100g,False
frozen,Ben & Jerry's,Ice Cream with Fairtrade Ingredients Salted Caramel Almond Non-Gmo,Ben & Jerry'sIce Cream with Fairtrade Ingredients Salted Caramel Almond Non-Gmo473 ml,$6.49ea,,$1.37/ 100ml,False
frozen,Mccain,9 Minute Savoury Herb Potato Patties,Mccain9 Minute Savoury Herb Potato Patties600 g,$3.99ea,,$0.67/ 100g,False
frozen,ACE,Frozen White Demi Baguette,ACEFrozen White Demi Baguette400 g,$5.89ea,,$1.47/ 100g,False
frozen,President's Choice,Loads Of Mango Fruit Bars,President's ChoiceLoads Of Mango Fruit Bars480 ml,$6.99ea,$5.49ea,$1.14/ 100ml,True
frozen,CAVENDISH FARMS,Frozen Fried Potatoes Straight Cut Fries Crispy Classic Value Pack,CAVENDISH FARMSFrozen Fried Potatoes Straight Cut Fries Crispy Classic Value Pack1.8 kg,$8.99ea,,$0.50/ 100g,False
frozen,No Name,Concentrated Fruit Punch,No NameConcentrated Fruit Punch283 ml,$0.99ea,,$0.35/ 100ml,False
frozen,President's Choice,The Decadent Molten Chocolate Cakes,President's ChoiceThe Decadent Molten Chocolate Cakes216 g,$4.29ea,,$1.99/ 100g,False
frozen,President's Choice,Chocolate Caramel Pecan Cluster New York-Style Cheesecake,President's ChoiceChocolate Caramel Pecan Cluster New York-Style Cheesecake600 g,$9.49ea,,$1.58/ 100g,False
frozen,Little Northern Bakehouse,Millet & Chia Hamburger Buns,Little Northern BakehouseMillet & Chia Hamburger Buns320 g,$8.29ea,,$2.59/ 100g,False
frozen,Marie Callender's,Creamy White Mac,Marie Callender'sCreamy White Mac680 g,$9.99ea,,$1.47/ 100g,False
frozen,St Hubert,Montana's Texan BBQ Ribs,St HubertMontana's Texan BBQ Ribs650 g,$14.99ea,,$2.31/ 100g,False
frozen,Silver Hills,Sprouted Power Bagels Sesame Sunflower Organic 5 Bagels,Silver HillsSprouted Power Bagels Sesame Sunflower Organic 5 Bagels400 g,$7.79ea,,$1.95/ 100g,False
frozen,President's Choice,Chicken General Tao,President's ChoiceChicken General Tao907 g,$9.99ea,$6.49ea,$0.72/ 100g,True
frozen,Stouffers,"Bistro Flatbreads, 4 Cheese Grilled Chicken","StouffersBistro Flatbreads, 4 Cheese Grilled Chicken184 g",$4.99ea,,$2.71/ 100g,False
frozen,PC Organics,Organic Four Cheese Pizza,PC OrganicsOrganic Four Cheese Pizza346 g,$9.29ea,,$2.68/ 100g,False
frozen,PC Organics,Organic Edamame In Shell,PC OrganicsOrganic Edamame In Shell500 g,$5.49ea,,$1.10/ 100g,False
frozen,Five Alive,Passionate Peach Juice,Five AlivePassionate Peach Juice295 ml,$2.49ea,,$0.84/ 100ml,False
frozen,Dr Oetker,Giuseppe Pizzeria Panini Bruschetta ,Dr OetkerGiuseppe Pizzeria Panini Bruschetta 250 g,$3.99ea,,$1.60/ 100g,False
frozen,No Name,Uncooked Stuffed Breaded Chicken Breast Cutlettes Parmesan,No NameUncooked Stuffed Breaded Chicken Breast Cutlettes Parmesan284 g,$4.00ea,,$1.41/ 100g,False
frozen,Michelina,"Pizza Snack, Pepperoni","MichelinaPizza Snack, Pepperoni496 g",$4.99ea,,$1.01/ 100g,False
frozen,President's Choice,Mexican-Style Street Corn Fritters,President's ChoiceMexican-Style Street Corn Fritters384 g,$8.99ea,,$2.34/ 100g,False
frozen,Michelina,Grande Fettuccine Alfredo,MichelinaGrande Fettuccine Alfredo454 g,$3.29ea,,$0.72/ 100g,False
frozen,Maple Leaf,Oktoberfest Dinner Sausage,Maple LeafOktoberfest Dinner Sausage375 g,$6.99ea,,$1.86/ 100g,False
frozen,Janes,"Boneless Chicken Bites, Honey Garlic","JanesBoneless Chicken Bites, Honey Garlic710 g",$16.99ea,,$2.39/ 100g,False
frozen,,Sausage Rolls,Sausage Rolls1 kg,$10.00ea,,$1.00/ 100g,False
frozen,PC Blue Menu,Vegetable Lasagna,PC Blue MenuVegetable Lasagna1.13 kg,$9.99ea,$6.49ea,$0.57/ 100g,True
frozen,Stouffers,Bowl Fulls Cheesy Meatball Marinara,StouffersBowl Fulls Cheesy Meatball Marinara305 g,$6.29ea,,$2.06/ 100g,False
frozen,,"Lamb Leg, Short Cut, Previously Frozen","Lamb Leg, Short Cut, Previously Frozen",$35.44(est.)ea,,$15.41/ 1kg,False
frozen,Janes,Chicken Breast Fillets,JanesChicken Breast Fillets720 g,$16.99ea,,$2.36/ 100g,False
frozen,Michelina,Chicken Fried Rice,MichelinaChicken Fried Rice255 g,$2.49ea,,$0.98/ 100g,False
frozen,Delissio,Thin Crispy Crust Pepperoni Pizza,DelissioThin Crispy Crust Pepperoni Pizza475 g,$6.99ea,,$1.47/ 100g,False
frozen,Fruitopia,Strawberry Passion Awareness Fruit Beverage,FruitopiaStrawberry Passion Awareness Fruit Beverage295 ml,$1.79ea,,$0.61/ 100ml,False
frozen,Green Ocean,Go Raw White Shrimp 51/70,Green OceanGo Raw White Shrimp 51/70160 g,$3.99ea,,$2.49/ 100g,False
frozen,Cheemo,"Perogies, Potato, Bacon & Cheese","CheemoPerogies, Potato, Bacon & Cheese907 g",$3.99ea,,$0.44/ 100g,False
frozen,Pillsbury,Pizza Bites Pepperoni,PillsburyPizza Bites Pepperoni693 g,$7.49ea,,$1.08/ 100g,False
frozen,Janes,Boneless Chicken Bites,JanesBoneless Chicken Bites710 g,$16.99ea,,$2.39/ 100g,False
frozen,Mccain,Bistro Selects Super Crisps Steak Cut Fries,MccainBistro Selects Super Crisps Steak Cut Fries650 g,$4.49ea,,$0.69/ 100g,False
frozen,Nanuk,Smoked Coho Salmon,NanukSmoked Coho Salmon300 g,$21.99ea,,$7.33/ 100g,False
frozen,Delcato,Falafel Bites With Tahini Organic,DelcatoFalafel Bites With Tahini Organic285 g,$8.99ea,,$3.15/ 100g,False
frozen,Shana,Parathas Whole Wheat Lacha,ShanaParathas Whole Wheat Lacha400 g,$2.99ea,,$0.75/ 100g,False
frozen,Burnbrae Farms,Egg Bake Garden Mushroom & Bacon Quiche,Burnbrae FarmsEgg Bake Garden Mushroom & Bacon Quiche2x95.0 g,$3.99ea,,$2.10/ 100g,False
frozen,Delcato,Mac N' Cheese Butter Chicken,DelcatoMac N' Cheese Butter Chicken454 g,$9.29ea,,$2.05/ 100g,False
frozen,Sufra,Halal Chicken Nuggets,SufraHalal Chicken Nuggets840 g,$11.00ea,,$1.31/ 100g,False
frozen,President's Choice,Cheese Cannelloni ,President's ChoiceCheese Cannelloni 1.13 kg,$9.99ea,$6.49ea,$0.57/ 100g,True
frozen,Pogo,Smoky Bacon Sausage,PogoSmoky Bacon Sausage544 g,$9.49ea,,$1.74/ 100g,False
frozen,Ready Bake,Frozen Garlic Toast Bread,Ready BakeFrozen Garlic Toast Bread325 g,$4.99ea,,$1.54/ 100g,False
frozen,No Name,"Stuffed Breaded Chicken Breasts, Ham & Cheese","No NameStuffed Breaded Chicken Breasts, Ham & Cheese284 g",$4.00ea,,$1.41/ 100g,False
frozen,President's Choice,"Pub Recipe Chicken Strips, Fully Cooked, Club Size","President's ChoicePub Recipe Chicken Strips, Fully Cooked, Club Size1.4 kg",$11.99ea,,$0.86/ 100g,False
frozen,Waterview Market,Crispy Calamari,Waterview MarketCrispy Calamari300 g,$5.99ea,,$2.00/ 100g,False
frozen,Suraj,"Sliced Okra, Bhindi","SurajSliced Okra, Bhindi1 kg",$4.99ea,,$0.50/ 100g,False
frozen,President's Choice,Extra Thick Onion Rings,President's ChoiceExtra Thick Onion Rings400 g,$3.99ea,,$1.00/ 100g,False
frozen,Stouffers,Diner Classics Turkey & Stuffing,StouffersDiner Classics Turkey & Stuffing273 g,$4.99ea,,$1.83/ 100g,False
frozen,PC Organics,Organics Riced Cauliflower,PC OrganicsOrganics Riced Cauliflower500 g,$5.49ea,,$1.10/ 100g,False
frozen,Delissio,Stuffed Crust 4 Cheese Pizza,DelissioStuffed Crust 4 Cheese Pizza664 g,$8.99ea,,$1.35/ 100g,False
frozen,President's Choice,Frozen Mini Eclairs,President's ChoiceFrozen Mini Eclairs710 g,$14.99ea,,$2.11/ 100g,False
frozen,Maple Leaf,Mini-Sizzlers Breakfast Sausages,Maple LeafMini-Sizzlers Breakfast Sausages375 g,$6.99ea,,$1.86/ 100g,False
frozen,President's Choice,Key Lime Pie,President's ChoiceKey Lime Pie830 g,$10.99ea,,$1.32/ 100g,False
frozen,Delissio,Crispy Pan 4-Cheese Pizza,DelissioCrispy Pan 4-Cheese Pizza570 g,$8.99ea,,$1.58/ 100g,False
frozen,President's Choice,Crispy Shrimp Fine Hors D'Oeuvre Trio,President's ChoiceCrispy Shrimp Fine Hors D'Oeuvre Trio528 g,$16.29ea,,$3.09/ 100g,False
frozen,Delissio,Crispy Pan Hawaiian Pizza,DelissioCrispy Pan Hawaiian Pizza572 g,$8.99ea,,$1.57/ 100g,False
frozen,Delissio,Stuffed Crust Delux Pizza,DelissioStuffed Crust Delux Pizza744 g,$8.99ea,,$1.21/ 100g,False
frozen,Shana,Pigeon Peas,ShanaPigeon Peas300 g,$2.29ea,,$0.76/ 100g,False
frozen,Swiss Chalet,Rotisserie Style Beef Pot Pie,Swiss ChaletRotisserie Style Beef Pot Pie655 g,$9.99ea,,$1.53/ 100g,False
frozen,Silver Hills,The Big 16,Silver HillsThe Big 16615 g,$5.99ea,,$0.97/ 100g,False
frozen,Furlani,Frozen Garlic Bread,FurlaniFrozen Garlic Bread284 g,$2.49ea,,$0.88/ 100g,False
frozen,Stouffers,Diner Classics Fried Chicken Breast,StouffersDiner Classics Fried Chicken Breast251 g,$4.99ea,,$1.99/ 100g,False
frozen,,Southern-Style Popcorn Chicken,Southern-Style Popcorn Chicken1.13 kg,$10.00ea,,$0.88/ 100g,False
frozen,President's Choice,Maple Soy Cedar Plank Atlantic Salmon,President's ChoiceMaple Soy Cedar Plank Atlantic Salmon500 g,$22.99ea,,$4.60/ 100g,False
frozen,President's Choice,Gluten Free Homestyle Waffles,President's ChoiceGluten Free Homestyle Waffles320 g,$3.59ea,,$1.12/ 100g,False
frozen,Pillsbury,Pizza Pops 3 Cheese Flavour 4 ct,PillsburyPizza Pops 3 Cheese Flavour 4 ct380 g,$3.99ea,,$1.05/ 100g,False
frozen,Sol Cuisine,Mushroom Rice Burger,Sol CuisineMushroom Rice Burger284 g,$7.49ea,,$2.64/ 100g,False
frozen,Minute Maid,"Berry Punch Frozen Concentrate Juice Beverage, Can","Minute MaidBerry Punch Frozen Concentrate Juice Beverage, Can295 ml",$1.49ea,,$0.51/ 100ml,False
frozen,Righteous,Dairy Free Raspberry Lime Sorbetto,RighteousDairy Free Raspberry Lime Sorbetto562 ml,$10.99ea,,$1.96/ 100ml,False
frozen,No Name,Original Waffles ,No NameOriginal Waffles 280 g,$3.29ea,,$1.18/ 100g,False
frozen,High Liner,"Fish In Tempura Batter, Haddock","High LinerFish In Tempura Batter, Haddock350 g",$7.99ea,$6.49ea,$1.85/ 100g,True
frozen,Nestle,Oreo Sandwiches,NestleOreo Sandwiches4x125.0 ml,$6.99ea,,$1.40/ 100ml,False
frozen,President's Choice,Frozen Tiramisu,President's ChoiceFrozen Tiramisu460 g,$7.00ea,,$1.52/ 100g,False
frozen,Pogo,All Beef,PogoAll Beef600 g,$9.49ea,,$1.58/ 100g,False
frozen,No Name,Original Waffles ,No NameOriginal Waffles 280 g,$3.29ea,,$1.18/ 100g,False
frozen,High Liner,"Fish In Tempura Batter, Haddock","High LinerFish In Tempura Batter, Haddock350 g",$7.99ea,$6.49ea,$1.85/ 100g,True
frozen,Nestle,Oreo Sandwiches,NestleOreo Sandwiches4x125.0 ml,$6.99ea,,$1.40/ 100ml,False
frozen,President's Choice,Frozen Tiramisu,President's ChoiceFrozen Tiramisu460 g,$7.00ea,,$1.52/ 100g,False
frozen,Pogo,Original 10'S     ,PogoOriginal 10'S     750 g,$9.49ea,,$1.27/ 100g,False
frozen,Binggrae,"Ice Cream, Melona Purple Yam Frozen Dessert Bars","BinggraeIce Cream, Melona Purple Yam Frozen Dessert Bars560 ml",$6.99ea,,$1.25/ 100ml,False
frozen,President's Choice,Maple Crunch Mini Ice Cream Bars,President's ChoiceMaple Crunch Mini Ice Cream Bars330 ml,$4.99ea,,$1.51/ 100ml,False
frozen,President's Choice,Chocolate Frozen Yogurt,President's ChoiceChocolate Frozen Yogurt2 l,$4.00ea,,$0.20/ 100ml,False
frozen,Stouffers,Creamy Chicken and Rice,StouffersCreamy Chicken and Rice309 g,$3.99ea,,$1.29/ 100g,False
frozen,High Liner,English Style Chips & Fish,High LinerEnglish Style Chips & Fish550 g,$9.99ea,$6.49ea,$1.18/ 100g,True
frozen,Breyers,Family Classic Frozen Dessert with Real Vanilla Beans French Vanilla,BreyersFamily Classic Frozen Dessert with Real Vanilla Beans French Vanilla1.66 l,$5.99ea,,$0.36/ 100ml,False
frozen,President's Choice,Avocado Chunks,President's ChoiceAvocado Chunks400 g,$4.79ea,,$1.20/ 100g,False
frozen,Mccain,Deep'n Delicious Cookies and Cream Cake,MccainDeep'n Delicious Cookies and Cream Cake510 g,$6.49ea,,$1.27/ 100g,False
frozen,The Original,"Fudgsicle Frozen Dairy Dessert Bars with malt, cocoa and quality milk","The OriginalFudgsicle Frozen Dairy Dessert Bars with malt, cocoa and quality milk720 ml",$5.49ea,,$0.76/ 100ml,False
frozen,President's Choice,Australian Lamb Frozen Short Cut Leg Of Lamb,President's ChoiceAustralian Lamb Frozen Short Cut Leg Of Lamb,$54.70(est.)ea,,$19.82/ 1kg,False
frozen,President's Choice,Elk Crossing Ice Cream ,President's ChoiceElk Crossing Ice Cream 946 ml,$4.49ea,,$0.47/ 100ml,False
frozen,Delcato,Japanese Style Cheesecake Mango,DelcatoJapanese Style Cheesecake Mango300 g,$7.99ea,,$2.66/ 100g,False
frozen,Magnum,Rapberry Ice Cream ,MagnumRapberry Ice Cream 3x90.0 ml,$6.49ea,,$2.40/ 100ml,False
frozen,President's Choice,Yuzu Citrus and Blueberry Sorbet,President's ChoiceYuzu Citrus and Blueberry Sorbet946 ml,$4.49ea,,$0.47/ 100ml,False
frozen,Stouffers,Bistro Crustini Steak and Cheddar Cheese Pastry Snack,StouffersBistro Crustini Steak and Cheddar Cheese Pastry Snack226 g,$3.99ea,,$1.77/ 100g,False
frozen,President's Choice,Sorbet Raspberry & Mango,President's ChoiceSorbet Raspberry & Mango946 ml,$4.49ea,,$0.47/ 100ml,False
frozen,No Name,Blueberry Waffles,No NameBlueberry Waffles1680 g,$12.99ea,,$0.77/ 100g,False
frozen,Lous,Roast Beef au Jus,LousRoast Beef au Jus375 g,$10.49ea,,$2.80/ 100g,False
frozen,Amys,"Organic Burrito, Black Bean","AmysOrganic Burrito, Black Bean170 g",$4.99ea,,$2.94/ 100g,False
frozen,No Name,Meat Lasagna,No NameMeat Lasagna1 kg,$6.50ea,,$0.65/ 100g,False
frozen,President's Choice,Raw Shrimp,President's ChoiceRaw Shrimp340 g,$12.99ea,,$3.82/ 100g,False
frozen,Delissio,Stuffed Crust 3 Meat,DelissioStuffed Crust 3 Meat702 g,$8.99ea,,$1.28/ 100g,False
frozen,President's Choice,Plant Based Apple Crumble Pie,President's ChoicePlant Based Apple Crumble Pie770 g,$7.99ea,,$1.04/ 100g,False
frozen,Wong Wing,Chicken Chow Mein,Wong WingChicken Chow Mein400 g,$5.99ea,,$1.50/ 100g,False
frozen,President's Choice,Sausage And Penne,President's ChoiceSausage And Penne1 kg,$9.99ea,$6.49ea,$0.65/ 100g,True
frozen,President's Choice,Double Decker New York-Style Cheesecake,President's ChoiceDouble Decker New York-Style Cheesecake600 g,$9.49ea,,$1.58/ 100g,False
frozen,One World Halal,Beef Patties Mild 9 Patties,One World HalalBeef Patties Mild 9 Patties1.17 kg,$11.49ea,,$0.98/ 100g,False
frozen,President's Choice,Gluten Free Four Cheese Pizza,President's ChoiceGluten Free Four Cheese Pizza340 g,$9.29ea,,$2.73/ 100g,False
frozen,O'Tasty,Veg & Chick Dumplings,O'TastyVeg & Chick Dumplings567 g,$6.99ea,,$1.23/ 100g,False
frozen,Wong Wing,Lemon Chicken,Wong WingLemon Chicken400 g,$5.99ea,,$1.50/ 100g,False
frozen,Little Northern Bakehouse,Cinnamon & Raisin Bread,Little Northern BakehouseCinnamon & Raisin Bread482 g,$8.29ea,,$1.72/ 100g,False
frozen,Zabiha Halal,Chicken Breast Strips,Zabiha HalalChicken Breast Strips800 g,$10.99ea,,$1.37/ 100g,False
frozen,Burnbrae Farms,Egg Bites Pizza Mini,Burnbrae FarmsEgg Bites Pizza Mini336 g,$6.49ea,,$1.93/ 100g,False
frozen,PC Organics,Organic Whole Strawberries,PC OrganicsOrganic Whole Strawberries600 g,$8.49ea,,$1.42/ 100g,False
frozen,St Hubert,Frozen Back Ribs,St HubertFrozen Back Ribs680 g,$12.99ea,,$1.91/ 100g,False
frozen,Zabiha Halal,Halal Barbeque Chicken Wings,Zabiha HalalHalal Barbeque Chicken Wings908 g,$17.99ea,,$1.98/ 100g,False
frozen,Butcher's Choice,"BBQ Beef Burgers, Hickory Flavour","Butcher's ChoiceBBQ Beef Burgers, Hickory Flavour1.13 kg",$15.99ea,,$1.42/ 100g,False
frozen,Aquastar,Breaded Haddock Fillets    ,AquastarBreaded Haddock Fillets    500 g,$10.99ea,,$2.20/ 100g,False
frozen,President's Choice,Gluten Free Bruschetta Cauliflower Flatbread,President's ChoiceGluten Free Bruschetta Cauliflower Flatbread342 g,$9.29ea,,$2.72/ 100g,False
frozen,Pillsbury,Pizza Pops Pepperoni and Bacon 8ct,PillsburyPizza Pops Pepperoni and Bacon 8ct760 g,$6.99ea,,$0.92/ 100g,False
frozen,No Name,Meat Lasagna,No NameMeat Lasagna2.27 kg,$12.99ea,,$0.57/ 100g,False
frozen,Silver Hills,Little Big Bread,Silver HillsLittle Big Bread430 g,$5.99ea,,$1.39/ 100g,False
frozen,Haldiram,"Naan, Tandoori Garlic    ","HaldiramNaan, Tandoori Garlic    400 g",$4.49ea,,$1.12/ 100g,False
frozen,Stouffers,Diner Classics Beef Stroganoff,StouffersDiner Classics Beef Stroganoff245 g,$4.99ea,,$2.04/ 100g,False
frozen,Al Safa,Beef Seekh Kebab,Al SafaBeef Seekh Kebab345 g,$15.99ea,,$4.63/ 100g,False
frozen,,Wild Smoked Salmon,Wild Smoked Salmon255 g,$10.00ea,,$3.92/ 100g,False
frozen,Suraj,"Sliced Karela, Bitter Gourd ","SurajSliced Karela, Bitter Gourd 500 g",$2.99ea,,$0.60/ 100g,False
frozen,,Peeled and Cooked Shrimp,Peeled and Cooked Shrimp340 g,$9.99ea,,$2.94/ 100g,False
frozen,Butterball,"Frozen Turkey, 5-7 Kg","ButterballFrozen Turkey, 5-7 Kg6 kg",$38.00ea,,$0.63/ 100g,False
frozen,Butcher's Choice,Beef Burgers,Butcher's ChoiceBeef Burgers1.13 kg,$15.99ea,,$1.42/ 100g,False
frozen,President's Choice,Plant Based Mini Sausageless Rolls,President's ChoicePlant Based Mini Sausageless Rolls600 g,$6.99ea,,$1.17/ 100g,False
frozen,Delissio,Crispy Pan Meat Lovers Pizza,DelissioCrispy Pan Meat Lovers Pizza598 g,$8.99ea,,$1.50/ 100g,False
frozen,Premier, Seafood Mix,Premier Seafood Mix340 g,$6.99ea,,$2.06/ 100g,False
frozen,Nature's Path,Gluten Free Chocolate Chip Waffle,Nature's PathGluten Free Chocolate Chip Waffle210 g,$4.99ea,,$2.38/ 100g,False
frozen,Lous,Pulled Pork,LousPulled Pork400 g,$10.49ea,,$2.62/ 100g,False
frozen,Shana,"Naan, Chili & Coriander","ShanaNaan, Chili & Coriander300 g",$2.99ea,,$1.00/ 100g,False
frozen,President's Choice,Chocolate Brownie Cheesecake with Ganache Topping,President's ChoiceChocolate Brownie Cheesecake with Ganache Topping600 g,$9.49ea,,$1.58/ 100g,False
frozen,No Name,Concentrated Berry Punch,No NameConcentrated Berry Punch283 ml,$0.99ea,,$0.35/ 100ml,False
frozen,Delissio,Thin Crispy Crust Canadian Pizza,DelissioThin Crispy Crust Canadian Pizza520 g,$6.99ea,,$1.34/ 100g,False
frozen,,Pork & Veg Pot Stickers,Pork & Veg Pot Stickers1250 g,$10.00ea,,$0.80/ 100g,False
frozen,Delissio,"Pizza, Croissant Crust Ham & Cheese ","DelissioPizza, Croissant Crust Ham & Cheese 691 g",$8.99ea,,$1.30/ 100g,False
frozen,President's Choice,Pacific White Shrimp Platter with Mild Cocktail Sauce,President's ChoicePacific White Shrimp Platter with Mild Cocktail Sauce568 g,$20.00ea,,$3.52/ 100g,False
frozen,President's Choice,Shepherd's Pie,President's ChoiceShepherd's Pie900 g,$14.49ea,,$1.61/ 100g,False
frozen,Delissio,Croissant Crust Pepperoni Pizza,DelissioCroissant Crust Pepperoni Pizza667 g,$8.99ea,,$1.35/ 100g,False
frozen,Swiss Chalet,Chicken Pot Pie,Swiss ChaletChicken Pot Pie650 g,$9.99ea,,$1.54/ 100g,False
frozen,PC Organics,California Vegetable Blend Mixed Vegetables,PC OrganicsCalifornia Vegetable Blend Mixed Vegetables500 g,$5.49ea,,$1.10/ 100g,False
frozen,President's Choice,Blueberries Cultivated,President's ChoiceBlueberries Cultivated2 kg,$14.99ea,,$0.75/ 100g,False
frozen,President's Choice,"Pub Recipe Chicken Nuggets, Fully Cooked","President's ChoicePub Recipe Chicken Nuggets, Fully Cooked700 g",$7.49ea,,$1.07/ 100g,False
frozen,Impossible Foods Inc.,Simulated Meat Burger Patties Made From Plants,Impossible Foods Inc.Simulated Meat Burger Patties Made From Plants226 g,$8.99ea,,$3.98/ 100g,False
frozen,Minute Maid,"Pink Lemonade Frozen Concentrate, Can","Minute MaidPink Lemonade Frozen Concentrate, Can295 ml",$1.79ea,,$0.61/ 100ml,False
frozen,,"Frozen Utility Turkey, 3 5kg","Frozen Utility Turkey, 3 5kg1 ea",$18.00ea,,$18.00/ 1ea,False
frozen,Mccain,Deluxe Pizza Pockets ,MccainDeluxe Pizza Pockets 600 g,$8.49ea,,$1.42/ 100g,False
frozen,No Name,Buttermilk Pancakes,No NameButtermilk Pancakes936 g,$6.49ea,,$0.69/ 100g,False
frozen,Tinnel's,Jamaican Vegetable Patties,Tinnel'sJamaican Vegetable Patties1.12 kg,$10.49ea,$9.99ea,$0.89/ 100g,True
frozen,President's Choice,Gluten Free Chicken Strips,President's ChoiceGluten Free Chicken Strips600 g,$8.49ea,,$1.42/ 100g,False
frozen,President's Choice,Butter Infused Young Turkey - Frozen - 3-5 kg,President's ChoiceButter Infused Young Turkey - Frozen - 3-5 kg1 kg,$28.00ea,,,False
frozen,One World Halal,Halal Beef Patties Spicy 9 Patties,One World HalalHalal Beef Patties Spicy 9 Patties1.17 kg,$11.49ea,,$0.98/ 100g,False
frozen,Breyers,Family Classic Ice Cream Pralines & Cream For a Frozen Dessert Treat,BreyersFamily Classic Ice Cream Pralines & Cream For a Frozen Dessert Treat1.66 l,$5.99ea,,$0.36/ 100ml,False
frozen,Tenderflake,"Deep Dish Pie Shells, All Vegetable Shortening","TenderflakeDeep Dish Pie Shells, All Vegetable Shortening340 g",$4.29ea,,$1.26/ 100g,False
frozen,The Original,Original Shakesicle Bars Strawberry Frozen Dairy Dessert,The OriginalOriginal Shakesicle Bars Strawberry Frozen Dairy Dessert60 ml,$5.49ea,,$9.15/ 100ml,False
frozen,Chapmans,Premuim Canadian Collection Chocolate Fudge Brownie Bumpy Bar,ChapmansPremuim Canadian Collection Chocolate Fudge Brownie Bumpy Bar8x55.0 ml,$2.99ea,,$0.68/ 100ml,False
frozen,Hungry-Man,Salisbury Steak ,Hungry-ManSalisbury Steak 455 g,$5.49ea,,$1.21/ 100g,False
frozen,President's Choice,Banana Split Ice Cream,President's ChoiceBanana Split Ice Cream946 ml,$4.49ea,,$0.47/ 100ml,False
frozen,President's Choice,Tortilla and Jalapeno Cheese Sticks,President's ChoiceTortilla and Jalapeno Cheese Sticks345 g,$9.99ea,,$2.90/ 100g,False
frozen,High Liner,Lightly Breaded Fish,High LinerLightly Breaded Fish300 g,$10.99ea,,$3.66/ 100g,False
frozen,Marie Callender's,Tender Ginger Beef & Broccoli Bowl,Marie Callender'sTender Ginger Beef & Broccoli Bowl335 g,$6.29ea,,$1.88/ 100g,False
frozen,Mccain,Deep'n Delicious Coconut Vanilla Cake,MccainDeep'n Delicious Coconut Vanilla Cake510 g,$6.49ea,,$1.27/ 100g,False
frozen,Binggrae,Melona Frozen Dessert Bars Mango,BinggraeMelona Frozen Dessert Bars Mango560 ml,$6.99ea,,$1.25/ 100ml,False
frozen,No Name,Mixed Garden Vegetables,No NameMixed Garden Vegetables750 g,$2.49ea,,$0.33/ 100g,False
frozen,Mccain,"Deep'n Delicious® MINIS Chocolate Brownie Cake Cups, 4-pk","MccainDeep'n Delicious® MINIS Chocolate Brownie Cake Cups, 4-pk340 g",$7.79ea,,$2.29/ 100g,False
frozen,Righteous,Dairy Free Mango Pineapple Sorbetto,RighteousDairy Free Mango Pineapple Sorbetto562 ml,$10.99ea,,$1.96/ 100ml,False
frozen,Chapmans,"Frozen Yogurt, Vanilla","ChapmansFrozen Yogurt, Vanilla2 l",$6.99ea,,$0.35/ 100ml,False
frozen,No Name,Blueberry Waffles,No NameBlueberry Waffles560 g,$5.29ea,,$0.94/ 100g,False
frozen,Chapmans,Yogurt Fudge Bar,ChapmansYogurt Fudge Bar18x75.0 ml,$7.29ea,,$0.54/ 100ml,False
frozen,No Name,Chocolatey Chip Ice Cream Sandwiches,No NameChocolatey Chip Ice Cream Sandwiches24x120.0 ml,$9.99ea,,$0.35/ 100ml,False
frozen,Healthy Choice,"Gourmet Steamers, Grilled Balsamic Chicken","Healthy ChoiceGourmet Steamers, Grilled Balsamic Chicken284 g",$4.99ea,,$1.76/ 100g,False
frozen,Nestle,Drumstick Simply Dipped Cones,NestleDrumstick Simply Dipped Cones4x135.0 ml,$7.49ea,,$1.39/ 100ml,False
frozen,Breyers,Family Classic Ice Cream Pralines & Cream For a Frozen Dessert Treat,BreyersFamily Classic Ice Cream Pralines & Cream For a Frozen Dessert Treat1.66 l,$5.99ea,,$0.36/ 100ml,False
frozen,Tenderflake,"Deep Dish Pie Shells, All Vegetable Shortening","TenderflakeDeep Dish Pie Shells, All Vegetable Shortening340 g",$4.29ea,,$1.26/ 100g,False
frozen,The Original,Original Shakesicle Bars Strawberry Frozen Dairy Dessert,The OriginalOriginal Shakesicle Bars Strawberry Frozen Dairy Dessert60 ml,$5.49ea,,$9.15/ 100ml,False
frozen,Chapmans,Premuim Canadian Collection Chocolate Fudge Brownie Bumpy Bar,ChapmansPremuim Canadian Collection Chocolate Fudge Brownie Bumpy Bar8x55.0 ml,$2.99ea,,$0.68/ 100ml,False
frozen,Hungry-Man,Salisbury Steak ,Hungry-ManSalisbury Steak 455 g,$5.49ea,,$1.21/ 100g,False
frozen,President's Choice,Banana Split Ice Cream,President's ChoiceBanana Split Ice Cream946 ml,$4.49ea,,$0.47/ 100ml,False
frozen,Chapmans,Neapolitan Ice Cream Sandwich,ChapmansNeapolitan Ice Cream Sandwich12x120.0 ml,$7.29ea,,$0.51/ 100ml,False
frozen,President's Choice,Ready Veggie Zucchini Noodles ,President's ChoiceReady Veggie Zucchini Noodles 350 g,$4.99ea,,$1.43/ 100g,False
frozen,President's Choice,Sliced Red Beets,President's ChoiceSliced Red Beets500 g,$3.99ea,,$0.80/ 100g,False
frozen,Prairie West Ice Cream,Mango Ice Cream,Prairie West Ice CreamMango Ice Cream1 l,$6.49ea,,$0.65/ 100ml,False
frozen,Prairie West Ice Cream,Honeydew Melon Ice Cream,Prairie West Ice CreamHoneydew Melon Ice Cream1 l,$6.49ea,,$0.65/ 100ml,False
frozen,Ben & Jerry's,Ice Cream with Fairtrade Ingredients The Tonight Dough® Non-Gmo,Ben & Jerry'sIce Cream with Fairtrade Ingredients The Tonight Dough® Non-Gmo473 ml,$6.49ea,,$1.37/ 100ml,False
frozen,Stouffers,"Crustini, Turkey Bacon Club","StouffersCrustini, Turkey Bacon Club255 g",$3.99ea,,$1.56/ 100g,False
frozen,Kelloggs,French Toaster Sticks Cinnamon,KelloggsFrench Toaster Sticks Cinnamon270 g,$4.29ea,,$1.59/ 100g,False
frozen,Magnum,Ice Cream Bar Belgian Chocolate,MagnumIce Cream Bar Belgian Chocolate3 ea,$6.49ea,,$2.16/ 1ea,False
frozen,Lean Cuisine,Chicken Parmigiana,Lean CuisineChicken Parmigiana268 g,$3.99ea,,$1.49/ 100g,False
frozen,President's Choice,Loads Of Raspberry Fruit Bars,President's ChoiceLoads Of Raspberry Fruit Bars480 ml,$6.99ea,$5.49ea,$1.14/ 100ml,True
frozen,Seaquest,Cooked Shrimp,SeaquestCooked Shrimp300 g,$8.99ea,,$3.00/ 100g,False
frozen,No Name,Concentrated Pink Lemonade,No NameConcentrated Pink Lemonade283 ml,$1.49ea,,$0.53/ 100ml,False
frozen,Pattyking,"Jamaican Beef Patties, Spicy Hot","PattykingJamaican Beef Patties, Spicy Hot1.17 kg",$9.99ea,,$0.85/ 100g,False
frozen,President's Choice,"Ready Veggie Fries – Carrot, Parsnip & Beet","President's ChoiceReady Veggie Fries – Carrot, Parsnip & Beet500 g",$4.99ea,,$1.00/ 100g,False
frozen,Burnbrae Farms,Egg Bake Garden Spinach and Ricotta Quiche,Burnbrae FarmsEgg Bake Garden Spinach and Ricotta Quiche2x95.0 g,$3.99ea,,$2.10/ 100g,False
frozen,Silver Hills,Squirrelly Bread,Silver HillsSquirrelly Bread600 g,$5.99ea,,$1.00/ 100g,False
frozen,PC Organics,Organic Four Vegetable Pizza,PC OrganicsOrganic Four Vegetable Pizza400 g,$9.29ea,,$2.32/ 100g,False
frozen,Villas,3 Cheese Ravioli,Villas3 Cheese Ravioli400 g,$3.99ea,,$1.00/ 100g,False
frozen,CAVENDISH FARMS,Fried Potatoes Small Chunky Diced,CAVENDISH FARMSFried Potatoes Small Chunky Diced2720 g,$10.00ea,,$0.37/ 100g,False
frozen,President's Choice,Cheese Sticks In Za'Atar-Herbed Batter Halloom,President's ChoiceCheese Sticks In Za'Atar-Herbed Batter Halloom300 g,$12.49ea,,$4.16/ 100g,False
frozen,Dr Oetker,Momenti Pepperoni Pizza,Dr OetkerMomenti Pepperoni Pizza170 g,$3.99ea,,$2.35/ 100g,False
frozen,PC Organics,Organic Blueberries,PC OrganicsOrganic Blueberries600 g,$8.49ea,,$1.42/ 100g,False
frozen,No Name,"Stuffed Breaded Chicken, Broccoli & Cheese (2 Pack)","No NameStuffed Breaded Chicken, Broccoli & Cheese (2 Pack)284 g",$4.00ea,,$1.41/ 100g,False
frozen,PC Organics,Perfectly Purple Blueberry Açai Smoothie Blend,PC OrganicsPerfectly Purple Blueberry Açai Smoothie Blend450 g,$6.99ea,,$1.55/ 100g,False
frozen,Nestea,Lemon Iced Tea    ,NesteaLemon Iced Tea    295 ml,$1.79ea,,$0.61/ 100ml,False
frozen,Delissio,Crispy Pan Pepperoni Pizza,DelissioCrispy Pan Pepperoni Pizza556 g,$8.99ea,,$1.62/ 100g,False
frozen,Silver Hills,Sprouted Power Bagels Cinnamon Raisin Organic 5 Bagels,Silver HillsSprouted Power Bagels Cinnamon Raisin Organic 5 Bagels400 g,$7.79ea,,$1.95/ 100g,False
frozen,Mccain,Pepperoni Pizza Pockets,MccainPepperoni Pizza Pockets600 g,$8.49ea,,$1.42/ 100g,False
frozen,Little Northern Bakehouse,Seeds & Grains Bread,Little Northern BakehouseSeeds & Grains Bread482 g,$8.29ea,,$1.72/ 100g,False
frozen,President's Choice,Yuzu Citrus Chicken Breast Bites,President's ChoiceYuzu Citrus Chicken Breast Bites700 g,$15.99ea,,$2.28/ 100g,False
frozen,President's Choice,Ascolana Fried Olives Stuffed with Cheese,President's ChoiceAscolana Fried Olives Stuffed with Cheese450 g,$8.99ea,,$2.00/ 100g,False
frozen,Butcher's Choice,"Beef Burger, Cheddar Cheese","Butcher's ChoiceBeef Burger, Cheddar Cheese1.13 kg",$15.99ea,,$1.42/ 100g,False
frozen,President's Choice,Butter Infused Young Turkey - Frozen - 7-9kg,President's ChoiceButter Infused Young Turkey - Frozen - 7-9kg1 kg,$48.00ea,,,False
frozen,Honeydew,Frozen Concentrated Fruit Beverage The Grape Blueberry,HoneydewFrozen Concentrated Fruit Beverage The Grape Blueberry355 ml,$1.49ea,,$0.42/ 100ml,False
frozen,President's Choice,Beef & Cheese Loaded Nacho Bites ,President's ChoiceBeef & Cheese Loaded Nacho Bites 400 g,$10.49ea,,$2.62/ 100g,False
frozen,Villas,Cheese Tortellini,VillasCheese Tortellini400 g,$3.99ea,,$1.00/ 100g,False
frozen,Delcato,Tuna Poke With Avocado Ponzu And Rice,DelcatoTuna Poke With Avocado Ponzu And Rice454 g,$10.49ea,,$2.31/ 100g,False
frozen,No Name,Unsweetened Frozen Concentrated Pulp Free Orange Juice ,No NameUnsweetened Frozen Concentrated Pulp Free Orange Juice 283 ml,$1.99ea,,$0.70/ 100ml,False
frozen,Yves,Veggie Meatballs Simulated Meatballs,YvesVeggie Meatballs Simulated Meatballs4x352.0 g,$7.29ea,,$0.52/ 100g,False
frozen,Pattyking,"Jamaican Beef Patties, Mild","PattykingJamaican Beef Patties, Mild1.17 kg",$9.99ea,,$0.85/ 100g,False
frozen,Dr Oetker,Giuseppe Pizzeria Panini Supremo ,Dr OetkerGiuseppe Pizzeria Panini Supremo 250 g,$3.99ea,,$1.60/ 100g,False
frozen,President's Choice,Pad Thai Spring Rolls ,President's ChoicePad Thai Spring Rolls 574 g,$9.99ea,,$1.74/ 100g,False
frozen,Beyond Meat,Beyond Burger Plant-Based,Beyond MeatBeyond Burger Plant-Based226 g,$7.99ea,$7.49ea,$3.31/ 100g,True
frozen,Zabiha Halal,Buffalo Wings Spicy,Zabiha HalalBuffalo Wings Spicy908 g,$17.99ea,,$1.98/ 100g,False
frozen,Minute Maid,"Home Squeezed Style Frozen Concentate Orange Juice, Can","Minute MaidHome Squeezed Style Frozen Concentate Orange Juice, Can295 ml",$2.49ea,,$0.84/ 100ml,False
frozen,,Chicken Parmesan ,Chicken Parmesan 994 g,$10.00ea,,$1.01/ 100g,False
frozen,President's Choice,Chicken Spring Rolls ,President's ChoiceChicken Spring Rolls 574 g,$9.99ea,,$1.74/ 100g,False
frozen,President's Choice,Melt In The Middle Sustainably Sourced Cod Fish Cakes,President's ChoiceMelt In The Middle Sustainably Sourced Cod Fish Cakes290 g,$7.99ea,,$2.76/ 100g,False
frozen,PC Blue Menu,Meat Lasagna,PC Blue MenuMeat Lasagna320 g,$4.49ea,,$1.40/ 100g,False
frozen,Lean Cuisine,"Selections, Sweet & Sour Chicken","Lean CuisineSelections, Sweet & Sour Chicken238 g",$3.99ea,,$1.68/ 100g,False
frozen,President's Choice,Plant Based Beefless Undeniable Burger,President's ChoicePlant Based Beefless Undeniable Burger452 g,$13.99ea,,$3.10/ 100g,False
frozen,Delcato,Poutine Chicken Shawarma With Garlic Sauce With Quebec Cheese Curds,DelcatoPoutine Chicken Shawarma With Garlic Sauce With Quebec Cheese Curds454 g,$9.29ea,,$2.05/ 100g,False
frozen,President's Choice,Butter Infused Young Turkey - Frozen - 5-7 kg,President's ChoiceButter Infused Young Turkey - Frozen - 5-7 kg1 kg,$38.00ea,,,False
frozen,No Name,Concentrated Lemonade,No NameConcentrated Lemonade283 ml,$1.49ea,,$0.53/ 100ml,False
frozen,Janes,BBQ Chickens Bites,JanesBBQ Chickens Bites710 g,$16.99ea,,$2.39/ 100g,False
frozen,CAVENDISH FARMS,Original Hash Brown Patties,CAVENDISH FARMSOriginal Hash Brown Patties1.2 kg,$6.49ea,,$0.54/ 100g,False
frozen,Green Ocean,Go Cooked White Shrimp 61/90,Green OceanGo Cooked White Shrimp 61/90160 g,$3.99ea,,$2.49/ 100g,False
frozen,President's Choice,Berry Blush Banana Smoothie Blend,President's ChoiceBerry Blush Banana Smoothie Blend450 g,$4.79ea,,$1.06/ 100g,False
frozen,Honeydew,100% Apple Juice With Vitamine C Added,Honeydew100% Apple Juice With Vitamine C Added355 ml,$2.29ea,,$0.65/ 100ml,False
frozen,Lean Cuisine,Chicken Parmigiana,Lean CuisineChicken Parmigiana268 g,$3.99ea,,$1.49/ 100g,False
frozen,President's Choice,Loads Of Raspberry Fruit Bars,President's ChoiceLoads Of Raspberry Fruit Bars480 ml,$6.99ea,$5.49ea,$1.14/ 100ml,True
frozen,Deep,"Naan, Tandoori","DeepNaan, Tandoori427.5 g",$3.29ea,,$0.77/ 100g,False
frozen,Seaquest,Cooked Shrimp,SeaquestCooked Shrimp300 g,$8.99ea,,$3.00/ 100g,False
frozen,No Name,Concentrated Pink Lemonade,No NameConcentrated Pink Lemonade283 ml,$1.49ea,,$0.53/ 100ml,False
frozen,Pattyking,"Jamaican Beef Patties, Spicy Hot","PattykingJamaican Beef Patties, Spicy Hot1.17 kg",$9.99ea,,$0.85/ 100g,False
frozen,President's Choice,"Ready Veggie Fries – Carrot, Parsnip & Beet","President's ChoiceReady Veggie Fries – Carrot, Parsnip & Beet500 g",$4.99ea,,$1.00/ 100g,False
frozen,Burnbrae Farms,Egg Bake Garden Spinach and Ricotta Quiche,Burnbrae FarmsEgg Bake Garden Spinach and Ricotta Quiche2x95.0 g,$3.99ea,,$2.10/ 100g,False
frozen,Honeydew,Frozen Concentrated Fruit Beverage The Grape Blueberry,HoneydewFrozen Concentrated Fruit Beverage The Grape Blueberry355 ml,$1.49ea,,$0.42/ 100ml,False
frozen,PRAN,Frozen Samosa,PRANFrozen Samosa400 g,$3.99ea,,$1.00/ 100g,False
frozen,No Name,"Honey Garlic Chicken Wings, Club Pack","No NameHoney Garlic Chicken Wings, Club Pack1.81 kg",$25.49ea,,$1.41/ 100g,False
frozen,Lean Cuisine,"White Cheddar Macaroni & Cheese, Frozen Entrée","Lean CuisineWhite Cheddar Macaroni & Cheese, Frozen Entrée226 g",$3.99ea,,$1.77/ 100g,False
frozen,Cheemo,"Heritage Pierogies, Harvest Potatoes with Aged White Cheddar Cheese","CheemoHeritage Pierogies, Harvest Potatoes with Aged White Cheddar Cheese815 g",$3.99ea,,$0.49/ 100g,False
frozen,Mccain,Pizza Pockets Three Cheese,MccainPizza Pockets Three Cheese1.2 kg,$14.99ea,,$1.25/ 100g,False
frozen,Foppen,Smoked Salmon Toast Trio,FoppenSmoked Salmon Toast Trio248 g,$15.99ea,,$6.45/ 100g,False
frozen,Haldiram,"Tandoori Naan, Plain","HaldiramTandoori Naan, Plain400 g",$4.49ea,,$1.12/ 100g,False
frozen,President's Choice,Breaded Haddock Fillets,President's ChoiceBreaded Haddock Fillets550 g,$14.99ea,,$2.73/ 100g,False
frozen,High Liner,Catch of The Day Breaded Fish Sticks,High LinerCatch of The Day Breaded Fish Sticks350 g,$5.79ea,,$1.65/ 100g,False
frozen,Chapmans,Vanilla Yogurt Sandwich,ChapmansVanilla Yogurt Sandwich12x120.0 ml,$7.29ea,,$0.51/ 100ml,False
frozen,Tenderflake,Deep Dish Pie Shells,TenderflakeDeep Dish Pie Shells350 g,$4.29ea,,$1.23/ 100g,False
frozen,President's Choice,Breaded Avocado Bites ,President's ChoiceBreaded Avocado Bites 400 g,$9.49ea,,$2.37/ 100g,False
frozen,President's Choice,Cream First Vanilla Ice Cream Bars,President's ChoiceCream First Vanilla Ice Cream Bars340 ml,$5.49ea,,$1.61/ 100ml,False
frozen,President's Choice,Lavender Lemonade Flavoured Ice Pops,President's ChoiceLavender Lemonade Flavoured Ice Pops6x60.0 ml,$5.99ea,$5.49ea,$1.53/ 100ml,True
frozen,PC Blue Menu,Honey Greek Yogurt Smoothie Bars,PC Blue MenuHoney Greek Yogurt Smoothie Bars6x80.0 ml,$6.00ea,$5.49ea,$1.14/ 100ml,True
frozen,President's Choice,Cranberries,President's ChoiceCranberries600 g,$4.79ea,,$0.80/ 100g,False
frozen,Chapmans,Yogurt Black Jack Cherry,ChapmansYogurt Black Jack Cherry2 l,$6.99ea,,$0.35/ 100ml,False
frozen,Chapmans,"Yukon Ice Cream Caramel, Toffee & Milk Chocolate","ChapmansYukon Ice Cream Caramel, Toffee & Milk Chocolate5x140.0 ml",$7.99ea,,$1.14/ 100ml,False
frozen,Swanson,Hungryman Salisbury Steak,SwansonHungryman Salisbury Steak345 g,$3.79ea,,$1.10/ 100g,False
frozen,President's Choice,Breaded Wild Sole Fillets,President's ChoiceBreaded Wild Sole Fillets680 g,$14.99ea,,$2.20/ 100g,False
frozen,Bassilis Best,Best Lasagna,Bassilis BestBest Lasagna907 g,$10.99ea,,$1.21/ 100g,False
frozen,Shana,Parathas Plain Lacha,ShanaParathas Plain Lacha400 g,$2.99ea,,$0.75/ 100g,False
frozen,Magnum,Ice Cream Bar Classic Kosher,MagnumIce Cream Bar Classic Kosher3x100.0 ml,$6.49ea,,$2.16/ 100ml,False
frozen,No Name,Vanilla Ice Milk Bars,No NameVanilla Ice Milk Bars30x60.0 ml,$9.99ea,,$0.56/ 100ml,False
frozen,No Name,Naturally Imperfect Mango,No NameNaturally Imperfect Mango2 kg,$13.99ea,,$0.70/ 100g,False
frozen,President's Choice,Loads Of Cherries & Chocolatey Chunks Light Ice Cream,President's ChoiceLoads Of Cherries & Chocolatey Chunks Light Ice Cream1.5 l,$6.49ea,$5.49ea,$0.37/ 100ml,True
frozen,Kelloggs,Thick & Fluffy Waffles Original,KelloggsThick & Fluffy Waffles Original330 g,$4.49ea,,$1.36/ 100g,False
frozen,Hungry-Man,Jumbo Popcorn Chicken Croquettes,Hungry-ManJumbo Popcorn Chicken Croquettes397 g,$5.49ea,,$1.38/ 100g,False
frozen,PC Blue Menu,Raspberry Swirl Smoothie Frozen Dairy Dessert Bars,PC Blue MenuRaspberry Swirl Smoothie Frozen Dairy Dessert Bars6x80.0 ml,$6.99ea,$5.49ea,$1.14/ 100ml,True
frozen,Kelloggs,"Eggo Original Waffles, 16 waffles","KelloggsEggo Original Waffles, 16 waffles560 g",$6.99ea,,$1.25/ 100g,False
frozen,Chapmans,Vanilla Ice Cream Sandwich,ChapmansVanilla Ice Cream Sandwich12x120.0 ml,$7.29ea,,$0.51/ 100ml,False
frozen,Binggrae,8 Red Bean Ice Bar,Binggrae8 Red Bean Ice Bar560 ml,$6.99ea,,$1.25/ 100ml,False
frozen,Nissin,Mini Glutinous Rice Dumpling With Abalone Sauce Flavour,NissinMini Glutinous Rice Dumpling With Abalone Sauce Flavour201 g,$3.99ea,,$1.99/ 100g,False
frozen,President's Choice,Gluten Free Spinach and Goat Cheese Beet & Cauliflower Flatbread,President's ChoiceGluten Free Spinach and Goat Cheese Beet & Cauliflower Flatbread374 g,$9.29ea,,$2.48/ 100g,False
frozen,Napoli,Pizza Classic Crust Cheese,NapoliPizza Classic Crust Cheese370 g,$3.79ea,,$1.02/ 100g,False
frozen,Pillsbury,Pizza Pops 3 Meat 8ct,PillsburyPizza Pops 3 Meat 8ct760 g,$6.99ea,,$0.92/ 100g,False
frozen,Stouffers,"Fit Bowls, Teriyaki Chicken Bowl","StouffersFit Bowls, Teriyaki Chicken Bowl340 g",$6.29ea,,$1.85/ 100g,False
frozen,President's Choice,"Chicken Nuggets, Club Pack","President's ChoiceChicken Nuggets, Club Pack1.4 kg",$11.99ea,,$0.86/ 100g,False
frozen,No Name,"Potato & Bacon Flavour Perogies, Club Size","No NamePotato & Bacon Flavour Perogies, Club Size2 kg",$4.99ea,,$0.25/ 100g,False
frozen,Sol Cuisine,Cuisine Burger Meatless,Sol CuisineCuisine Burger Meatless284 g,$7.49ea,,$2.64/ 100g,False
frozen,Nissin,Hong Kong Style Bbq Flavor Bun ,NissinHong Kong Style Bbq Flavor Bun 210 g,$3.99ea,,$1.90/ 100g,False
frozen,President's Choice,"Italian Tipo ""OO"" Flour Pizza Dough","President's ChoiceItalian Tipo ""OO"" Flour Pizza Dough560 g",$2.99ea,,$0.53/ 100g,False
frozen,Mccain,Three Cheese Pizza Pockets,MccainThree Cheese Pizza Pockets600 g,$8.49ea,,$1.42/ 100g,False
frozen,Delissio,Crispy Pan All Dressed Pizza,DelissioCrispy Pan All Dressed Pizza626 g,$8.99ea,,$1.44/ 100g,False
frozen,Wong Wing,Vegetable Fried Rice,Wong WingVegetable Fried Rice500 g,$5.99ea,,$0.01/ 1ea,False
frozen,President's Choice,"Too Good To Be Wings, Honey Garlic","President's ChoiceToo Good To Be Wings, Honey Garlic800 g",$15.99ea,,$2.00/ 100g,False
frozen,President's Choice,Spicy Fried Potatoes ,President's ChoiceSpicy Fried Potatoes 650 g,$3.49ea,,$0.54/ 100g,False
frozen,Janes,Pub Style Turkey Nuggets,JanesPub Style Turkey Nuggets600 g,$11.99ea,,$2.00/ 100g,False
frozen,Siwin,Pork Dumplings ,SiwinPork Dumplings 500 g,$5.99ea,,$1.20/ 100g,False
frozen,Nestle,Smarties Frozen Dessert 1.,NestleSmarties Frozen Dessert 1.1.5 l,$7.99ea,,$0.53/ 100ml,False
frozen,PC Blue Menu,Mac & Cheese,PC Blue MenuMac & Cheese1.13 kg,$9.99ea,$6.49ea,$0.57/ 100g,True
frozen,Nestle,DRUMSTICK ROLO Cones,NestleDRUMSTICK ROLO Cones4x135.0 ml,$7.49ea,,$1.39/ 100ml,False
frozen,President's Choice,Vegetable Lasagna,President's ChoiceVegetable Lasagna2.27 kg,$12.99ea,,$0.57/ 100g,False
frozen,PC Blue Menu,Peanut Butter Fudge Smoothie Frozen Dairy Dessert Bars,PC Blue MenuPeanut Butter Fudge Smoothie Frozen Dairy Dessert Bars6x80.0 ml,$6.99ea,$5.49ea,$1.14/ 100ml,True
frozen,President's Choice,Vanilla Frozen Yogurt,President's ChoiceVanilla Frozen Yogurt2 l,$4.00ea,,$0.20/ 100ml,False
frozen,President's Choice,Loads Of Chocolatey Peanut Butter Treats Light Ice Cream,President's ChoiceLoads Of Chocolatey Peanut Butter Treats Light Ice Cream1.5 l,$6.99ea,$5.49ea,$0.37/ 100ml,True
frozen,President's Choice,Chopped Spinach,President's ChoiceChopped Spinach500 g,$3.99ea,,$0.80/ 100g,False
frozen,Lotte,Vanilla Mochi,LotteVanilla Mochi270 g,$5.49ea,,$2.03/ 100g,False
frozen,Minute Maid,"Grape Punch Frozen Concentrate Juice Beverage, Can","Minute MaidGrape Punch Frozen Concentrate Juice Beverage, Can295 ml",$1.49ea,,$0.51/ 100ml,False
frozen,Chapmans,Yogurt Cappuccino,ChapmansYogurt Cappuccino2 l,$6.99ea,,$0.35/ 100ml,False
frozen,Nestle,Drumstick Vanilla Caramel,NestleDrumstick Vanilla Caramel4x140.0 ml,$7.49ea,,$1.34/ 100ml,False
frozen,Breyers,"Ice Cream, Shakesicle Dairy Frozen Dessert Strawberry Made In Canada","BreyersIce Cream, Shakesicle Dairy Frozen Dessert Strawberry Made In Canada1.66 l",$5.99ea,,$0.36/ 100ml,False
frozen,Lotte,"Ice Cream, Japanese Mochi Ice Confectionary Chocolate, 9 Pieces","LotteIce Cream, Japanese Mochi Ice Confectionary Chocolate, 9 Pieces270 g",$5.49ea,,$2.03/ 100g,False
frozen,Prairie West Ice Cream,Green Tea Ice Cream,Prairie West Ice CreamGreen Tea Ice Cream1 l,$6.49ea,,$0.65/ 100ml,False
frozen,Michelina,Grande Lasagna with Meat Sauce,MichelinaGrande Lasagna with Meat Sauce454 g,$3.29ea,,$0.72/ 100g,False
frozen,Breyers,Ice Cream Frozen Dessert Creamsicle ,BreyersIce Cream Frozen Dessert Creamsicle 1.66 l,$5.99ea,,$0.36/ 100ml,False
frozen,Catch of the Day,Breaded Fish Strips Value Pack 55 or More Strips,Catch of the DayBreaded Fish Strips Value Pack 55 or More Strips900 g,$11.49ea,,$1.28/ 100g,False
frozen,President's Choice,Mango Ice Cream,President's ChoiceMango Ice Cream946 ml,$4.49ea,,$0.47/ 100ml,False
frozen,President's Choice,Stuffed Butternut Squash,President's ChoiceStuffed Butternut Squash600 g,$9.99ea,$6.49ea,$1.08/ 100g,True
frozen,President's Choice,Cream First Peppermint Chocolate Ice Cream with Chocolate Fudge Crackle,President's ChoiceCream First Peppermint Chocolate Ice Cream with Chocolate Fudge Crackle1.5 l,$7.29ea,$5.49ea,$0.37/ 100ml,True
frozen,Mccain,"Deep'n Delicious® MINIS Cookie Crumble Cake Cups, 4-pk","MccainDeep'n Delicious® MINIS Cookie Crumble Cake Cups, 4-pk340 g",$7.79ea,,$2.29/ 100g,False
frozen,President's Choice,Strawberry Mochi ,President's ChoiceStrawberry Mochi 6x35.0 ml,$4.99ea,,$2.38/ 100ml,False
frozen,Chapmans,Assorted Creamy Super Bar,ChapmansAssorted Creamy Super Bar18x75.0 ml,$7.29ea,,$0.54/ 100ml,False
frozen,Breyers,Creamery Style  Ice Cream with Fresh Cream & Rich Coca Chocolate ,BreyersCreamery Style  Ice Cream with Fresh Cream & Rich Coca Chocolate 1.66 l,$7.79ea,,$0.47/ 100ml,False
frozen,PC Organics,Organic Canadian Wild Blueberries,PC OrganicsOrganic Canadian Wild Blueberries600 g,$8.49ea,,$1.42/ 100g,False
frozen,Stouffers,"Bistro Crustini, Sausage, Egg and Cheese","StouffersBistro Crustini, Sausage, Egg and Cheese240 g",$3.99ea,,$1.66/ 100g,False
frozen,Klondike,Vanilla Light Ice Cream Sandwich made withv quality milk,KlondikeVanilla Light Ice Cream Sandwich made withv quality milk4x135.0 ml,$5.49ea,,$1.02/ 100ml,False
frozen,President's Choice,Pineapple Chunks,President's ChoicePineapple Chunks600 g,$4.79ea,,$0.80/ 100g,False
frozen,Charoen Pokphand,Shrimp Wonton Soup With Noodles,Charoen PokphandShrimp Wonton Soup With Noodles258 g,$4.79ea,,$1.86/ 100g,False
frozen,No Name,Buttermilk Pancakes,No NameButtermilk Pancakes310 g,$3.29ea,,$1.06/ 100g,False
frozen,Del Monte,Mixed Berry & Peach Ice Pops,Del MonteMixed Berry & Peach Ice Pops10x50.0 ml,$6.99ea,,$1.40/ 100ml,False
frozen,Healthy Choice,Zero Sesame Chicken With Zoodles,Healthy ChoiceZero Sesame Chicken With Zoodles269 g,$5.99ea,,$2.23/ 100g,False
frozen,,"Raw Wild Shrimp, Easy Peel","Raw Wild Shrimp, Easy Peel300 g",$11.99ea,,$4.00/ 100g,False
frozen,Stouffers,Macaroni & Cheese with Rich Creamy Cheese,StouffersMacaroni & Cheese with Rich Creamy Cheese340 g,$3.99ea,,$1.17/ 100g,False
frozen,No Name,"Burger C/Pack 20'S 5Lb, Club Pack","No NameBurger C/Pack 20'S 5Lb, Club Pack2.27 kg",$24.99ea,,$1.10/ 100g,False
frozen,Popsicle,"Cyclone Water Ice for tasty frozen treat Pineapple, Lemon, Strawberry","PopsicleCyclone Water Ice for tasty frozen treat Pineapple, Lemon, Strawberry6 ea",$5.49ea,,$0.92/ 1ea,False
frozen,Green Giant,Simply Steam Garlic Parmesan Corn,Green GiantSimply Steam Garlic Parmesan Corn269 g,$4.99ea,,$1.86/ 100g,False
frozen,Asian Delight,"Cocktail Samosa, Vegetable","Asian DelightCocktail Samosa, Vegetable550 g",$4.49ea,,$0.82/ 100g,False
frozen,High Liner,English Style Battered Fillets,High LinerEnglish Style Battered Fillets500 g,$6.49ea,,$1.30/ 100g,False
frozen,President's Choice,Breaded Wild Cod Fillets,President's ChoiceBreaded Wild Cod Fillets600 g,$14.99ea,,$2.50/ 100g,False
frozen,Siwin,Vegan Dumplings,SiwinVegan Dumplings454 g,$5.99ea,,$1.32/ 100g,False
frozen,No Name,Buttermilk Waffles,No NameButtermilk Waffles280 g,$3.29ea,,$1.18/ 100g,False
frozen,PC Organics,Organic Edamame Shelled,PC OrganicsOrganic Edamame Shelled500 g,$5.49ea,,$1.10/ 100g,False
frozen,President's Choice,Smoked Wild Sockeye Salmon,President's ChoiceSmoked Wild Sockeye Salmon150 g,$12.99ea,,$8.66/ 100g,False
frozen,Seaquest,"Raw Shrimp, 36/45","SeaquestRaw Shrimp, 36/45300 g",$6.99ea,,$2.33/ 100g,False
frozen,President's Choice,Dry-Rubbed Sea Salt & Black Pepper Pork Back Ribs,President's ChoiceDry-Rubbed Sea Salt & Black Pepper Pork Back Ribs680 g,$15.99ea,,$2.35/ 100g,False
frozen,President's Choice,Profiteroles,President's ChoiceProfiteroles625 g,$13.99ea,,$2.24/ 100g,False
frozen,Stouffers,"Bistro Flatbreads, Chicken Fajita","StouffersBistro Flatbreads, Chicken Fajita187 g",$4.99ea,,$2.67/ 100g,False
frozen,Mccain,Meat Lovers Pizza Pockets,MccainMeat Lovers Pizza Pockets300 g,$4.79ea,,$1.60/ 100g,False
frozen,PC Organics,Organic Whole Kernel Corn,PC OrganicsOrganic Whole Kernel Corn500 g,$5.49ea,,$1.10/ 100g,False
frozen,Pillsbury,Pizza Pops Pepperoni and Bacon 4ct,PillsburyPizza Pops Pepperoni and Bacon 4ct380 g,$3.99ea,,$1.05/ 100g,False
frozen,No Name,Chocolate Chips Waffles,No NameChocolate Chips Waffles280 g,$3.29ea,,$1.18/ 100g,False
frozen,Sufra,Halal Stuffed Chicken Mozzarella,SufraHalal Stuffed Chicken Mozzarella568 g,$11.00ea,,$1.94/ 100g,False
frozen,President's Choice,Fruit Blend,President's ChoiceFruit Blend2 kg,$14.99ea,,$0.75/ 100g,False
frozen,Swanson,Rib Style Boneless Pork,SwansonRib Style Boneless Pork298 g,$3.79ea,,$1.27/ 100g,False
frozen,No Name,Pepperoni Pizzas,No NamePepperoni Pizzas1660 g,$12.99ea,,$0.78/ 100g,False
frozen,Little Northern Bakehouse,Bread Wholegrain,Little Northern BakehouseBread Wholegrain567 g,$7.99ea,,$1.41/ 100g,False
frozen,,Chicken Swiss,Chicken Swiss994 g,$10.00ea,,$1.01/ 100g,False
frozen,PRAN,Veg Spring Roll,PRANVeg Spring Roll400 g,$3.99ea,,$1.00/ 100g,False
frozen,Honeydew,Frozen Concentrated Fruit Beverage Cherry Berry,HoneydewFrozen Concentrated Fruit Beverage Cherry Berry355 ml,$1.49ea,,$0.42/ 100ml,False
frozen,Seaquest,Shrimp Ring,SeaquestShrimp Ring454 g,$13.49ea,,$2.97/ 100g,False
frozen,PC Organics,Organic Smoked Atlantic Salmon,PC OrganicsOrganic Smoked Atlantic Salmon100 g,$11.99ea,,$11.99/ 100g,False
frozen,Wing's,Dumpling Wrappers ,Wing'sDumpling Wrappers 400 g,$2.29ea,,$0.57/ 100g,False
frozen,PC Organics,Organic Brussels Sprouts,PC OrganicsOrganic Brussels Sprouts500 g,$5.49ea,,$1.10/ 100g,False
frozen,PC Organics,Small Sweet Peas,PC OrganicsSmall Sweet Peas500 g,$5.49ea,,$1.10/ 100g,False
frozen,Suraj,"Whole Okra, Bhindi","SurajWhole Okra, Bhindi1 kg",$4.99ea,,$0.50/ 100g,False
frozen,Carbonaut,Bread U.F. Oat,CarbonautBread U.F. Oat544 g,$7.99ea,,$1.47/ 100g,False
frozen,PC Organics,Organics Peeled Raw Black Tiger Shrimp,PC OrganicsOrganics Peeled Raw Black Tiger Shrimp300 g,$13.99ea,,$4.66/ 100g,False
frozen,Sufra,Halal Beef Burgers,SufraHalal Beef Burgers907 g,$18.00ea,,$1.98/ 100g,False
frozen,Seaquest,Salad Shrimp,SeaquestSalad Shrimp454 g,$11.99ea,,$2.64/ 100g,False
frozen,Little Northern Bakehouse,Millet & Chia Bread,Little Northern BakehouseMillet & Chia Bread454 g,$8.29ea,,$1.83/ 100g,False
frozen,PC Organics,Organic Whole Red Raspberries,PC OrganicsOrganic Whole Red Raspberries600 g,$8.49ea,,$1.42/ 100g,False
frozen,Healthy Choice,Power Bowls Korean-Inspired Beef,Healthy ChoicePower Bowls Korean-Inspired Beef269 g,$5.99ea,,$2.23/ 100g,False
frozen,Stouffers,Bowl Fulls Buffalo Ranch Fried Chicken,StouffersBowl Fulls Buffalo Ranch Fried Chicken305 g,$6.29ea,,$2.06/ 100g,False
frozen,PC Organics,Organic Butternut Squash Chunks,PC OrganicsOrganic Butternut Squash Chunks400 g,$5.49ea,,$1.37/ 100g,False
frozen,Cheemo,"Perogies, Three Cheese","CheemoPerogies, Three Cheese907 g",$3.99ea,,$0.44/ 100g,False
frozen,Shao Mei,Frozen Dessert Bar Boba Matcha Latte,Shao MeiFrozen Dessert Bar Boba Matcha Latte280 ml,$8.99ea,,$3.21/ 100ml,False
frozen,PC Organics,Mocha Berry Cherry Delight Smoothie Blend,PC OrganicsMocha Berry Cherry Delight Smoothie Blend450 g,$6.99ea,,$1.55/ 100g,False
frozen,Hungry-Man,XL Country Fried Chicken Croquettes Bowl,Hungry-ManXL Country Fried Chicken Croquettes Bowl397 g,$6.79ea,,$1.71/ 100g,False
frozen,Minute Maid,"Pulp Free Frozen Concentate Orange Juice, Can","Minute MaidPulp Free Frozen Concentate Orange Juice, Can295 ml",$2.49ea,,$0.84/ 100ml,False
frozen,Villas,Beef Tortellini,VillasBeef Tortellini400 g,$3.99ea,,$1.00/ 100g,False
frozen,Pogo,Regular,PogoRegular300 g,$4.99ea,,$1.66/ 100g,False
frozen,Tee Yih Jia,Spring Roll Pastry,Tee Yih JiaSpring Roll Pastry400 g,$2.79ea,,$0.70/ 100g,False
frozen,No Name,Beef Burger 4 Oz,No NameBeef Burger 4 Oz1.36 kg,$15.99ea,,$1.18/ 100g,False
frozen,UDI's,English Muffins Original,UDI'sEnglish Muffins Original340 g,$7.49ea,,$2.20/ 100g,False
frozen,President's Choice,Free From Australian Lamb Shanks,President's ChoiceFree From Australian Lamb Shanks,$21.28(est.)ea,,$18.72/ 1kg,False
frozen,President's Choice,Breaded Cauliflower Bites – Butter Buffalo ,President's ChoiceBreaded Cauliflower Bites – Butter Buffalo 454 g,$6.99ea,,$1.54/ 100g,False
frozen,Five Alive,Citrus Juice,Five AliveCitrus Juice295 ml,$2.49ea,,$0.84/ 100ml,False
frozen,Nature's Path,Cinnamon Organic Waffles,Nature's PathCinnamon Organic Waffles240 g,$5.79ea,,$2.41/ 100g,False
frozen,PC Organics,Organics Special Blend Of Vegetables Vegetable Medley Club Size,PC OrganicsOrganics Special Blend Of Vegetables Vegetable Medley Club Size1.5 kg,$10.99ea,,$0.73/ 100g,False
frozen,Minute Maid,"Limeade Frozen Concentrate, Can","Minute MaidLimeade Frozen Concentrate, Can295 ml",$1.79ea,,$0.61/ 100ml,False
frozen,Healthy Choice,"Gourmet Steamers, General Tao's Spicy Chicken","Healthy ChoiceGourmet Steamers, General Tao's Spicy Chicken306 g",$4.99ea,,$1.63/ 100g,False
frozen,,Breaded Squid Rings,Breaded Squid Rings908 g,$10.00ea,,$1.10/ 100g,False
frozen,,Lean Ground Chicken,Lean Ground Chicken1816 g,$10.00ea,,$0.55/ 100g,False
frozen,PC Organics,Berry Blush Banana Smoothie Blend,PC OrganicsBerry Blush Banana Smoothie Blend450 g,$6.99ea,,$1.55/ 100g,False
frozen,PC Organics,Organic Pineapple,PC OrganicsOrganic Pineapple600 g,$8.49ea,,$1.42/ 100g,False
frozen,President's Choice,Perfectly Purple Blueberry Acai Smoothie Blend,President's ChoicePerfectly Purple Blueberry Acai Smoothie Blend450 g,$4.79ea,,$1.06/ 100g,False
frozen,Mccain,Meat Lovers Pizza Pockets,MccainMeat Lovers Pizza Pockets600 g,$8.49ea,,$1.42/ 100g,False
frozen,PC Organics,Organics Straight Cut Fried Potatoes,PC OrganicsOrganics Straight Cut Fried Potatoes500 g,$5.49ea,,$1.10/ 100g,False
frozen,,Breaded Popcorn Shrimp,Breaded Popcorn Shrimp908 g,$10.00ea,,$1.10/ 100g,False
frozen,Mccain,Three Cheese Pizza Pockets,MccainThree Cheese Pizza Pockets300 g,$4.79ea,,$1.60/ 100g,False
frozen,Prana,Frozen Snacks Plain Paratha,PranaFrozen Snacks Plain Paratha2400 g,$11.49ea,,$0.48/ 100g,False
frozen,Siwin,Dumpling Pork Vegetable,SiwinDumpling Pork Vegetable500 g,$5.99ea,,$1.20/ 100g,False
frozen,Stouffers,Diner Classics Homestyle Meatloaf,StouffersDiner Classics Homestyle Meatloaf271 g,$4.99ea,,$1.84/ 100g,False
frozen,No Name,Crispy Southern Style Chicken,No NameCrispy Southern Style Chicken1 kg,$16.99ea,,$1.70/ 100g,False
frozen,Siwin,Chicken & Vegetable Mini Wontons,SiwinChicken & Vegetable Mini Wontons454 g,$6.49ea,,$1.43/ 100g,False
frozen,Aquastar,Breaded Alaskan Cod,AquastarBreaded Alaskan Cod500 g,$10.99ea,,$2.20/ 100g,False
frozen,President,Croissant Bread Pudding Desserts,PresidentCroissant Bread Pudding Desserts2x216.0 g,$5.49ea,,$2.54/ 100g,False
frozen,Silver Hills,Sprouted Power Bagels Plain Organic 5 Bagels,Silver HillsSprouted Power Bagels Plain Organic 5 Bagels400 g,$7.79ea,,$1.95/ 100g,False
frozen,CAVENDISH FARMS,Original Hash Brown Patties,CAVENDISH FARMSOriginal Hash Brown Patties600 g,$3.49ea,,$0.58/ 100g,False
frozen,No Name,Cheese Pizzas,No NameCheese Pizzas1740 g,$12.99ea,,$0.75/ 100g,False
frozen,No Name,Cornbread Hot Dogs,No NameCornbread Hot Dogs1.5 kg,$13.49ea,,$0.90/ 100g,False
frozen,Cheemo,Potato & Cheddar Cheese   ,CheemoPotato & Cheddar Cheese   907 g,$3.99ea,,$0.44/ 100g,False
frozen,Cheemo,"Perogies, Cream Cheese & Savoury Dill","CheemoPerogies, Cream Cheese & Savoury Dill815 g",$3.99ea,,$0.49/ 100g,False
frozen,CAVENDISH FARMS,Restaurant Style Garlic & Rosemary Potato Wedges,CAVENDISH FARMSRestaurant Style Garlic & Rosemary Potato Wedges1.8 kg,$8.99ea,,$0.50/ 100g,False
frozen,Stouffers,"Fit Bowls, Prime Rib Steak Fajita Bowl","StouffersFit Bowls, Prime Rib Steak Fajita Bowl340 g",$6.29ea,,$1.85/ 100g,False
frozen,Zabiha Halal,Beef Burger,Zabiha HalalBeef Burger907 g,$15.99ea,,$1.76/ 100g,False
frozen,President's Choice,Gochujang Sweet & Spicy Chicken Bites,President's ChoiceGochujang Sweet & Spicy Chicken Bites700 g,$15.99ea,,$2.28/ 100g,False
frozen,Minute Maid,"Lemonade Frozen Concentrate, Can","Minute MaidLemonade Frozen Concentrate, Can295 ml",$1.79ea,,$0.61/ 100ml,False
frozen,Little Northern Bakehouse,Delicious Gluten Free Loaf White Wide Slice,Little Northern BakehouseDelicious Gluten Free Loaf White Wide Slice567 g,$7.99ea,,$1.41/ 100g,False
frozen,Seaquest,Shrimp Ring,SeaquestShrimp Ring227 g,$7.99ea,,$3.52/ 100g,False
frozen,Wong Wing,General Tao Chicken,Wong WingGeneral Tao Chicken400 g,$7.49ea,$5.99ea,$1.50/ 100g,True
frozen,New Zealand,Lamb Loin Chops,New ZealandLamb Loin Chops350 g,$12.29ea,,$35.11/ 1kg,False
frozen,President's Choice,Wild Blueberries,President's ChoiceWild Blueberries1.5 kg,$14.99ea,,$1.00/ 100g,False
frozen,Shana,Karela ,ShanaKarela 300 g,$2.49ea,,$0.83/ 100g,False
frozen,New Zealand,Lamb Shoulder Blade Chops,New ZealandLamb Shoulder Blade Chops675 g,$21.99ea,,$32.58/ 1kg,False
frozen,Dr Oetker,Momenti Tomato & Mozzarella Pizza,Dr OetkerMomenti Tomato & Mozzarella Pizza185 g,$3.99ea,,$2.16/ 100g,False
frozen,PC Organics,Tropi-Green Pineapple Kale Smoothie Blend,PC OrganicsTropi-Green Pineapple Kale Smoothie Blend450 g,$6.99ea,,$1.55/ 100g,False
frozen,Little Northern Bakehouse,Sweet Hawaiian Wide Slice,Little Northern BakehouseSweet Hawaiian Wide Slice539 g,$7.99ea,,$1.48/ 100g,False
frozen,,Salisbury Meat Pie,Salisbury Meat Pie650 g,$10.49ea,,$1.61/ 100g,False
frozen,President's Choice,Mini Ham and Cheese Cubano Bites,President's ChoiceMini Ham and Cheese Cubano Bites360 g,$8.99ea,,$2.50/ 100g,False
frozen,Pillsbury,Pizza Bites Cheese,PillsburyPizza Bites Cheese693 g,$7.49ea,,$1.08/ 100g,False
frozen,Minute Maid,"Frozen Concentrate Orange Juice, Can","Minute MaidFrozen Concentrate Orange Juice, Can295 ml",$2.49ea,,$0.84/ 100ml,False
frozen,Dr Oetker,Ristorante  Pizza Margherita Pomodori,Dr OetkerRistorante  Pizza Margherita Pomodori340 g,$9.29ea,,$2.73/ 100g,False
frozen,Mccain,"5 Minute Potato, Egg and Bacon Breakfast Bowl","Mccain5 Minute Potato, Egg and Bacon Breakfast Bowl200 g",$5.99ea,,$3.00/ 100g,False
frozen,Tim Hortons,Birthday Cake Timbits Ice Cream,Tim HortonsBirthday Cake Timbits Ice Cream500 ml,$6.99ea,,$1.40/ 100ml,False
frozen,Lean Cuisine,Cheese Ravioli,Lean CuisineCheese Ravioli222 g,$3.99ea,,$1.80/ 100g,False
frozen,Lean Cuisine,Grilled Chicken Carbonara with Crumbled Bacon,Lean CuisineGrilled Chicken Carbonara with Crumbled Bacon244 g,$3.99ea,,$1.64/ 100g,False
frozen,PC Blue Menu,Meat Lasagna,PC Blue MenuMeat Lasagna1.13 kg,$6.49ea,,$0.57/ 100g,False
frozen,President's Choice,Cream First Vanilla Bean Ice Cream ,President's ChoiceCream First Vanilla Bean Ice Cream 1.5 l,$7.29ea,$5.49ea,$0.37/ 100ml,True
frozen,Wall’s,Bubble Tea Milk Tea & Brown Sugar,Wall’sBubble Tea Milk Tea & Brown Sugar1.41 l,$8.49ea,,$0.60/ 100ml,False
frozen,No Name,Pineapples pieces,No NamePineapples pieces2 kg,$13.99ea,,$0.70/ 100g,False
frozen,Breyers,Heavenly Hash Frozen Dessert made in Canada,BreyersHeavenly Hash Frozen Dessert made in Canada1.66 l,$5.99ea,,$0.36/ 100ml,False
frozen,Popsicle,"Ice Pop Orange, Cherry, Grape sweet treat made with natural colours and flavours","PopsicleIce Pop Orange, Cherry, Grape sweet treat made with natural colours and flavours12x48.0 g",$5.49ea,,$0.95/ 100ml,False
frozen,No Name,Ice Pops,No NameIce Pops30x75.0 ml,$5.99ea,,$0.27/ 100ml,False
frozen,Healthy Choice,"Gourmet Steamers, Grilled Chicken Red Pepper Alfredo","Healthy ChoiceGourmet Steamers, Grilled Chicken Red Pepper Alfredo292 g",$4.99ea,,$1.71/ 100g,False
frozen,Michelina,Lasagna Alfredo with Broccoli and Cheese,MichelinaLasagna Alfredo with Broccoli and Cheese255 g,$2.49ea,,$0.98/ 100g,False
frozen,President's Choice,Breaded Chicken Strips,President's ChoiceBreaded Chicken Strips600 g,$8.49ea,,$1.42/ 100g,False
frozen,Breyers,Non-Dairy Frozen Dessert Cookies + Cream,BreyersNon-Dairy Frozen Dessert Cookies + Cream1.66 l,$7.79ea,,$0.47/ 100ml,False
frozen,Breyers,"Ice Cream, Butter Tart Locally Inspired Light Ice Cream","BreyersIce Cream, Butter Tart Locally Inspired Light Ice Cream1.41 l",$7.39ea,,$0.52/ 100ml,False
frozen,Klondike,Original Ice Cream Bar Creamy Vanilla Covered In A Thick Chocolatey Shell,KlondikeOriginal Ice Cream Bar Creamy Vanilla Covered In A Thick Chocolatey Shell540 ml,$5.49ea,,$1.02/ 100ml,False
frozen,Popsicle,"Firecracker Ice Pops Cherry, Lemon, & Blue Raspberry ","PopsicleFirecracker Ice Pops Cherry, Lemon, & Blue Raspberry 12x50.0 ml",$5.49ea,,$0.92/ 100ml,False
frozen,Mccain,"Egg, Bacon and Cheese Breakfast Pockets","MccainEgg, Bacon and Cheese Breakfast Pockets600 g",$8.49ea,,$1.42/ 100g,False
frozen,Shana,Plain Paratha,ShanaPlain Paratha400 g,$2.99ea,,$0.75/ 100g,False
frozen,Pillsbury,"Toaster Strudel, Strawberry","PillsburyToaster Strudel, Strawberry326 g",$3.79ea,,$1.16/ 100g,False
frozen,Hungry-Man,Backyard Barbeque,Hungry-ManBackyard Barbeque455 g,$5.49ea,,$1.21/ 100g,False
frozen,Popsicle,"Ice Pop Orange, Cherry, Grape sweet treat made with natural colours and flavours","PopsicleIce Pop Orange, Cherry, Grape sweet treat made with natural colours and flavours12x48.0 g",$5.49ea,,$0.95/ 100ml,False
frozen,No Name,Ice Pops,No NameIce Pops30x75.0 ml,$5.99ea,,$0.27/ 100ml,False
frozen,Healthy Choice,"Gourmet Steamers, Grilled Chicken Red Pepper Alfredo","Healthy ChoiceGourmet Steamers, Grilled Chicken Red Pepper Alfredo292 g",$4.99ea,,$1.71/ 100g,False
frozen,Michelina,Lasagna Alfredo with Broccoli and Cheese,MichelinaLasagna Alfredo with Broccoli and Cheese255 g,$2.49ea,,$0.98/ 100g,False
frozen,President's Choice,Breaded Chicken Strips,President's ChoiceBreaded Chicken Strips600 g,$8.49ea,,$1.42/ 100g,False
frozen,Breyers,Non-Dairy Frozen Dessert Cookies + Cream,BreyersNon-Dairy Frozen Dessert Cookies + Cream1.66 l,$7.79ea,,$0.47/ 100ml,False
frozen,High Liner,Crunchy Breaded Haddock Fish Sticks,High LinerCrunchy Breaded Haddock Fish Sticks350 g,$6.49ea,,$1.85/ 100g,False
frozen,Breyers,"Ice Cream, Butter Tart Locally Inspired Light Ice Cream","BreyersIce Cream, Butter Tart Locally Inspired Light Ice Cream1.41 l",$7.39ea,,$0.52/ 100ml,False
frozen,Klondike,Original Ice Cream Bar Creamy Vanilla Covered In A Thick Chocolatey Shell,KlondikeOriginal Ice Cream Bar Creamy Vanilla Covered In A Thick Chocolatey Shell540 ml,$5.49ea,,$1.02/ 100ml,False
frozen,Popsicle,"Firecracker Ice Pops Cherry, Lemon, & Blue Raspberry ","PopsicleFirecracker Ice Pops Cherry, Lemon, & Blue Raspberry 12x50.0 ml",$5.49ea,,$0.92/ 100ml,False
frozen,Klondike,Frozen Dessert Bar Reese made in Canada,KlondikeFrozen Dessert Bar Reese made in Canada4 ea,$5.49ea,,$1.37/ 1ea,False
frozen,President's Choice,Plant Based Vanilla Delights,President's ChoicePlant Based Vanilla Delights180 g,$4.99ea,,$2.77/ 100g,False
frozen,Stouffers,Bowl Fulls Cheddar Cheeseburger,StouffersBowl Fulls Cheddar Cheeseburger320 g,$6.29ea,,$1.97/ 100g,False
frozen,President's Choice,Pitted Dark Sweet Cherries ,President's ChoicePitted Dark Sweet Cherries 600 g,$4.79ea,,$0.80/ 100g,False
frozen,Pillsbury,Toaster Scrambles Egg & Cheese,PillsburyToaster Scrambles Egg & Cheese204 g,$3.79ea,,$1.86/ 100g,False
frozen,Lean Cuisine,Chicken Fettuccine,Lean CuisineChicken Fettuccine237 g,$3.99ea,,$1.68/ 100g,False
frozen,High Liner,Fillets Pollock Lemon Pepper,High LinerFillets Pollock Lemon Pepper300 g,$10.99ea,,$3.66/ 100g,False
frozen,President's Choice,Watermelon Chunks,President's ChoiceWatermelon Chunks500 g,$4.79ea,,$0.96/ 100g,False
frozen,Mccain,"Egg, Bacon and Cheese Breakfast Pockets","MccainEgg, Bacon and Cheese Breakfast Pockets600 g",$8.49ea,,$1.42/ 100g,False
frozen,Shana,Plain Paratha,ShanaPlain Paratha400 g,$2.99ea,,$0.75/ 100g,False
frozen,Stouffers,Bowl Fulls Mac and Cheese with Bacon,StouffersBowl Fulls Mac and Cheese with Bacon305 g,$6.29ea,,$2.06/ 100g,False
frozen,President's Choice,Loads Of Cookies ‘N’ Crème Light Ice Cream,President's ChoiceLoads Of Cookies ‘N’ Crème Light Ice Cream1.5 l,$5.49ea,,$0.37/ 100ml,False
frozen,Lous,Philly Style Shaved Steak,LousPhilly Style Shaved Steak400 g,$10.49ea,,$2.62/ 100g,False
frozen,President's Choice,Vegetable Medley ,President's ChoiceVegetable Medley 750 g,$3.99ea,,$0.53/ 100g,False
frozen,No Name,Cookies & Cream Ice Cream Sandwiches ,No NameCookies & Cream Ice Cream Sandwiches 24x120.0 ml,$9.99ea,,$0.35/ 100ml,False
frozen,Stouffers,Diner Classics Beef Pot Roast,StouffersDiner Classics Beef Pot Roast249 g,$4.99ea,,$2.00/ 100g,False
frozen,President's Choice,Kalbi Beef Short Ribs,President's ChoiceKalbi Beef Short Ribs500 g,$13.99ea,,$2.80/ 100g,False
frozen,President's Choice,Plant Based Chickpea and Sweet Potato Veggie Burgers,President's ChoicePlant Based Chickpea and Sweet Potato Veggie Burgers452 g,$8.99ea,,$1.99/ 100g,False
frozen,Pillsbury,"Toaster Strudel, Apple    ","PillsburyToaster Strudel, Apple    326 g",$3.79ea,,$1.16/ 100g,False
frozen,President's Choice,Cream First Vanilla Ice Cream,President's ChoiceCream First Vanilla Ice Cream1.5 l,$7.29ea,$5.49ea,$0.37/ 100ml,True
frozen,President's Choice,Maple Crunch Ice Cream,President's ChoiceMaple Crunch Ice Cream946 ml,$4.49ea,,$0.47/ 100ml,False
frozen,High Liner,"Fish Sticks, Family Pack","High LinerFish Sticks, Family Pack700 g",$6.49ea,,$0.93/ 100g,False
frozen,Cuisine Adventures,Mini Sausages in Oven Baked Bread,Cuisine AdventuresMini Sausages in Oven Baked Bread281 g,$6.99ea,,$2.49/ 100g,False
frozen,Prime,"Chicken Stuffed with Ham & Mozzarella, Raised Without Antibiotics","PrimeChicken Stuffed with Ham & Mozzarella, Raised Without Antibiotics568 g",$14.99ea,,$2.64/ 100g,False
frozen,Nestle,Rolo Frozen Dessert,NestleRolo Frozen Dessert1.5 l,$7.99ea,,$0.53/ 100ml,False
frozen,PC Blue Menu,Meat Lasagna,PC Blue MenuMeat Lasagna2.27 kg,$12.99ea,,$0.57/ 100g,False
frozen,Seaquest,"Cooked Shrimp, 36/45","SeaquestCooked Shrimp, 36/45300 g",$6.99ea,,$2.33/ 100g,False
frozen,President's Choice,"Mangoes, Strawberries & Peaches Fruit Blend","President's ChoiceMangoes, Strawberries & Peaches Fruit Blend600 g",$4.79ea,,$0.80/ 100g,False
frozen,President's Choice,Plant Based Peanut Butter Delights,President's ChoicePlant Based Peanut Butter Delights180 g,$4.99ea,,$2.77/ 100g,False
frozen,Chapmans,Yogurt Frosty Bar,ChapmansYogurt Frosty Bar18x75.0 ml,$7.29ea,,$0.54/ 100ml,False
frozen,Healthy Choice,"Gourmet Steamers, Pineapple Chicken","Healthy ChoiceGourmet Steamers, Pineapple Chicken298 g",$4.99ea,,$1.67/ 100g,False
frozen,Delissio,Pizzeria Chicken Parmesan Pizza,DelissioPizzeria Chicken Parmesan Pizza539 g,$7.49ea,,$1.39/ 100g,False
frozen,Charoen Pokphand,Pad Thai Chicken,Charoen PokphandPad Thai Chicken300 g,$4.79ea,,$1.60/ 100g,False
frozen,Marie Callender's,Sweet Pineapple Chicken Teriyaki Bowl,Marie Callender'sSweet Pineapple Chicken Teriyaki Bowl349 g,$6.29ea,,$1.80/ 100g,False
frozen,Arctic Glacier,Cubed Ice,Arctic GlacierCubed Ice2.3 kg,$3.99ea,,$0.17/ 100g,False
frozen,High Liner,Pan Sear Garlic & Herb Shrimp Butterflied,High LinerPan Sear Garlic & Herb Shrimp Butterflied454 g,$9.99ea,,$2.20/ 100g,False
frozen,Pogo,All Beef,PogoAll Beef600 g,$9.49ea,,$1.58/ 100g,False
frozen,PC Organics,Organic Mango Chunks,PC OrganicsOrganic Mango Chunks600 g,$8.49ea,,$1.42/ 100g,False
frozen,Lous,Philly Style Shaved Steak,LousPhilly Style Shaved Steak400 g,$10.49ea,,$2.62/ 100g,False
frozen,President's Choice,Vegetable Medley ,President's ChoiceVegetable Medley 750 g,$3.99ea,,$0.53/ 100g,False
frozen,No Name,Cookies & Cream Ice Cream Sandwiches ,No NameCookies & Cream Ice Cream Sandwiches 24x120.0 ml,$9.99ea,,$0.35/ 100ml,False
frozen,Stouffers,Diner Classics Beef Pot Roast,StouffersDiner Classics Beef Pot Roast249 g,$4.99ea,,$2.00/ 100g,False
frozen,President's Choice,Kalbi Beef Short Ribs,President's ChoiceKalbi Beef Short Ribs500 g,$13.99ea,,$2.80/ 100g,False
frozen,President's Choice,Plant Based Chickpea and Sweet Potato Veggie Burgers,President's ChoicePlant Based Chickpea and Sweet Potato Veggie Burgers452 g,$8.99ea,,$1.99/ 100g,False
frozen,Pillsbury,"Toaster Strudel, Apple    ","PillsburyToaster Strudel, Apple    326 g",$3.79ea,,$1.16/ 100g,False
frozen,President's Choice,Cream First Vanilla Ice Cream,President's ChoiceCream First Vanilla Ice Cream1.5 l,$7.29ea,$5.49ea,$0.37/ 100ml,True
frozen,President's Choice,Maple Crunch Ice Cream,President's ChoiceMaple Crunch Ice Cream946 ml,$4.49ea,,$0.47/ 100ml,False
frozen,High Liner,"Fish Sticks, Family Pack","High LinerFish Sticks, Family Pack700 g",$6.49ea,,$0.93/ 100g,False
frozen,Cuisine Adventures,Mini Sausages in Oven Baked Bread,Cuisine AdventuresMini Sausages in Oven Baked Bread281 g,$6.99ea,,$2.49/ 100g,False
frozen,Prime,"Chicken Stuffed with Ham & Mozzarella, Raised Without Antibiotics","PrimeChicken Stuffed with Ham & Mozzarella, Raised Without Antibiotics568 g",$14.99ea,,$2.64/ 100g,False
frozen,Nestle,Rolo Frozen Dessert,NestleRolo Frozen Dessert1.5 l,$7.99ea,,$0.53/ 100ml,False
frozen,PC Blue Menu,Meat Lasagna,PC Blue MenuMeat Lasagna2.27 kg,$12.99ea,,$0.57/ 100g,False
frozen,Seaquest,"Cooked Shrimp, 36/45","SeaquestCooked Shrimp, 36/45300 g",$6.99ea,,$2.33/ 100g,False
frozen,President's Choice,"Mangoes, Strawberries & Peaches Fruit Blend","President's ChoiceMangoes, Strawberries & Peaches Fruit Blend600 g",$4.79ea,,$0.80/ 100g,False
frozen,President's Choice,Plant Based Peanut Butter Delights,President's ChoicePlant Based Peanut Butter Delights180 g,$4.99ea,,$2.77/ 100g,False
frozen,Chapmans,Yogurt Frosty Bar,ChapmansYogurt Frosty Bar18x75.0 ml,$7.29ea,,$0.54/ 100ml,False
frozen,Healthy Choice,"Gourmet Steamers, Pineapple Chicken","Healthy ChoiceGourmet Steamers, Pineapple Chicken298 g",$4.99ea,,$1.67/ 100g,False
frozen,Charoen Pokphand,Pad Thai Chicken,Charoen PokphandPad Thai Chicken300 g,$4.79ea,,$1.60/ 100g,False
frozen,Marie Callender's,Sweet Pineapple Chicken Teriyaki Bowl,Marie Callender'sSweet Pineapple Chicken Teriyaki Bowl349 g,$6.29ea,,$1.80/ 100g,False
frozen,Arctic Glacier,Cubed Ice,Arctic GlacierCubed Ice2.3 kg,$3.99ea,,$0.17/ 100g,False
frozen,High Liner,Pan Sear Garlic & Herb Shrimp Butterflied,High LinerPan Sear Garlic & Herb Shrimp Butterflied454 g,$9.99ea,,$2.20/ 100g,False
frozen,Pogo,All Beef,PogoAll Beef600 g,$9.49ea,,$1.58/ 100g,False
frozen,PC Organics,Organic Mango Chunks,PC OrganicsOrganic Mango Chunks600 g,$8.49ea,,$1.42/ 100g,False
frozen,President's Choice,Grilled Ready Veggie Eggplant,President's ChoiceGrilled Ready Veggie Eggplant500 g,$4.99ea,,$1.00/ 100g,False
frozen,Delissio,Pizzeria Chicken Parmesan Pizza,DelissioPizzeria Chicken Parmesan Pizza539 g,$7.49ea,,$1.39/ 100g,False
frozen,Dr Oetker, The Good Baker Margherita Pizza,Dr Oetker The Good Baker Margherita Pizza300 g,$6.99ea,,$2.33/ 100g,False
frozen,Rooster,Pork Dumplings,RoosterPork Dumplings1.13 kg,$10.00ea,,$0.88/ 100g,False
frozen,Gardein,Meatless Meatballs,GardeinMeatless Meatballs360 g,$7.49ea,,$2.08/ 100g,False
frozen,Dr Oetker,Ristorante Thin Crust Margarita Pizza,Dr OetkerRistorante Thin Crust Margarita Pizza330 g,$6.49ea,,$1.97/ 100g,False
frozen,Green Giant,"Valley Selections Essentials, California Blend","Green GiantValley Selections Essentials, California Blend500 g",$3.99ea,,$0.80/ 100g,False
frozen,Dr Oetker,Giuseppe Pizzeria Pizza Pepperoni,Dr OetkerGiuseppe Pizzeria Pizza Pepperoni3x186.0 g,$7.49ea,,$0.44/ 100g,False
frozen,Dr Oetker,Giuseppe Pizzeria Giuseppe Rising Crust Hawaiian Pizza ,Dr OetkerGiuseppe Pizzeria Giuseppe Rising Crust Hawaiian Pizza 730 g,$6.99ea,,$0.96/ 100g,False
frozen,CAVENDISH FARMS,All-Day Breakfast Hash Brown Sticks,CAVENDISH FARMSAll-Day Breakfast Hash Brown Sticks650 g,$3.49ea,,$0.54/ 100g,False
frozen,President's Choice,Butter Chicken,President's ChoiceButter Chicken350 g,$4.49ea,,$1.28/ 100g,False
frozen,Dr Oetker,Ristorante Thin Crust Pizza Cavolo,Dr OetkerRistorante Thin Crust Pizza Cavolo355 g,$6.49ea,,$1.83/ 100g,False
frozen,President's Choice,Breaded Butterflied Shrimp ,President's ChoiceBreaded Butterflied Shrimp 400 g,$12.99ea,,$3.25/ 100g,False
frozen,Delissio,Vintage Pizzeria Deluxe Pizza,DelissioVintage Pizzeria Deluxe Pizza604 g,$7.49ea,,$1.24/ 100g,False
frozen,President's Choice,Thin & Crispy Roasted Mushroom And Garlic Pizza,President's ChoiceThin & Crispy Roasted Mushroom And Garlic Pizza375 g,$4.99ea,,$1.33/ 100g,False
frozen,President's Choice,Bacon and Onion Focaccia ,President's ChoiceBacon and Onion Focaccia 455 g,$4.99ea,,$1.10/ 100g,False
frozen,President's Choice,Sirloin Beef Meatballs ,President's ChoiceSirloin Beef Meatballs 907 g,$16.99ea,,$1.87/ 100g,False
frozen,President's Choice,Mozzarella Cheese Sticks,President's ChoiceMozzarella Cheese Sticks454 g,$9.99ea,,$2.20/ 100g,False
frozen,President's Choice,Cherry Tomato & Arugula Flatbread,President's ChoiceCherry Tomato & Arugula Flatbread350 g,$4.99ea,,$1.43/ 100g,False
frozen,President's Choice,Jerk Chicken Wings,President's ChoiceJerk Chicken Wings907 g,$17.49ea,,$1.93/ 100g,False
frozen,No Name,Chocolatey Chip Ice Cream Sandwiches,No NameChocolatey Chip Ice Cream Sandwiches24x120.0 ml,$9.99ea,,$0.35/ 100ml,False
frozen,Healthy Choice,"Gourmet Steamers, Grilled Balsamic Chicken","Healthy ChoiceGourmet Steamers, Grilled Balsamic Chicken284 g",$4.99ea,,$1.76/ 100g,False
frozen,Nestle,Drumstick Simply Dipped Cones,NestleDrumstick Simply Dipped Cones4x135.0 ml,$7.49ea,,$1.39/ 100ml,False
frozen,Breyers,Family Classic Ice Cream Pralines & Cream For a Frozen Dessert Treat,BreyersFamily Classic Ice Cream Pralines & Cream For a Frozen Dessert Treat1.66 l,$5.99ea,,$0.36/ 100ml,False
frozen,Tenderflake,"Deep Dish Pie Shells, All Vegetable Shortening","TenderflakeDeep Dish Pie Shells, All Vegetable Shortening340 g",$4.29ea,,$1.26/ 100g,False
frozen,The Original,Original Shakesicle Bars Strawberry Frozen Dairy Dessert,The OriginalOriginal Shakesicle Bars Strawberry Frozen Dairy Dessert60 ml,$5.49ea,,$9.15/ 100ml,False
frozen,Chapmans,Premuim Canadian Collection Chocolate Fudge Brownie Bumpy Bar,ChapmansPremuim Canadian Collection Chocolate Fudge Brownie Bumpy Bar8x55.0 ml,$2.99ea,,$0.68/ 100ml,False
frozen,Hungry-Man,Salisbury Steak ,Hungry-ManSalisbury Steak 455 g,$5.49ea,,$1.21/ 100g,False
frozen,President's Choice,Banana Split Ice Cream,President's ChoiceBanana Split Ice Cream946 ml,$4.49ea,,$0.47/ 100ml,False
frozen,Wall’s,"Ice Cream, Bubble Tea Milk Tea & Boba Pearls Flavours, with Chewy Tapioca Balls","Wall’sIce Cream, Bubble Tea Milk Tea & Boba Pearls Flavours, with Chewy Tapioca Balls6 ea",$8.49ea,,$1.42/ 1ea,False
frozen,President's Choice,Plant Based Original Cheesecake-Style Dessert,President's ChoicePlant Based Original Cheesecake-Style Dessert540 g,$8.99ea,,$1.66/ 100g,False
frozen,President's Choice,"Ice Cream Shop, Elk Crossing Mini Ice Cream Bars","President's ChoiceIce Cream Shop, Elk Crossing Mini Ice Cream Bars330 ml",$4.99ea,,$1.51/ 100ml,False
frozen,President's Choice,"Plant Based Black Bean, Corn and Sweet Potato Veggie Burgers","President's ChoicePlant Based Black Bean, Corn and Sweet Potato Veggie Burgers452 g",$8.99ea,,$1.99/ 100g,False
frozen,President's Choice,Shepherd's Pie Club Pack,President's ChoiceShepherd's Pie Club Pack1.8 kg,$23.99ea,,$1.33/ 100g,False
frozen,Pillsbury,Toaster Strudel Wildberry Flavour,PillsburyToaster Strudel Wildberry Flavour326 g,$3.79ea,,$1.16/ 100g,False
frozen,Breyers,"Ice Cream, Blueberry Grunt Locally Inspired Light ","BreyersIce Cream, Blueberry Grunt Locally Inspired Light 1.41 l",$7.39ea,,$0.52/ 100ml,False
frozen,CAVENDISH FARMS,Onion Hash Brown Patties,CAVENDISH FARMSOnion Hash Brown Patties600 g,$3.99ea,$3.49ea,$0.58/ 100g,True
frozen,Healthy Choice,Zero Tomato Basil Chicken,Healthy ChoiceZero Tomato Basil Chicken269 g,$5.99ea,,$2.23/ 100g,False
frozen,President's Choice,"Strawberries, Raspberries, Blackberries & Blueberries 4-Berry Blend, Club Size","President's ChoiceStrawberries, Raspberries, Blackberries & Blueberries 4-Berry Blend, Club Size2 kg",$16.99ea,,$0.85/ 100g,False
frozen,Binggrae,Melona Frozen Dessert Bars Strawberry,BinggraeMelona Frozen Dessert Bars Strawberry560 ml,$6.99ea,,$1.25/ 100ml,False
frozen,Breyers,Family Classic Frozen Dessert ,BreyersFamily Classic Frozen Dessert 1.66 l,$5.99ea,,$0.36/ 100ml,False
frozen,President's Choice,Cherry-Topped New York-Style Cheesecake,President's ChoiceCherry-Topped New York-Style Cheesecake600 g,$9.49ea,,$1.58/ 100g,False
frozen,Chapmans,"Yukon Ice Cream Chocolate, Salty Caramel, Peanuts & Milk Chocolate","ChapmansYukon Ice Cream Chocolate, Salty Caramel, Peanuts & Milk Chocolate5x140.0 ml",$7.99ea,,$1.14/ 100ml,False
frozen,Stouffers,"BowlFULLs, Chicken Bacon Ranch","StouffersBowlFULLs, Chicken Bacon Ranch305 g",$6.29ea,,$2.06/ 100g,False
frozen,President's Choice,Sweet Potato Chunks,President's ChoiceSweet Potato Chunks400 g,$3.99ea,,$1.00/ 100g,False
frozen,Delcato,Japanese Style Cheesecake Mango,DelcatoJapanese Style Cheesecake Mango300 g,$7.99ea,,$2.66/ 100g,False
frozen,Mccain,Deluxe Pizza Pockets ,MccainDeluxe Pizza Pockets 600 g,$8.49ea,,$1.42/ 100g,False
frozen,No Name,Buttermilk Pancakes,No NameButtermilk Pancakes936 g,$6.49ea,,$0.69/ 100g,False
frozen,Tinnel's,Jamaican Vegetable Patties,Tinnel'sJamaican Vegetable Patties1.12 kg,$10.49ea,$9.99ea,$0.89/ 100g,True
frozen,President's Choice,Gluten Free Chicken Strips,President's ChoiceGluten Free Chicken Strips600 g,$8.49ea,,$1.42/ 100g,False
frozen,President's Choice,Butter Infused Young Turkey - Frozen - 3-5 kg,President's ChoiceButter Infused Young Turkey - Frozen - 3-5 kg1 kg,$28.00ea,,,False
frozen,One World Halal,Halal Beef Patties Spicy 9 Patties,One World HalalHalal Beef Patties Spicy 9 Patties1.17 kg,$11.49ea,,$0.98/ 100g,False
frozen,No Name,Blueberry Waffles,No NameBlueberry Waffles1680 g,$12.99ea,,$0.77/ 100g,False
frozen,Lous,Roast Beef au Jus,LousRoast Beef au Jus375 g,$10.49ea,,$2.80/ 100g,False
frozen,Amys,"Organic Burrito, Black Bean","AmysOrganic Burrito, Black Bean170 g",$4.99ea,,$2.94/ 100g,False
frozen,No Name,Meat Lasagna,No NameMeat Lasagna1 kg,$6.50ea,,$0.65/ 100g,False
frozen,President's Choice,Raw Shrimp,President's ChoiceRaw Shrimp340 g,$12.99ea,,$3.82/ 100g,False
frozen,Delissio,Stuffed Crust 3 Meat,DelissioStuffed Crust 3 Meat702 g,$8.99ea,,$1.28/ 100g,False
frozen,President's Choice,Plant Based Apple Crumble Pie,President's ChoicePlant Based Apple Crumble Pie770 g,$7.99ea,,$1.04/ 100g,False
frozen,Wong Wing,Chicken Chow Mein,Wong WingChicken Chow Mein400 g,$5.99ea,,$1.50/ 100g,False
frozen,President's Choice,Sausage And Penne,President's ChoiceSausage And Penne1 kg,$9.99ea,$6.49ea,$0.65/ 100g,True
frozen,President's Choice,Double Decker New York-Style Cheesecake,President's ChoiceDouble Decker New York-Style Cheesecake600 g,$9.49ea,,$1.58/ 100g,False
frozen,President's Choice,Bacon-Wrapped Wild Sea Scallops,President's ChoiceBacon-Wrapped Wild Sea Scallops260 g,$15.99ea,,$6.15/ 100g,False
frozen,Delissio,Hawaiian Pizza,DelissioHawaiian Pizza857 g,$7.49ea,,$0.87/ 100g,False
frozen,Green Giant,Valley Selections Savoury Garlic Pasta & Vegetables,Green GiantValley Selections Savoury Garlic Pasta & Vegetables500 g,$3.99ea,,$0.80/ 100g,False
frozen,Haagen Dazs,Vanilla Almond Ice Cream Bars,Haagen DazsVanilla Almond Ice Cream Bars3x88.0 ml,$6.49ea,,$2.46/ 100ml,False
frozen,Swiss Chalet,BBQ Pork Ribs,Swiss ChaletBBQ Pork Ribs600 g,$14.99ea,,$2.50/ 100g,False
frozen,CAVENDISH FARMS,Restaurant Style Pub Fries,CAVENDISH FARMSRestaurant Style Pub Fries750 g,$3.49ea,,$0.47/ 100g,False
frozen,Haagen Dazs,Strawberry Ice Cream,Haagen DazsStrawberry Ice Cream500 ml,$6.49ea,,$1.30/ 100ml,False
frozen,Dr Oetker,Giuseppe Pizzeria Pizza 3 Cheese,Dr OetkerGiuseppe Pizzeria Pizza 3 Cheese3x186.0 g,$7.49ea,,$1.34/ 100g,False
frozen,Green Giant,Bean & Carrot Medley,Green GiantBean & Carrot Medley500 g,$3.99ea,,$0.80/ 100g,False
frozen,Crave,All Day Breakfast Double Sausage and Bacon Loaded Tots,CraveAll Day Breakfast Double Sausage and Bacon Loaded Tots255 g,$4.99ea,,$1.96/ 100g,False
frozen,President's Choice,Yorkshire Pudding,President's ChoiceYorkshire Pudding185 g,$4.39ea,,$2.37/ 100g,False
frozen,PC Blue Menu,Chicken Korma,PC Blue MenuChicken Korma350 g,$4.49ea,,$1.28/ 100g,False
frozen,Gardein,Fishless Fillet,GardeinFishless Fillet288 g,$7.49ea,,$2.60/ 100g,False
frozen,President's Choice,Swedish Beef Meatballs,President's ChoiceSwedish Beef Meatballs907 g,$16.99ea,,$1.87/ 100g,False
frozen,PC Blue Menu,Thick & Juicy™ Lean Beef Burgers  ,PC Blue MenuThick & Juicy™ Lean Beef Burgers  1.13 kg,$16.99ea,,$1.50/ 100g,False
frozen,President's Choice,Nashville-Style Chicken Wings,President's ChoiceNashville-Style Chicken Wings907 g,$17.49ea,,$1.93/ 100g,False
frozen,Delissio,Rising Crust Veggie Deluxe Pizza,DelissioRising Crust Veggie Deluxe Pizza835 g,$7.49ea,,$0.90/ 100g,False
frozen,PC Blue Menu,Sirloin Beef Burger,PC Blue MenuSirloin Beef Burger1.02 kg,$16.99ea,,$1.67/ 100g,False
frozen,Healthy Choice,Simply Meatball Marinara ,Healthy ChoiceSimply Meatball Marinara 283 g,$5.49ea,,$1.94/ 100g,False
frozen,President's Choice,"Riced Ready Veggie, Cauliflower","President's ChoiceRiced Ready Veggie, Cauliflower500 g",$4.99ea,,$1.00/ 100g,False
frozen,No Name,Cut Green Beans,No NameCut Green Beans750 g,$2.49ea,,$0.33/ 100g,False
frozen,Michelina,s Grande 1LB Macaroni & Cheese,Michelinas Grande 1LB Macaroni & Cheese454 g,$3.29ea,,$0.72/ 100g,False
frozen,Breyers,Family Classic Frozen Dessert Gluten Free ,BreyersFamily Classic Frozen Dessert Gluten Free 1.66 l,$5.99ea,,$0.36/ 100ml,False
frozen,Cool Whip,Original Frozen Whipped Topping,Cool WhipOriginal Frozen Whipped Topping1 l,$4.99ea,,$0.50/ 100ml,False
frozen,Del Monte, Real Banana 1/2 Dipped Chocolate,Del Monte Real Banana 1/2 Dipped Chocolate10x50.0 ml,$6.99ea,,$1.40/ 100ml,False
frozen,Chapmans,Premium Cookies & Cream,ChapmansPremium Cookies & Cream2 l,$6.99ea,,$0.35/ 100ml,False
frozen,,Lean Ground Beef,Lean Ground Beef1.2 kg,$10.00ea,,$0.83/ 100g,False
frozen,Breyers,Frozen Dessert for a delicious treat Reese's Peanut Butter Cups,BreyersFrozen Dessert for a delicious treat Reese's Peanut Butter Cups1.66 l,$7.79ea,,$0.47/ 100ml,False
frozen,High Liner,Crispy Breaded Fish Fillets,High LinerCrispy Breaded Fish Fillets350 g,$5.79ea,,$1.65/ 100g,False
frozen,Breyers,Family Classic Ice Cream Mint Chocolate Chip For a Frozen Dessert ,BreyersFamily Classic Ice Cream Mint Chocolate Chip For a Frozen Dessert 1.66 l,$5.99ea,,$0.36/ 100ml,False
frozen,Righteous,"Ice Cream, Dark Chocolate Caramel Sea Salt Gelato","RighteousIce Cream, Dark Chocolate Caramel Sea Salt Gelato562 ml",$10.99ea,,$1.96/ 100ml,False
frozen,Lean Cuisine,Selections Chicken Teriyaki Frozen Entrée,Lean CuisineSelections Chicken Teriyaki Frozen Entrée214 g,$3.99ea,,$1.86/ 100g,False
frozen,President's Choice,Coconut Cream Pie,President's ChoiceCoconut Cream Pie830 g,$10.99ea,,$1.32/ 100g,False
frozen,Mccain,Egg and Cheese Breakfast Pockets,MccainEgg and Cheese Breakfast Pockets600 g,$8.49ea,,$1.42/ 100g,False
frozen,President's Choice,Butternut Squash Chunks ,President's ChoiceButternut Squash Chunks 750 g,$3.99ea,,$0.53/ 100g,False
frozen,President's Choice,"Pineapple, Dragon Fruit & Passion Fruit Tropical Fruit Blend","President's ChoicePineapple, Dragon Fruit & Passion Fruit Tropical Fruit Blend500 g",$4.79ea,,$0.96/ 100g,False
frozen,Binggrae,Melona Frozen Dessert Bars Honeydew Melon,BinggraeMelona Frozen Dessert Bars Honeydew Melon560 ml,$6.99ea,,$1.25/ 100ml,False
frozen,President's Choice,"Dark Sweet Cherries, Blueberries and Blackberries Power Fruit Blend ","President's ChoiceDark Sweet Cherries, Blueberries and Blackberries Power Fruit Blend 600 g",$4.79ea,,$0.80/ 100g,False
frozen,No Name,Diced Onions,No NameDiced Onions750 g,$2.49ea,,$0.33/ 100g,False
frozen,Kelloggs,"Eggo Original Waffles, 16 waffles","KelloggsEggo Original Waffles, 16 waffles560 g",$6.99ea,,$1.25/ 100g,False
frozen,Chapmans,Vanilla Ice Cream Sandwich,ChapmansVanilla Ice Cream Sandwich12x120.0 ml,$7.29ea,,$0.51/ 100ml,False
frozen,Chapmans,Cherry Centre Super Cone,ChapmansCherry Centre Super Cone8x120.0 ml,$7.29ea,,$0.76/ 100ml,False
frozen,PC Blue Menu,Honey Greek Yogurt Smoothie Bars,PC Blue MenuHoney Greek Yogurt Smoothie Bars6x80.0 ml,$6.00ea,$5.49ea,$1.14/ 100ml,True
frozen,President's Choice,Cranberries,President's ChoiceCranberries600 g,$4.79ea,,$0.80/ 100g,False
frozen,Chapmans,Yogurt Black Jack Cherry,ChapmansYogurt Black Jack Cherry2 l,$6.99ea,,$0.35/ 100ml,False
frozen,Chapmans,"Yukon Ice Cream Caramel, Toffee & Milk Chocolate","ChapmansYukon Ice Cream Caramel, Toffee & Milk Chocolate5x140.0 ml",$7.99ea,,$1.14/ 100ml,False
frozen,Swanson,Hungryman Salisbury Steak,SwansonHungryman Salisbury Steak345 g,$3.79ea,,$1.10/ 100g,False
frozen,President's Choice,Breaded Wild Sole Fillets,President's ChoiceBreaded Wild Sole Fillets680 g,$14.99ea,,$2.20/ 100g,False
frozen,Bassilis Best,Best Lasagna,Bassilis BestBest Lasagna907 g,$10.99ea,,$1.21/ 100g,False
frozen,Shana,Parathas Plain Lacha,ShanaParathas Plain Lacha400 g,$2.99ea,,$0.75/ 100g,False
frozen,Magnum,Ice Cream Bar Classic Kosher,MagnumIce Cream Bar Classic Kosher3x100.0 ml,$6.49ea,,$2.16/ 100ml,False
frozen,No Name,Vanilla Ice Milk Bars,No NameVanilla Ice Milk Bars30x60.0 ml,$9.99ea,,$0.56/ 100ml,False
frozen,No Name,Naturally Imperfect Mango,No NameNaturally Imperfect Mango2 kg,$13.99ea,,$0.70/ 100g,False
frozen,President's Choice,Loads Of Cherries & Chocolatey Chunks Light Ice Cream,President's ChoiceLoads Of Cherries & Chocolatey Chunks Light Ice Cream1.5 l,$6.49ea,$5.49ea,$0.37/ 100ml,True
frozen,Kelloggs,Thick & Fluffy Waffles Original,KelloggsThick & Fluffy Waffles Original330 g,$4.49ea,,$1.36/ 100g,False
frozen,Hungry-Man,Jumbo Popcorn Chicken Croquettes,Hungry-ManJumbo Popcorn Chicken Croquettes397 g,$5.49ea,,$1.38/ 100g,False
frozen,PC Blue Menu,Raspberry Swirl Smoothie Frozen Dairy Dessert Bars,PC Blue MenuRaspberry Swirl Smoothie Frozen Dairy Dessert Bars6x80.0 ml,$6.99ea,$5.49ea,$1.14/ 100ml,True
frozen,Delissio,Pizzeria Vintage 4 Cheese,DelissioPizzeria Vintage 4 Cheese519 g,$7.49ea,,$1.44/ 100g,False
frozen,CAVENDISH FARMS,Cavendish Farms Simply Homestyle Straight Cut Fries (750 G),CAVENDISH FARMSCavendish Farms Simply Homestyle Straight Cut Fries (750 G)750 g,$3.49ea,,$0.47/ 100g,False
frozen,Dr Oetker,Giuseppe Pizzeria Giuseppe Rising Crust Deluxe Pizza,Dr OetkerGiuseppe Pizzeria Giuseppe Rising Crust Deluxe Pizza785 g,$6.99ea,,$0.89/ 100g,False
frozen,Haagen Dazs,Vanilla Dark Ice Cream Bars,Haagen DazsVanilla Dark Ice Cream Bars3x88.0 ml,$6.49ea,,$2.46/ 100ml,False
frozen,President's Choice,Free From Angus Beef Meatball,President's ChoiceFree From Angus Beef Meatball850 g,$16.99ea,,$2.00/ 100g,False
frozen,PC Blue Menu,Chicken Tikka Masala,PC Blue MenuChicken Tikka Masala350 g,$4.49ea,,$1.28/ 100g,False
frozen,Dr Oetker,Ristorante Thin Crust Mushroom Funghi Pizza,Dr OetkerRistorante Thin Crust Mushroom Funghi Pizza365 g,$6.49ea,,$1.78/ 100g,False
frozen,No Name,Buffalo Chicken Wings,No NameBuffalo Chicken Wings908 g,$13.00ea,,$1.43/ 100g,False
frozen,President's Choice,Meat Lasagna,President's ChoiceMeat Lasagna320 g,$4.49ea,,$1.40/ 100g,False
frozen,No Name,"Chicken Wings, Honey Garlic","No NameChicken Wings, Honey Garlic908 g",$13.00ea,,$1.43/ 100g,False
frozen,Dr Oetker,Giuseppe Thin Crust Canadian Pizza,Dr OetkerGiuseppe Thin Crust Canadian Pizza501 g,$6.99ea,,$1.40/ 100g,False
frozen,CAVENDISH FARMS,All-Day Breakfast Hash Brown Waffles,CAVENDISH FARMSAll-Day Breakfast Hash Brown Waffles625 g,$3.49ea,,$0.56/ 100g,False
frozen,Dr Oetker,"Giuseppe Pizza, 4 Cheese","Dr OetkerGiuseppe Pizza, 4 Cheese660 g",$6.99ea,,$1.06/ 100g,False
frozen,CAVENDISH FARMS,Restaurant Style All - Seasoned Kettle Style Potato Wedges,CAVENDISH FARMSRestaurant Style All - Seasoned Kettle Style Potato Wedges750 g,$3.49ea,,$0.47/ 100g,False
frozen,President's Choice,Beef & Broccoli,President's ChoiceBeef & Broccoli350 g,$4.49ea,,$1.28/ 100g,False
frozen,Gardein,Crispy Fingers Chipotle Lime,GardeinCrispy Fingers Chipotle Lime270 g,$7.49ea,,$2.77/ 100g,False
frozen,CAVENDISH FARMS,Fries Extra Thin Gourmet,CAVENDISH FARMSFries Extra Thin Gourmet750 g,$3.49ea,,$0.47/ 100g,False
frozen,Green Giant,Peaches N Cream Corn,Green GiantPeaches N Cream Corn750 g,$4.49ea,,$0.60/ 100g,False
frozen,CAVENDISH FARMS,Restaurant Style Waffle Fries,CAVENDISH FARMSRestaurant Style Waffle Fries540 g,$3.49ea,,$0.65/ 100g,False
frozen,President's Choice,Breaded Coconut Shrimp With Sweet Chili Dipping Sauce,President's ChoiceBreaded Coconut Shrimp With Sweet Chili Dipping Sauce454 g,$12.99ea,,$2.86/ 100g,False
frozen,President's Choice,Salted Caramel Mochi,President's ChoiceSalted Caramel Mochi6x35.0 ml,$4.99ea,,$2.38/ 100ml,False
frozen,President's Choice,Gochujang Sweet & Spicy Chicken Wings,President's ChoiceGochujang Sweet & Spicy Chicken Wings907 g,$17.49ea,,$1.93/ 100g,False
frozen,President's Choice,"Chicken Wings, Crisp & Crunchy Mild Southern-Style ","President's ChoiceChicken Wings, Crisp & Crunchy Mild Southern-Style 907 g",$17.49ea,,$1.93/ 100g,False
frozen,President's Choice,Medium Buffalo-Style Chicken Wings,President's ChoiceMedium Buffalo-Style Chicken Wings907 g,$17.49ea,,$1.93/ 100g,False
frozen,President's Choice,Loads Of Pepperoni Thin Crust Pizza,President's ChoiceLoads Of Pepperoni Thin Crust Pizza400 g,$4.99ea,,$1.25/ 100g,False
frozen,President's Choice,Thick & Juicy™ Beef Burgers  ,President's ChoiceThick & Juicy™ Beef Burgers  1.36 kg,$16.99ea,,$1.25/ 100g,False
frozen,President's Choice,Thick & Juicy™ Chicken Burgers ,President's ChoiceThick & Juicy™ Chicken Burgers 1.13 kg,$15.99ea,,$1.42/ 100g,False
frozen,No Name,Mixed Vegetables,No NameMixed Vegetables750 g,$2.49ea,,$0.33/ 100g,False
frozen,No Name,Light Whipped Topping,No NameLight Whipped Topping1 l,$3.79ea,,$0.38/ 100ml,False
frozen,PC Blue Menu,"Greek Smoothie Bar, Mango","PC Blue MenuGreek Smoothie Bar, Mango6x80.0 ml",$6.00ea,$5.49ea,$1.14/ 100ml,True
frozen,No Name,Whole Strawberries,No NameWhole Strawberries2 kg,$13.99ea,,$0.70/ 100g,False
frozen,Breyers,Creamery Style Ice Cream French Vanilla gluten-free and kosher,BreyersCreamery Style Ice Cream French Vanilla gluten-free and kosher1.66 l,$7.79ea,,$0.47/ 100ml,False
frozen,Stouffers,Diner Classics Salisbury Steak,StouffersDiner Classics Salisbury Steak282 g,$4.99ea,,$1.77/ 100g,False
frozen,President's Choice,Chocolate Ice Cream,President's ChoiceChocolate Ice Cream1.65 l,$4.99ea,,$0.30/ 100ml,False
frozen,Lotte,Green Tea Japanese Mochi Ice Confectionary,LotteGreen Tea Japanese Mochi Ice Confectionary270 g,$5.49ea,,$2.03/ 100g,False
frozen,Chapmans,Premium Caramel Praline,ChapmansPremium Caramel Praline2 l,$6.99ea,,$0.35/ 100ml,False
frozen,Hungry-Man,XL Buffalo-Style Chicken Mac ‘n Cheese,Hungry-ManXL Buffalo-Style Chicken Mac ‘n Cheese397 g,$6.79ea,,$1.71/ 100g,False
frozen,Delcato,Japanese Cheesecake     ,DelcatoJapanese Cheesecake     300 g,$8.99ea,,$3.00/ 100g,False
frozen,No Name,Chocolate Ice Cream Sandwiches,No NameChocolate Ice Cream Sandwiches24x120.0 ml,$9.99ea,,$0.35/ 100ml,False
frozen,Chapmans,Ice Cream Premium the Only Chocolate,ChapmansIce Cream Premium the Only Chocolate2 l,$6.99ea,,$0.35/ 100ml,False
frozen,No Name,Whole Green Beans,No NameWhole Green Beans750 g,$2.49ea,,$0.33/ 100g,False
frozen,Chapmans,Premium Heavenly Hash,ChapmansPremium Heavenly Hash2 l,$6.99ea,,$0.35/ 100ml,False
frozen,Christie,Frozen Dessert Bars,ChristieFrozen Dessert Bars72 ml,$6.99ea,,$9.71/ 100ml,False
frozen,President's Choice,Tiger Tail Ice Cream,President's ChoiceTiger Tail Ice Cream946 ml,$4.49ea,,$0.47/ 100ml,False
frozen,Swanson,Oven Roasters Seasoned Broccoli & Cauliflower,SwansonOven Roasters Seasoned Broccoli & Cauliflower397 g,$5.99ea,,$1.51/ 100g,False
frozen,Lean Cuisine,Chicken in Wine Sauce,Lean CuisineChicken in Wine Sauce212 g,$3.99ea,,$1.88/ 100g,False
frozen,President's Choice,Butter Chicken Meal Kit,President's ChoiceButter Chicken Meal Kit907 g,$15.99ea,,$1.76/ 100g,False
frozen,Cheemo,"Perogies, Three Cheese","CheemoPerogies, Three Cheese907 g",$3.99ea,,$0.44/ 100g,False
frozen,President's Choice,Vegetable Spring Rolls ,President's ChoiceVegetable Spring Rolls 574 g,$9.99ea,,$1.74/ 100g,False
frozen,Siwin,Vegan Dumplings,SiwinVegan Dumplings454 g,$5.99ea,,$1.32/ 100g,False
frozen,Nature's Path,"Flax Plus Organic Gluten Free Waffles, Homestyle","Nature's PathFlax Plus Organic Gluten Free Waffles, Homestyle210 g",$4.99ea,,$2.38/ 100g,False
frozen,PC Organics,Organic Power Fruit Blend,PC OrganicsOrganic Power Fruit Blend600 g,$8.49ea,,$1.42/ 100g,False
frozen,Pillsbury,Pizza Pops Pepperoni 30ct,PillsburyPizza Pops Pepperoni 30ct2.85 kg,$21.99ea,,$0.77/ 100g,False
frozen,CAVENDISH FARMS,Garlic & Rosemary Potato Wedges,CAVENDISH FARMSGarlic & Rosemary Potato Wedges2268 g,$10.00ea,,$0.44/ 100g,False
frozen,No Name,"Fully Cooked, Breaded Chicken Burgers","No NameFully Cooked, Breaded Chicken Burgers908 g",$6.00ea,,$0.66/ 100g,False
frozen,Al Safa,Chicken Tenderz Spicy ,Al SafaChicken Tenderz Spicy 400 g,$9.99ea,,$2.50/ 100g,False
frozen,President's Choice,Original Belgian Waffles,President's ChoiceOriginal Belgian Waffles390 g,$5.49ea,,$1.41/ 100g,False
frozen,Green Ocean,Go Flake Style Crab Flavoured Seafood,Green OceanGo Flake Style Crab Flavoured Seafood200 g,$2.00ea,,$1.00/ 100g,False
frozen,Minute Maid,"Fruit Punch Frozen Concentrate Juice Beverage, Can","Minute MaidFruit Punch Frozen Concentrate Juice Beverage, Can295 ml",$1.49ea,,$0.51/ 100ml,False
frozen,Magnum,Ice Cream Bars Belgian Chocolate,MagnumIce Cream Bars Belgian Chocolate3 ea,$6.49ea,,$2.16/ 1ea,False
frozen,President's Choice,Cabbage Rolls,President's ChoiceCabbage Rolls1.81 kg,$17.99ea,,$0.99/ 100g,False
frozen,Nestle,Smarties Frozen Dessert 1.,NestleSmarties Frozen Dessert 1.1.5 l,$7.99ea,,$0.53/ 100ml,False
frozen,PC Blue Menu,Mac & Cheese,PC Blue MenuMac & Cheese1.13 kg,$9.99ea,$6.49ea,$0.57/ 100g,True
frozen,Nestle,DRUMSTICK ROLO Cones,NestleDRUMSTICK ROLO Cones4x135.0 ml,$7.49ea,,$1.39/ 100ml,False
frozen,President's Choice,Vegetable Lasagna,President's ChoiceVegetable Lasagna2.27 kg,$12.99ea,,$0.57/ 100g,False
frozen,PC Blue Menu,Peanut Butter Fudge Smoothie Frozen Dairy Dessert Bars,PC Blue MenuPeanut Butter Fudge Smoothie Frozen Dairy Dessert Bars6x80.0 ml,$6.99ea,$5.49ea,$1.14/ 100ml,True
frozen,No Name,Mixed Vegetables,No NameMixed Vegetables750 g,$2.49ea,,$0.33/ 100g,False
frozen,No Name,Light Whipped Topping,No NameLight Whipped Topping1 l,$3.79ea,,$0.38/ 100ml,False
frozen,PC Blue Menu,"Greek Smoothie Bar, Mango","PC Blue MenuGreek Smoothie Bar, Mango6x80.0 ml",$6.00ea,$5.49ea,$1.14/ 100ml,True
frozen,No Name,Whole Strawberries,No NameWhole Strawberries2 kg,$13.99ea,,$0.70/ 100g,False
frozen,Breyers,Creamery Style Ice Cream French Vanilla gluten-free and kosher,BreyersCreamery Style Ice Cream French Vanilla gluten-free and kosher1.66 l,$7.79ea,,$0.47/ 100ml,False
frozen,Kelloggs,French Toaster Sticks Original,KelloggsFrench Toaster Sticks Original270 g,$4.29ea,,$1.59/ 100g,False
frozen,Delissio,Thin Crispy Crust 4 Meat Pizza,DelissioThin Crispy Crust 4 Meat Pizza525 g,$6.99ea,,$1.33/ 100g,False
frozen,Ben & Jerry's,Ice Cream with Fairtrade Ingredients Half Baked® Non-Gmo,Ben & Jerry'sIce Cream with Fairtrade Ingredients Half Baked® Non-Gmo473 ml,$6.49ea,,$1.37/ 100ml,False
frozen,Lean Cuisine,"Selections, Meat Lasagna","Lean CuisineSelections, Meat Lasagna274 g",$3.99ea,,$1.46/ 100g,False
frozen,Pogo,Regular,PogoRegular1.5 kg,$10.99ea,,$0.73/ 100g,False
frozen,Chapmans,Yogurt Crispy Peanut Butter Crunch,ChapmansYogurt Crispy Peanut Butter Crunch2 l,$6.99ea,,$0.35/ 100ml,False
frozen,Nem Food,"Vegetable Spring Rolls, Uncooked","Nem FoodVegetable Spring Rolls, Uncooked800 g",$10.00ea,,$1.25/ 100g,False
frozen,Mccain,9 Minute Onion & Potato Patties,Mccain9 Minute Onion & Potato Patties600 g,$3.99ea,,$0.67/ 100g,False
frozen,Pillsbury,Toaster Scrambles Sausage,PillsburyToaster Scrambles Sausage204 g,$3.79ea,,$1.86/ 100g,False
frozen,,Dry Pork Ribs,Dry Pork Ribs800 g,$10.00ea,,$1.25/ 100g,False
frozen,Breyers,Family Classic Frozen Dessert Salted Caramel,BreyersFamily Classic Frozen Dessert Salted Caramel1.66 l,$5.99ea,,$0.36/ 100ml,False
frozen,Delissio,Pizzeria Vintage 3 Meat,DelissioPizzeria Vintage 3 Meat581 g,$7.49ea,,$1.29/ 100g,False
frozen,T&T,Pork and Vegetable Potstickers,T&TPork and Vegetable Potstickers567 g,$6.49ea,,$1.14/ 100g,False
frozen,Rooster,Chicken Dumplings,RoosterChicken Dumplings1.13 kg,$10.00ea,,$0.88/ 100g,False
frozen,Dr Oetker,Ristorante Thin Crust Quattro Formaggi (4 Cheese) Pizza,Dr OetkerRistorante Thin Crust Quattro Formaggi (4 Cheese) Pizza340 g,$6.49ea,,$1.91/ 100g,False
frozen,Dr Oetker,Giuseppe Pizzeria Thin Crust Deluxe Pizza,Dr OetkerGiuseppe Pizzeria Thin Crust Deluxe Pizza515 g,$6.99ea,,$1.36/ 100g,False
frozen,Dr Oetker,Giuseppe Pizzeria Giuseppe Thin Crust Beef Taco Pizza,Dr OetkerGiuseppe Pizzeria Giuseppe Thin Crust Beef Taco Pizza510 g,$6.99ea,,$1.37/ 100g,False
frozen,Dr Oetker,Giuseppe Pizzeria Thin Crust Pepperoni Pizza,Dr OetkerGiuseppe Pizzeria Thin Crust Pepperoni Pizza480 g,$6.99ea,,$1.46/ 100g,False
frozen,Dr Oetker,Giuseppe Pizzeria Giuseppe Rising Crust 4 Meat Pizza,Dr OetkerGiuseppe Pizzeria Giuseppe Rising Crust 4 Meat Pizza740 g,$6.99ea,,$0.94/ 100g,False
frozen,Gardein,"Crispy Tendr, Seven Grain","GardeinCrispy Tendr, Seven Grain255 g",$7.49ea,,$2.94/ 100g,False
frozen,Dr Oetker,Giuseppe Thin Crust Hawaiian Pizza,Dr OetkerGiuseppe Thin Crust Hawaiian Pizza535 g,$6.99ea,,$1.31/ 100g,False
frozen,Gardein,Crispy Chicken Slider,GardeinCrispy Chicken Slider320 g,$6.99ea,,$2.18/ 100g,False
frozen,Tandoori Oven,Chicken Samosa,Tandoori OvenChicken Samosa320 g,$7.49ea,,$2.34/ 100g,False
frozen,Green Giant,Summer Sweet Peas,Green GiantSummer Sweet Peas750 g,$4.49ea,,$0.60/ 100g,False
frozen,Chapmans,Double Decker Sandwich,ChapmansDouble Decker Sandwich12x120.0 ml,$7.29ea,,$0.51/ 100ml,False
frozen,President's Choice,Loads Of Cheese Thin Crust Pizza,President's ChoiceLoads Of Cheese Thin Crust Pizza405 g,$4.99ea,,$1.23/ 100g,False
frozen,Tim Hortons,Double Chocolate Donut Ice Cream,Tim HortonsDouble Chocolate Donut Ice Cream500 ml,$6.99ea,,$1.40/ 100ml,False
frozen,President's Choice,Thick & Juicy™ Prime Rib Beef Burger,President's ChoiceThick & Juicy™ Prime Rib Beef Burger1.13 kg,$16.99ea,,$1.50/ 100g,False
frozen,No Name,"Chicken Wings, Mild BBQ","No NameChicken Wings, Mild BBQ908 g",$13.00ea,,$1.43/ 100g,False
frozen,Rooster,Chicken Dumplings,RoosterChicken Dumplings1.13 kg,$10.00ea,,$0.88/ 100g,False
frozen,Dr Oetker,Ristorante Thin Crust Quattro Formaggi (4 Cheese) Pizza,Dr OetkerRistorante Thin Crust Quattro Formaggi (4 Cheese) Pizza340 g,$6.49ea,,$1.91/ 100g,False
frozen,Dr Oetker,Giuseppe Pizzeria Thin Crust Deluxe Pizza,Dr OetkerGiuseppe Pizzeria Thin Crust Deluxe Pizza515 g,$6.99ea,,$1.36/ 100g,False
frozen,Dr Oetker,Giuseppe Pizzeria Giuseppe Thin Crust Beef Taco Pizza,Dr OetkerGiuseppe Pizzeria Giuseppe Thin Crust Beef Taco Pizza510 g,$6.99ea,,$1.37/ 100g,False
frozen,Dr Oetker,Ristorante Thin Crust Mozzarella Pizza,Dr OetkerRistorante Thin Crust Mozzarella Pizza325 g,$6.49ea,,$2.00/ 100g,False
frozen,CAVENDISH FARMS, Flavourcrisp Classic Straight Cut Fries,CAVENDISH FARMS Flavourcrisp Classic Straight Cut Fries750 g,$3.49ea,,$0.47/ 100g,False
frozen,Gardein,Crabless Cakes     ,GardeinCrabless Cakes     205 g,$7.49ea,,$3.65/ 100g,False
frozen,Dr Oetker,Giuseppe Pizzeria Thin Crust Pepperoni Pizza,Dr OetkerGiuseppe Pizzeria Thin Crust Pepperoni Pizza480 g,$6.99ea,,$1.46/ 100g,False
frozen,Green Giant,Mixed Vegetables,Green GiantMixed Vegetables750 g,$4.49ea,,$0.60/ 100g,False
frozen,President's Choice,Barbecue Chicken Steamed Buns,President's ChoiceBarbecue Chicken Steamed Buns336 g,$7.99ea,,$2.38/ 100g,False
frozen,Pillsbury,Toaster Scrambles Egg & Cheese,PillsburyToaster Scrambles Egg & Cheese204 g,$3.79ea,,$1.86/ 100g,False
frozen,Lean Cuisine,Chicken Fettuccine,Lean CuisineChicken Fettuccine237 g,$3.99ea,,$1.68/ 100g,False
frozen,President's Choice,Extra Fine Whole Green Beans ,President's ChoiceExtra Fine Whole Green Beans 500 g,$3.99ea,,$0.80/ 100g,False
frozen,High Liner,Fillets Pollock Lemon Pepper,High LinerFillets Pollock Lemon Pepper300 g,$10.99ea,,$3.66/ 100g,False
frozen,Marie Callender's,Creamy Chicken Alfredo,Marie Callender'sCreamy Chicken Alfredo680 g,$9.99ea,,$1.47/ 100g,False
frozen,Stouffers,"Crustini, Philly-Style Steak & Cheese","StouffersCrustini, Philly-Style Steak & Cheese256 g",$3.99ea,,$1.56/ 100g,False
frozen,Kelloggs,"Eggo Cinnamon Toast Waffles, 8 waffles","KelloggsEggo Cinnamon Toast Waffles, 8 waffles280 g",$4.29ea,,$1.53/ 100g,False
frozen,President's Choice, Canadian Wild Blueberries,President's Choice Canadian Wild Blueberries400 g,$4.79ea,,$1.20/ 100g,False
frozen,Stouffers,"Crustini, Meatballs & Mozzarella","StouffersCrustini, Meatballs & Mozzarella256 g",$3.99ea,,$1.56/ 100g,False
frozen,Ben & Jerry's,Ice Cream with Fairtrade Ingredients Mint Chocolate Chance Non-Gmo,Ben & Jerry'sIce Cream with Fairtrade Ingredients Mint Chocolate Chance Non-Gmo473 ml,$6.49ea,,$1.37/ 100ml,False
frozen,Lean Cuisine,Selections Balsamic Chicken Frozen Entrée,Lean CuisineSelections Balsamic Chicken Frozen Entrée217 g,$3.99ea,,$1.84/ 100g,False
frozen,Delissio,Thin Crispy Crust Deluxe Pizza,DelissioThin Crispy Crust Deluxe Pizza550 g,$6.99ea,,$1.27/ 100g,False
frozen,Kelloggs,"Eggo Original Waffles, 8 waffles","KelloggsEggo Original Waffles, 8 waffles280 g",$4.29ea,,$1.53/ 100g,False
frozen,Mccain,Breakfast Potatoes Fried,MccainBreakfast Potatoes Fried650 g,$4.49ea,,$0.69/ 100g,False
frozen,,Chickent Nuggets,Chickent Nuggets1.5 kg,$10.00ea,,$0.67/ 100g,False
frozen,Lean Cuisine,Grilled Chicken & Vegetables,Lean CuisineGrilled Chicken & Vegetables285 g,$3.99ea,,$1.40/ 100g,False
frozen,High Liner,Crunchy Breaded Haddock Fish Sticks,High LinerCrunchy Breaded Haddock Fish Sticks350 g,$6.49ea,,$1.85/ 100g,False
frozen,Klondike,Frozen Dessert Bar Reese made in Canada,KlondikeFrozen Dessert Bar Reese made in Canada4 ea,$5.49ea,,$1.37/ 1ea,False
frozen,President's Choice,Ready Veggie Cuts Sweet Potato,President's ChoiceReady Veggie Cuts Sweet Potato350 g,$4.99ea,,$1.43/ 100g,False
frozen,President's Choice,Mini Arancini Italian Rice Balls,President's ChoiceMini Arancini Italian Rice Balls450 g,$8.99ea,,$2.00/ 100g,False
frozen,PC Organics,Organic Sliced Strawberries,PC OrganicsOrganic Sliced Strawberries600 g,$8.49ea,,$1.42/ 100g,False
frozen,Binggrae,"Ice Cream, Melona Frozen Dairy Dessert Bars Coconut","BinggraeIce Cream, Melona Frozen Dairy Dessert Bars Coconut560 ml",$6.99ea,,$1.25/ 100ml,False
frozen,President's Choice,Broccoli Florets,President's ChoiceBroccoli Florets500 g,$3.99ea,,$0.80/ 100g,False
frozen,Green Giant,Simply Steam Southwestern Style Corn,Green GiantSimply Steam Southwestern Style Corn269 g,$4.99ea,,$1.86/ 100g,False
frozen,Burnbrae Farms,Eggbites Tex Mex Quiche,Burnbrae FarmsEggbites Tex Mex Quiche336 g,$6.49ea,,$1.93/ 100g,False
frozen,Chapmans,Premium Butter Pecan,ChapmansPremium Butter Pecan2 l,$6.99ea,,$0.35/ 100ml,False
frozen,Nestle,Coffee Crisp Frozen Dessert Bars,NestleCoffee Crisp Frozen Dessert Bars400 ml,$6.99ea,,$1.75/ 100ml,False
frozen,President's Choice,Plant Based Cauliflower & Chickpea Pie,President's ChoicePlant Based Cauliflower & Chickpea Pie650 g,$10.99ea,,$1.69/ 100g,False
frozen,Lous,Shaved Beef au Jus,LousShaved Beef au Jus400 g,$10.49ea,,$2.62/ 100g,False
frozen,The Original,Revello Frozen Dairy Dessert Bars natural flavours and quality milk,The OriginalRevello Frozen Dairy Dessert Bars natural flavours and quality milk12x60.0 ml,$5.49ea,,$0.76/ 100ml,False
frozen,PC Blue Menu,Scottish Haddock Fillets,PC Blue MenuScottish Haddock Fillets600 g,$14.99ea,,$2.50/ 100g,False
frozen,No Name,Whole Kernel Corn,No NameWhole Kernel Corn750 g,$2.49ea,,$0.33/ 100g,False
frozen,President's Choice,Watermelon Chunks,President's ChoiceWatermelon Chunks500 g,$4.79ea,,$0.96/ 100g,False
frozen,Dr Oetker,Ristorante  Pizza Margherita Pomodori,Dr OetkerRistorante  Pizza Margherita Pomodori340 g,$9.29ea,,$2.73/ 100g,False
frozen,Hungry-Man,XL Country Fried Chicken Croquettes Bowl,Hungry-ManXL Country Fried Chicken Croquettes Bowl397 g,$6.79ea,,$1.71/ 100g,False
frozen,Minute Maid,"Pulp Free Frozen Concentate Orange Juice, Can","Minute MaidPulp Free Frozen Concentate Orange Juice, Can295 ml",$2.49ea,,$0.84/ 100ml,False
frozen,Villas,Beef Tortellini,VillasBeef Tortellini400 g,$3.99ea,,$1.00/ 100g,False
frozen,Pogo,Regular,PogoRegular300 g,$4.99ea,,$1.66/ 100g,False
frozen,Tee Yih Jia,Spring Roll Pastry,Tee Yih JiaSpring Roll Pastry400 g,$2.79ea,,$0.70/ 100g,False
frozen,No Name,Beef Burger 4 Oz,No NameBeef Burger 4 Oz1.36 kg,$15.99ea,,$1.18/ 100g,False
frozen,UDI's,English Muffins Original,UDI'sEnglish Muffins Original340 g,$7.49ea,,$2.20/ 100g,False
frozen,President's Choice,Free From Australian Lamb Shanks,President's ChoiceFree From Australian Lamb Shanks,$21.28(est.)ea,,$18.72/ 1kg,False
frozen,President's Choice,Breaded Cauliflower Bites – Butter Buffalo ,President's ChoiceBreaded Cauliflower Bites – Butter Buffalo 454 g,$6.99ea,,$1.54/ 100g,False
frozen,Five Alive,Citrus Juice,Five AliveCitrus Juice295 ml,$2.49ea,,$0.84/ 100ml,False
frozen,Nature's Path,Cinnamon Organic Waffles,Nature's PathCinnamon Organic Waffles240 g,$5.79ea,,$2.41/ 100g,False
frozen,PC Organics,Organics Special Blend Of Vegetables Vegetable Medley Club Size,PC OrganicsOrganics Special Blend Of Vegetables Vegetable Medley Club Size1.5 kg,$10.99ea,,$0.73/ 100g,False
frozen,,Salisbury Meat Pie,Salisbury Meat Pie650 g,$10.49ea,,$1.61/ 100g,False
frozen,President's Choice,Mini Ham and Cheese Cubano Bites,President's ChoiceMini Ham and Cheese Cubano Bites360 g,$8.99ea,,$2.50/ 100g,False
frozen,Pillsbury,Pizza Bites Cheese,PillsburyPizza Bites Cheese693 g,$7.49ea,,$1.08/ 100g,False
frozen,Minute Maid,"Frozen Concentrate Orange Juice, Can","Minute MaidFrozen Concentrate Orange Juice, Can295 ml",$2.49ea,,$0.84/ 100ml,False
frozen,Shao Mei,Frozen Dessert Bar Boba Matcha Latte,Shao MeiFrozen Dessert Bar Boba Matcha Latte280 ml,$8.99ea,,$3.21/ 100ml,False
frozen,Stouffers,"Crustini, Philly-Style Steak & Cheese","StouffersCrustini, Philly-Style Steak & Cheese256 g",$3.99ea,,$1.56/ 100g,False
frozen,Kelloggs,"Eggo Cinnamon Toast Waffles, 8 waffles","KelloggsEggo Cinnamon Toast Waffles, 8 waffles280 g",$4.29ea,,$1.53/ 100g,False
frozen,President's Choice, Canadian Wild Blueberries,President's Choice Canadian Wild Blueberries400 g,$4.79ea,,$1.20/ 100g,False
frozen,Stouffers,"Crustini, Meatballs & Mozzarella","StouffersCrustini, Meatballs & Mozzarella256 g",$3.99ea,,$1.56/ 100g,False
frozen,President's Choice,"Meatballs, Italian Style","President's ChoiceMeatballs, Italian Style907 g",$16.99ea,,$1.87/ 100g,False
frozen,PC Blue Menu,Italian Beef Meatballs,PC Blue MenuItalian Beef Meatballs907 g,$16.99ea,,$1.87/ 100g,False
frozen,President's Choice,Thick & Juicy™ Sirloin Beef Burgers ,President's ChoiceThick & Juicy™ Sirloin Beef Burgers 1.13 kg,$16.99ea,,$1.50/ 100g,False
frozen,President's Choice,Angus Beef Meatballs,President's ChoiceAngus Beef Meatballs907 g,$16.99ea,,$1.87/ 100g,False
frozen,Delissio,Vintage Pizzeria Pepperoni Pizza,DelissioVintage Pizzeria Pepperoni Pizza530 g,$7.49ea,,$1.41/ 100g,False
frozen,President's Choice,Thin & Crispy Mozzarella Pizza,President's ChoiceThin & Crispy Mozzarella Pizza335 g,$4.99ea,,$1.49/ 100g,False
frozen,Delissio,Rising Crust Canadian Pizza,DelissioRising Crust Canadian Pizza860 g,$7.49ea,,$0.87/ 100g,False
frozen,Delissio,Rising Crust Deluxe Pizza,DelissioRising Crust Deluxe Pizza888 g,$7.49ea,,$0.84/ 100g,False
frozen,President's Choice,Free From Angus Beef Burger,President's ChoiceFree From Angus Beef Burger1.02 kg,$16.99ea,,$1.67/ 100g,False
frozen,President's Choice,Plant Based Mozzarella-Style Sticks ,President's ChoicePlant Based Mozzarella-Style Sticks 454 g,$7.99ea,,$1.76/ 100g,False
frozen,O'Tasty,Pork & Veg Dumplings,O'TastyPork & Veg Dumplings567 g,$6.99ea,,$1.23/ 100g,False
