category,brand,product_text,product_name,price_text,sale_price,per_unit_price_text,is_sale
pantry,Franks,"Hot Sauce, Original Cayenne Pepper","FranksHot Sauce, Original Cayenne Pepper354 ml",$4.79ea,,$1.35/ 100ml,False
pantry,Franks,"Hot Sauce, Buffalo Wings Sauce","FranksHot Sauce, Buffalo Wings Sauce354 ml",$4.79ea,,$1.35/ 100ml,False
pantry,Franks,"Thick Sauce, Buffalo 'N Ranch","FranksThick Sauce, Buffalo 'N Ranch354 ml",$4.00ea,,$1.13/ 100ml,False
pantry,Franks,"Thick Sauce, Original","FranksThick Sauce, Original354 ml",$4.00ea,,$1.13/ 100ml,False
pantry,President's Choice,White Cheddar Deluxe Macaroni & Cheese Dinner,President's ChoiceWhite Cheddar Deluxe Macaroni & Cheese Dinner200 g,$1.49ea,,$0.75/ 100g,False
pantry,Franks,Mild Wings Sauce,FranksMild Wings Sauce354 ml,$4.79ea,,$1.35/ 100ml,False
pantry,Green Giant,Peaches & Cream Corn,Green GiantPeaches & Cream Corn341 ml,$1.99ea,,$0.58/ 100ml,False
pantry,Cheetos,Mac'N Cheese Flamin' Hot Pasta,CheetosMac'N Cheese Flamin' Hot Pasta160 g,$1.99ea,,$1.24/ 100g,False
pantry,Amira,"Almonds, Powdered","AmiraAlmonds, Powdered175 g",$4.49ea,,$2.57/ 100g,False
pantry,Ferma,Sea Salt,FermaSea Salt2 kg,$3.29ea,,$0.16/ 100g,False
pantry,Organically Yours,"Cashews, Roasted & Salted","Organically YoursCashews, Roasted & Salted200 g",$10.00ea,,$5.00/ 100g,False
pantry,Cool Runnings,Meat Seasoning,Cool RunningsMeat Seasoning900 g,$4.29ea,,$0.50/ 100g,False
pantry,Irini,Extra Virgin Olive Oil,IriniExtra Virgin Olive Oil3 l,$33.49ea,,$1.12/ 100ml,False
pantry,Marukan,Premium Soy Dressing With Yuzu Citrus Yuzu Ponzu,MarukanPremium Soy Dressing With Yuzu Citrus Yuzu Ponzu355 ml,$7.19ea,,$2.03/ 100ml,False
pantry,Heiwa,Sushi Ginger,HeiwaSushi Ginger340 g,$3.49ea,,$1.03/ 100g,False
pantry,President's Choice,"Oils, Extra Virgin Olive Oil From Tuscany","President's ChoiceOils, Extra Virgin Olive Oil From Tuscany500 ml",$12.99ea,,$2.60/ 100ml,False
pantry,Fini,Balsamic Vinegar,FiniBalsamic Vinegar250 ml,$11.99ea,,$4.80/ 100ml,False
pantry,Fritsch,Broad Egg Noodles,FritschBroad Egg Noodles454 g,$3.99ea,,$0.88/ 100g,False
pantry,Sabor Do Mar,"Sardines, Vegetable Oil","Sabor Do MarSardines, Vegetable Oil120 g",$2.59ea,,$2.16/ 100g,False
pantry,Ferma,Lentils,FermaLentils540 ml,$1.59ea,,$0.29/ 100ml,False
pantry,Island Gurl,Flavour Pepper Sauce,Island GurlFlavour Pepper Sauce360 ml,$6.99ea,,$1.94/ 100ml,False
pantry,PC Blue Menu,Italian Farro,PC Blue MenuItalian Farro225 g,$2.99ea,,$1.33/ 100g,False
pantry,Goya,Whole Red Beans,GoyaWhole Red Beans822 g,$3.99ea,,$0.49/ 100g,False
pantry,Ferma,Chick Peas,FermaChick Peas540 ml,$1.59ea,,$0.29/ 100ml,False
pantry,Ferma,White Corn Flour,FermaWhite Corn Flour750 g,$2.69ea,,$0.36/ 100g,False
pantry,Portugallo,"Sauce, Mild","PortugalloSauce, Mild355 ml",$6.19ea,,$1.74/ 100ml,False
pantry,Ferma,Green Lentils,FermaGreen Lentils750 g,$2.99ea,,$0.40/ 100g,False
pantry,Magic Baking Powder,Baking Powder,Magic Baking PowderBaking Powder225 g,$3.79ea,,$1.68/ 100g,False
pantry,Pickapeppa,Sauce Spicy Mango,PickapeppaSauce Spicy Mango148 ml,$3.99ea,,$2.70/ 100ml,False
pantry,Young & Young,Brown Rice Vermicelli,Young & YoungBrown Rice Vermicelli400 g,$2.49ea,,$0.62/ 100g,False
pantry,Primo,Whole Grain Spaghetti,PrimoWhole Grain Spaghetti375 g,$2.39ea,,$0.64/ 100g,False
pantry,Langnese,Acacia Honey,LangneseAcacia Honey375 g,$10.99ea,,$2.93/ 100g,False
pantry,Vita Sana,Soft Wheat Flour,Vita SanaSoft Wheat Flour1 kg,$5.29ea,,$0.53/ 100g,False
pantry,Goya,Pasilla Pepper,GoyaPasilla Pepper85 g,$4.79ea,,$5.64/ 100g,False
pantry,Ferma,Blackeye Peas,FermaBlackeye Peas540 ml,$1.59ea,,$0.29/ 100ml,False
pantry,La Anita,Sauce Chamoy Mild,La AnitaSauce Chamoy Mild1 l,$3.19ea,,$0.32/ 100ml,False
pantry,Tabasco,"Original Red Sauce, Club Pack","TabascoOriginal Red Sauce, Club Pack350 ml",$10.49ea,,$3.00/ 100ml,False
pantry,Goya,Chilli Mulato,GoyaChilli Mulato85 g,$5.99ea,,$7.05/ 100g,False
pantry,Aurora,Green Olives Cerignola,AuroraGreen Olives Cerignola1 l,$7.99ea,,$0.80/ 100ml,False
pantry,Goya,Chilli Pulla,GoyaChilli Pulla85 g,$4.69ea,,$5.52/ 100g,False
pantry,Dabur,Honey,DaburHoney500 g,$11.99ea,,$2.40/ 100g,False
pantry,Predilecta,Creamy Guava Paste,PredilectaCreamy Guava Paste320 g,$3.29ea,,$1.03/ 100g,False
pantry,Chief,Premium Green Seasoning,ChiefPremium Green Seasoning300 ml,$2.79ea,,$0.93/ 100ml,False
pantry,Cool Runnings,Monosodium Glutamate,Cool RunningsMonosodium Glutamate300 g,$4.29ea,,$1.43/ 100g,False
pantry,Ferma,Red Kidney Beans,FermaRed Kidney Beans540 ml,$1.59ea,,$0.29/ 100ml,False
pantry,Clic,"Organic Salad, Bean Mix","ClicOrganic Salad, Bean Mix540 ml",$2.99ea,,$0.55/ 100ml,False
pantry,Reddi Bulk,"Pumpkin Seeds in Shell, Salted","Reddi BulkPumpkin Seeds in Shell, Salted225 g",$6.00ea,,$2.67/ 100g,False
pantry,,Scotti Arborio Rice,Scotti Arborio Rice1 kg,$5.99ea,,$0.60/ 100g,False
pantry,Goya,Mexican Rice Chicken Flavour,GoyaMexican Rice Chicken Flavour198 g,$3.79ea,,$1.91/ 100g,False
pantry,Chief,Garam Massala Hot,ChiefGaram Massala Hot85 g,$1.79ea,,$2.11/ 100g,False
pantry,Santa Catarina, Light Tuna In Spring Water,Santa Catarina Light Tuna In Spring Water120 g,$2.79ea,,$2.33/ 100g,False
pantry,Ferma,"Green Peas, Split","FermaGreen Peas, Split750 g",$2.39ea,,$0.32/ 100g,False
pantry,Ligo,Mackerel      ,LigoMackerel      425 g,$6.79ea,,$1.60/ 100g,False
pantry,PC Organics,Red Kidney Beans,PC OrganicsRed Kidney Beans398 ml,$2.49ea,,$0.63/ 100ml,False
pantry,President's Choice,Hot Red Pepper Jelly,President's ChoiceHot Red Pepper Jelly250 ml,$3.99ea,,$1.60/ 100ml,False
pantry,Rooster,Dried Shiitake Mushrooms,RoosterDried Shiitake Mushrooms200 g,$6.99ea,,$3.50/ 100g,False
pantry,Club House,"Dry Sauce Mix, Turkey Gravy, Less Salt","Club HouseDry Sauce Mix, Turkey Gravy, Less Salt25 g",$1.49ea,,$5.96/ 100g,False
pantry,No Name,Medium Whole Prunes,No NameMedium Whole Prunes750 g,$10.99ea,,$1.47/ 100g,False
pantry,Sunfeast,Yippee! Noodles Magic Masala   ,SunfeastYippee! Noodles Magic Masala   280 g,$2.29ea,,$0.82/ 100g,False
pantry,Reddi Bulk,"Roasted Almonds, Unsalted","Reddi BulkRoasted Almonds, Unsalted350 g",$10.00ea,,$2.86/ 100g,False
pantry,President's Choice,Plant Based Pea Crumbs,President's ChoicePlant Based Pea Crumbs250 g,$2.99ea,,$1.20/ 100g,False
pantry,Quaker,High Protein Triple Berry Flavour Instant Oatmeal,QuakerHigh Protein Triple Berry Flavour Instant Oatmeal228 g,$4.99ea,,$2.19/ 100g,False
pantry,Post,Chips Ahoy,PostChips Ahoy340 g,$3.99ea,,$1.17/ 100g,False
pantry,No Name,Broken Mandarin Orange Segments in Light Syrup,No NameBroken Mandarin Orange Segments in Light Syrup284 ml,$1.29ea,,$0.45/ 100ml,False
pantry,PC Blue Menu,Yellow Split Peas,PC Blue MenuYellow Split Peas900 g,$3.99ea,,$0.44/ 100g,False
pantry,VH,Honey Sriracha Hot,VHHoney Sriracha Hot341 ml,$3.79ea,,$1.11/ 100ml,False
pantry,Mazola,Canola Oil,MazolaCanola Oil2.84 l,$12.99ea,,$0.46/ 100ml,False
pantry,Steeves Maples,Sugar Free Syrup ,Steeves MaplesSugar Free Syrup 250 ml,$2.79ea,,$1.12/ 100ml,False
pantry,Betty Crocker,Creamy Scalloped Potatoes,Betty CrockerCreamy Scalloped Potatoes141 g,$2.79ea,,$1.98/ 100g,False
pantry,Bens,Garden Vegetable Style Rice,BensGarden Vegetable Style Rice132 g,$1.49ea,,$1.13/ 100g,False
pantry,President's Choice,Instant Oatmeal Variety Pack,President's ChoiceInstant Oatmeal Variety Pack380 g,$2.99ea,,$0.79/ 100g,False
pantry,PC Blue Menu,Green Lentils,PC Blue MenuGreen Lentils900 g,$3.99ea,,$0.44/ 100g,False
pantry,Tilda,Pure Original Basmati Rice,TildaPure Original Basmati Rice907 g,$5.99ea,,$0.66/ 100g,False
pantry,Bens,Basmati Coconut Lemongrass & Chili Flavour,BensBasmati Coconut Lemongrass & Chili Flavour240 g,$3.49ea,,$1.45/ 100g,False
pantry,No Name,Clingstone Peach Slices in Light Syrup,No NameClingstone Peach Slices in Light Syrup796 ml,$2.99ea,,$0.38/ 100ml,False
pantry,Maison Orphee,Extra Virgin Olive Oil Delicate,Maison OrpheeExtra Virgin Olive Oil Delicate750 ml,$16.29ea,,$2.17/ 100ml,False
pantry,Coleman,Double Mustard Superfine Powder,ColemanDouble Mustard Superfine Powder113 g,$6.29ea,,$5.57/ 100g,False
pantry,Minute Rice,"Ready To Serve, Basmati Rice","Minute RiceReady To Serve, Basmati Rice250 g",$2.99ea,,$1.20/ 100g,False
pantry,Bicks,Sweet Green Relish,BicksSweet Green Relish375 ml,$2.79ea,,$0.74/ 100ml,False
pantry,Nupak,Romano Beans,NupakRomano Beans900 g,$4.19ea,,$0.47/ 100g,False
pantry,Suraj,"Red Chili Peppers, Lal Mirch","SurajRed Chili Peppers, Lal Mirch100 g",$1.79ea,,$1.79/ 100g,False
pantry,President's Choice,Dijon Mustard,President's ChoiceDijon Mustard250 ml,$2.49ea,,$1.00/ 100ml,False
pantry,No Name,100% Pure Vegetable Oil,No Name100% Pure Vegetable Oil946 ml,$5.49ea,,$0.58/ 100ml,False
pantry,Club House,"Seasoning Mix, Shepherd's Pie","Club HouseSeasoning Mix, Shepherd's Pie47 g",$1.49ea,,$3.17/ 100g,False
pantry,Vlasic,Stackers Kosher Dill Pickles   ,VlasicStackers Kosher Dill Pickles   500 ml,$4.49ea,,$0.90/ 100ml,False
pantry,Dole,Pineapple Tidbits in Pineapple Juice,DolePineapple Tidbits in Pineapple Juice398 ml,$2.29ea,,$0.58/ 100ml,False
pantry,Old Bay,Seasoning,Old BaySeasoning680 g,$15.99ea,,$2.35/ 100g,False
pantry,Brodie,Cake & Pastry Self-Raising Flour,BrodieCake & Pastry Self-Raising Flour2.5 kg,$9.49ea,,$0.38/ 100g,False
pantry,Hershey's,"Chipits Semi-Sweet Minis Chocolate Chips, 270G","Hershey'sChipits Semi-Sweet Minis Chocolate Chips, 270G270 g",$4.39ea,,$1.63/ 100g,False
pantry,Nupak,Yellow Cornmeal,NupakYellow Cornmeal2 kg,$2.99ea,,$0.15/ 100g,False
pantry,No Name,Strawberry Jam with Pectin,No NameStrawberry Jam with Pectin1 l,$6.29ea,,$0.63/ 100ml,False
pantry,No Name,Mild Salsa ,No NameMild Salsa 430 ml,$3.29ea,$3.00ea,$0.70/ 100ml,True
pantry,Suraj,Madras Curry Powder (Mild),SurajMadras Curry Powder (Mild)400 g,$3.29ea,,$0.82/ 100g,False
pantry,Woodman's,Regular Creamed Horseradish,Woodman'sRegular Creamed Horseradish250 ml,$4.49ea,,$1.80/ 100ml,False
pantry,Tilda,Lime & Cilantro Basmati Rice,TildaLime & Cilantro Basmati Rice250 g,$2.99ea,,$1.20/ 100g,False
pantry,The Keg,Steak Seasoning,The KegSteak Seasoning725 g,$9.99ea,,$1.38/ 100g,False
pantry,Suraj,Crispy Fried Onions,SurajCrispy Fried Onions400 g,$4.29ea,,$1.07/ 100g,False
pantry,President's Choice,Jasmine Rice ,President's ChoiceJasmine Rice 250 g,$3.49ea,,$1.40/ 100g,False
pantry,Suraj,Coriander Seed ,SurajCoriander Seed 100 g,$1.49ea,,$1.49/ 100g,False
pantry,Cucina Antica,"Pasta Sauce, Tomato Basil","Cucina AnticaPasta Sauce, Tomato Basil670 ml",$9.99ea,,$1.49/ 100ml,False
pantry,General Mills,Nesquik Cereal Jumbo,General MillsNesquik Cereal Jumbo900 g,$9.99ea,,$1.11/ 100g,False
pantry,Kelloggs,Chocolate Almond Special Edition Cereal,KelloggsChocolate Almond Special Edition Cereal377 g,$5.99ea,,$1.59/ 100g,False
pantry,Kelloggs,Mini Wheat Frosted Cereal,KelloggsMini Wheat Frosted Cereal650 g,$6.99ea,,$1.08/ 100g,False
pantry,Swiss Chalet,Homestyle Gravy Mix Hot Chicken Sandwich,Swiss ChaletHomestyle Gravy Mix Hot Chicken Sandwich51 g,$2.19ea,,$4.29/ 100g,False
pantry,No Name,Semi-Sweet Chocolate Chips,No NameSemi-Sweet Chocolate Chips300 g,$3.49ea,,$1.16/ 100g,False
pantry,Arm & Hammer,Fridge-N-Freezer Baking Soda,Arm & HammerFridge-N-Freezer Baking Soda500 g,$1.79ea,,$0.36/ 100g,False
pantry,Club House,"Slow Cooker Mix, Beef Stew","Club HouseSlow Cooker Mix, Beef Stew42 g",$1.49ea,,$3.55/ 100g,False
pantry,Bonne Maman,Raspberry Jam,Bonne MamanRaspberry Jam250 ml,$5.99ea,,$2.40/ 100ml,False
pantry,Rooster,100% Pure Corn Oil,Rooster100% Pure Corn Oil2.84 l,$16.99ea,,$0.60/ 100ml,False
pantry,Suraj,Peas Whole Green,SurajPeas Whole Green1.8 kg,$5.99ea,,$0.33/ 100g,False
pantry,No Name,Pure Tomato Paste,No NamePure Tomato Paste369 ml,$1.25ea,,$0.34/ 100ml,False
pantry,Knorr,Sidekicks Butter & Herb Rice & Vermicelli Side Dis,KnorrSidekicks Butter & Herb Rice & Vermicelli Side Dis153 g,$2.49ea,,$1.63/ 100g,False
pantry,Bush's Best,Baked Beans - Molasses with Pork,Bush's BestBaked Beans - Molasses with Pork398 ml,$1.99ea,,$0.50/ 100ml,False
pantry,Royal Nuts,"Dry Roasted Cashews, Unsalted","Royal NutsDry Roasted Cashews, Unsalted350 g",$12.00ea,,$3.43/ 100g,False
pantry,Basse,Bassé Ultimate Bar Mix,BasseBassé Ultimate Bar Mix550 g,$6.00ea,,$1.09/ 100g,False
pantry,Smuckers,Pure Strawberry Jam,SmuckersPure Strawberry Jam500 ml,$4.49ea,,$0.90/ 100ml,False
pantry,Royal Nuts,Dry Roasted Almonds,Royal NutsDry Roasted Almonds325 g,$10.00ea,,$3.08/ 100g,False
pantry,Bens,Roasted Olive Oil,BensRoasted Olive Oil365 g,$4.79ea,,$1.31/ 100g,False
pantry,President's Choice,Moroccan Tajine Cooking Sauce,President's ChoiceMoroccan Tajine Cooking Sauce400 ml,$4.99ea,,$1.25/ 100ml,False
pantry,Blue Dragon,Pad Thai Cooking Kit 3 Step,Blue DragonPad Thai Cooking Kit 3 Step220 g,$5.29ea,,$2.40/ 100g,False
pantry,Unico,"Pizza Sauce, Hot & Spicy","UnicoPizza Sauce, Hot & Spicy213 ml",$1.29ea,,$0.61/ 100ml,False
pantry,Lipton,"Classic Beef Vegetable Dry Soup Mix, No Artificial Flavours","LiptonClassic Beef Vegetable Dry Soup Mix, No Artificial Flavours94 g",$2.89ea,,$3.07/ 100g,False
pantry,PC Blue Menu,Pearl Barley,PC Blue MenuPearl Barley450 g,$2.49ea,,$0.55/ 100g,False
pantry,Heinz,Tomato Ketchup,HeinzTomato Ketchup1.5 l,$6.99ea,,$0.47/ 100ml,False
pantry,PC Blue Menu,Low Sodium Ketchup Style Sauce,PC Blue MenuLow Sodium Ketchup Style Sauce750 ml,$4.99ea,,$0.67/ 100ml,False
pantry,Shreddies,Family Size Honey,ShreddiesFamily Size Honey710 g,$5.79ea,,$0.82/ 100g,False
pantry,PC Blue Menu,Dark Red Kidney Beans,PC Blue MenuDark Red Kidney Beans540 ml,$1.69ea,,$0.31/ 100ml,False
pantry,Unico,"Manzanilla Olives, Stuffed","UnicoManzanilla Olives, Stuffed375 ml",$2.79ea,,$0.74/ 100ml,False
pantry,Kraft,"Smooth Peanut Butter, Light","KraftSmooth Peanut Butter, Light2 kg",$11.49ea,,$0.57/ 100g,False
pantry,President's Choice,The Decadent Semi-Sweet Chocolate Chips,President's ChoiceThe Decadent Semi-Sweet Chocolate Chips1.8 kg,$14.49ea,,$0.81/ 100g,False
pantry,ED Smith,"Pie Filling, Blueberry","ED SmithPie Filling, Blueberry540 ml",$5.99ea,,$1.11/ 100ml,False
pantry,Maggi,Seasoning (Red Cap),MaggiSeasoning (Red Cap)200 ml,$4.29ea,,$2.15/ 100ml,False
pantry,Quaker,Peaches & Cream Flavour Instant Oatmeal,QuakerPeaches & Cream Flavour Instant Oatmeal264 g,$4.99ea,$3.99ea,$1.51/ 100g,True
pantry,President's Choice,Mild Seafood Sauce,President's ChoiceMild Seafood Sauce250 ml,$2.00ea,,$0.80/ 100ml,False
pantry,Dole,Sliced Peaches In Water,DoleSliced Peaches In Water540 ml,$4.49ea,,$0.83/ 100ml,False
pantry,No Name,Original syrup,No NameOriginal syrup750 ml,$2.29ea,,$0.31/ 100ml,False
pantry,Grace,Virgin Coconut Oil,GraceVirgin Coconut Oil500 ml,$8.49ea,,$1.70/ 100ml,False
pantry,No Name,Pickles Garlic,No NamePickles Garlic1 l,$3.29ea,,$0.33/ 100ml,False
pantry,Minute Rice,Whole Grain Brown Rice,Minute RiceWhole Grain Brown Rice600 g,$5.29ea,,$0.88/ 100g,False
pantry,Mr Noodles,"Instant Noodles, Beef","Mr NoodlesInstant Noodles, Beef12x85.0 g",$5.49ea,,$0.54/ 100g,False
pantry,Pace,Medium Chunky Salsa,PaceMedium Chunky Salsa428 ml,$5.49ea,,$1.28/ 100ml,False
pantry,President's Choice,Dulce de leche,President's ChoiceDulce de leche450 g,$3.49ea,,$0.78/ 100g,False
pantry,President's Choice,Couscous,President's ChoiceCouscous1.8 kg,$6.99ea,,$0.39/ 100g,False
pantry,PC Blue Menu,Lentils And Quinoa Blend Whole Grain Brown Rice,PC Blue MenuLentils And Quinoa Blend Whole Grain Brown Rice250 g,$2.99ea,,$1.20/ 100g,False
pantry,President's Choice,Teriyaki Marinade,President's ChoiceTeriyaki Marinade375 ml,$4.49ea,,$1.20/ 100ml,False
pantry,Bicks,Sweet Corn Relish,BicksSweet Corn Relish375 ml,$3.49ea,,$0.93/ 100ml,False
pantry,No Name,Crispy Rice Marshmallow Squares,No NameCrispy Rice Marshmallow Squares528 g,$5.99ea,,$1.13/ 100g,False
pantry,No Name,Basmati Rice,No NameBasmati Rice3.63 kg,$10.99ea,,$0.30/ 100g,False
pantry,Betty Crocker,Hamburger Helper Lasagne,Betty CrockerHamburger Helper Lasagne220 g,$2.79ea,,$1.27/ 100g,False
pantry,PC Blue Menu,Whole Grain Blend With Quinoa & Barley,PC Blue MenuWhole Grain Blend With Quinoa & Barley250 g,$2.99ea,,$1.20/ 100g,False
pantry,Kelloggs,Special K Vanilla Almond Family Size Cereal,KelloggsSpecial K Vanilla Almond Family Size Cereal570 g,$6.99ea,,$1.23/ 100g,False
pantry,No Name,100% Canadian Pure Liquid Honey,No Name100% Canadian Pure Liquid Honey375 g,$5.00ea,,$1.33/ 100g,False
pantry,Suraj,Crushed Chillies,SurajCrushed Chillies200 g,$2.29ea,,$1.15/ 100g,False
pantry,BeeMaid,Raw Honey     ,BeeMaidRaw Honey     500 g,$10.49ea,,$2.10/ 100g,False
pantry,Kelloggs,Poptarts Frosted Blueberry Flavour Family Size Mini Pastries,KelloggsPoptarts Frosted Blueberry Flavour Family Size Mini Pastries400 g,$6.49ea,,$1.62/ 100g,False
pantry,Heinz,Chili Sauce,HeinzChili Sauce455 ml,$6.49ea,,$1.43/ 100ml,False
pantry,No Name,Diced White Potatoes,No NameDiced White Potatoes540 ml,$1.29ea,,$0.24/ 100ml,False
pantry,Pataks,Light Butter Chicken Cooking Sauce,PataksLight Butter Chicken Cooking Sauce400 ml,$4.99ea,,$1.25/ 100ml,False
pantry,No Name,Slivered Almonds ,No NameSlivered Almonds 100 g,$3.49ea,,$3.49/ 100g,False
pantry,No Name,Miniature Cobs of Corn,No NameMiniature Cobs of Corn398 ml,$1.79ea,,$0.45/ 100ml,False
pantry,Bull's-Eye,Chicken & Rib Renegade BBQ Sauce,Bull's-EyeChicken & Rib Renegade BBQ Sauce425 ml,$2.99ea,,$0.70/ 100ml,False
pantry,Golden Temple,Flour,Golden TempleFlour9 kg,$21.99ea,,$0.24/ 100g,False
pantry,Fleischmanns,Pizza Yeast,FleischmannsPizza Yeast113 g,$4.99ea,,$4.42/ 100g,False
pantry,Weber,Roasted Garlic & Herb Seasoning,WeberRoasted Garlic & Herb Seasoning156 g,$6.99ea,,$4.48/ 100g,False
pantry,Club House,"Dry Sauce Mix, Chicken Gravy, Gluten-Free","Club HouseDry Sauce Mix, Chicken Gravy, Gluten-Free25 g",$1.49ea,,$5.96/ 100g,False
pantry,Kelloggs,Corn Flakes Family Size,KelloggsCorn Flakes Family Size600 g,$6.99ea,,$1.17/ 100g,False
pantry,Ocean Spray,Craisins Sweetened Dried Cranberries ,Ocean SprayCraisins Sweetened Dried Cranberries 1.36 kg,$11.99ea,,$0.88/ 100g,False
pantry,No Name,Honey Graham Crumbs,No NameHoney Graham Crumbs400 g,$3.29ea,,$0.82/ 100g,False
pantry,VH,Pineapple Jerk Medium,VHPineapple Jerk Medium341 ml,$3.79ea,,$1.11/ 100ml,False
pantry,President's Choice,Steak Spice Marinade,President's ChoiceSteak Spice Marinade375 ml,$4.49ea,,$1.20/ 100ml,False
pantry,No Name,Strawberry Jelly Powder,No NameStrawberry Jelly Powder85 g,$0.79ea,,$0.93/ 100g,False
pantry,President's Choice,The Decadent Chocolate Chip Cookie Mix,President's ChoiceThe Decadent Chocolate Chip Cookie Mix900 g,$4.49ea,,$0.50/ 100g,False
pantry,President's Choice,Tomatoes First Tomato Sauce With Basil,President's ChoiceTomatoes First Tomato Sauce With Basil680 ml,$2.00ea,,$0.29/ 100ml,False
pantry,No Name,Light Mayonnaise Type Dressing,No NameLight Mayonnaise Type Dressing890 ml,$4.29ea,,$0.48/ 100ml,False
pantry,Christie,Oreo Baking Crumbs,ChristieOreo Baking Crumbs400 g,$4.99ea,,$1.25/ 100g,False
pantry,Joy's Kitchen,Pepper Powder Jamaican Scotch Bonnet Hot,Joy's KitchenPepper Powder Jamaican Scotch Bonnet Hot41 g,$4.99ea,,$12.17/ 100g,False
pantry,Betty Crocker,Chocolate Chip Muffin Mix,Betty CrockerChocolate Chip Muffin Mix184 g,$2.29ea,,$1.24/ 100g,False
pantry,Bertolli,Rich Taste-Organic Extra Virgin Olive Oil,BertolliRich Taste-Organic Extra Virgin Olive Oil750 ml,$10.99ea,,$1.47/ 100ml,False
pantry,Pataks,Butter Chickpeas Ready to Eat,PataksButter Chickpeas Ready to Eat285 ml,$4.49ea,,,False
pantry,President's Choice,Pure Concord Grape Jelly,President's ChoicePure Concord Grape Jelly500 ml,$4.69ea,,$0.94/ 100ml,False
pantry,No Name,Pure White Vinegar,No NamePure White Vinegar1 l,$1.49ea,,$0.15/ 100ml,False
pantry,PC Organics,Organics Passata,PC OrganicsOrganics Passata660 ml,$3.79ea,,$0.57/ 100ml,False
pantry,Kikkoman,Less Sodium Soy Sauce,KikkomanLess Sodium Soy Sauce295 ml,$5.49ea,,$1.85/ 100ml,False
pantry,No Name,White Kidney Beans,No NameWhite Kidney Beans540 ml,$1.19ea,,$0.22/ 100ml,False
pantry,Minute Rice,Ready To Serve Oriental Style Rice,Minute RiceReady To Serve Oriental Style Rice250 g,$2.99ea,,$1.20/ 100g,False
pantry,President's Choice,Plum Sauce,President's ChoicePlum Sauce350 ml,$2.99ea,,$0.85/ 100ml,False
pantry,Primo,"Pasta Sauce, Thick & Zesty Tomato Basil","PrimoPasta Sauce, Thick & Zesty Tomato Basil680 ml",$3.29ea,,$0.48/ 100ml,False
pantry,VH,Simmering Sauce - Butter Chicken,VHSimmering Sauce - Butter Chicken341 ml,$3.79ea,,$1.11/ 100ml,False
pantry,Dr Oetker,"Shirriff Filling & Dessert Mix, Light Lemon Pie","Dr OetkerShirriff Filling & Dessert Mix, Light Lemon Pie106 g",$2.79ea,,$2.63/ 100g,False
pantry,Unico,Premium Diced Tomatoes,UnicoPremium Diced Tomatoes796 ml,$2.29ea,,$0.29/ 100ml,False
pantry,President's Choice,Plant Based Vegetable and Bean Chili,President's ChoicePlant Based Vegetable and Bean Chili400 g,$3.79ea,,$0.95/ 100g,False
pantry,Bull's-Eye,Guinness Beer Blend BBQ Sauce,Bull's-EyeGuinness Beer Blend BBQ Sauce425 ml,$2.99ea,,$0.70/ 100ml,False
pantry,Mcilhenny Co.,Tabasco Hot Sauce,Mcilhenny Co.Tabasco Hot Sauce57 ml,$3.00ea,,$5.26/ 100ml,False
pantry,Colavita,Extra Virgin Olive Oil,ColavitaExtra Virgin Olive Oil1 l,$19.99ea,,$2.00/ 100ml,False
pantry,President's Choice,1 Leaf Balsamic Vinegar of Modena,President's Choice1 Leaf Balsamic Vinegar of Modena500 ml,$3.99ea,,$0.80/ 100ml,False
pantry,PC Blue Menu,Lentils And Quinoa Blend Whole Grain Brown Rice,PC Blue MenuLentils And Quinoa Blend Whole Grain Brown Rice250 g,$2.99ea,,$1.20/ 100g,False
pantry,President's Choice,Teriyaki Marinade,President's ChoiceTeriyaki Marinade375 ml,$4.49ea,,$1.20/ 100ml,False
pantry,Royal Nuts,"Dry Roasted Cashews, Unsalted","Royal NutsDry Roasted Cashews, Unsalted350 g",$12.00ea,,$3.43/ 100g,False
pantry,Basse,Bassé Ultimate Bar Mix,BasseBassé Ultimate Bar Mix550 g,$6.00ea,,$1.09/ 100g,False
pantry,Smuckers,Pure Strawberry Jam,SmuckersPure Strawberry Jam500 ml,$4.49ea,,$0.90/ 100ml,False
pantry,Royal Nuts,Dry Roasted Almonds,Royal NutsDry Roasted Almonds325 g,$10.00ea,,$3.08/ 100g,False
pantry,Bens,Roasted Olive Oil,BensRoasted Olive Oil365 g,$4.79ea,,$1.31/ 100g,False
pantry,Heinz,Deep-Browned Beans with Tomato Sauce,HeinzDeep-Browned Beans with Tomato Sauce398 ml,$1.79ea,,$0.45/ 100ml,False
pantry,No Name,Baking Powder,No NameBaking Powder450 g,$4.00ea,,$0.89/ 100g,False
pantry,President's Choice,Cacciatore Cooking Sauce,President's ChoiceCacciatore Cooking Sauce400 ml,$4.99ea,,$1.25/ 100ml,False
pantry,Basse,Bassé Earth Mix,BasseBassé Earth Mix445 g,$6.00ea,,$1.35/ 100g,False
pantry,President's Choice,Pad Thaï Cooking Sauce,President's ChoicePad Thaï Cooking Sauce400 ml,$3.99ea,,$1.00/ 100ml,False
pantry,President's Choice,World of Flavours Thai Chicken Soup,President's ChoiceWorld of Flavours Thai Chicken Soup540 ml,$3.29ea,,$0.61/ 100ml,False
pantry,Reddi Bulk,"Peanuts, Inshell, Roasted, Not Salted","Reddi BulkPeanuts, Inshell, Roasted, Not Salted100 g",$1.19ea,,$1.19/ 100g,False
pantry,Suraj,Whole Mung Beans,SurajWhole Mung Beans907 g,$3.49ea,,$0.38/ 100g,False
pantry,Suraj,Mixed Beans,SurajMixed Beans540 ml,$1.49ea,,$0.28/ 100ml,False
pantry,Club House,"Dry Sauce Mix, Chicken Gravy","Club HouseDry Sauce Mix, Chicken Gravy25 g",$1.49ea,,$5.96/ 100g,False
pantry,No Name,Crunchy Peanut Butter,No NameCrunchy Peanut Butter1 kg,$3.79ea,,$0.38/ 100g,False
pantry,Bicks,50% Less Salt Garlic Dill Pickles,Bicks50% Less Salt Garlic Dill Pickles1 l,$5.29ea,,$0.53/ 100ml,False
pantry,Cool Runnings,Caribbean Spice & Roasted Garlic,Cool RunningsCaribbean Spice & Roasted Garlic800 g,$4.29ea,,$0.54/ 100g,False
pantry,No Name,Light Ranch Dressing,No NameLight Ranch Dressing475 ml,$2.29ea,,$0.48/ 100ml,False
pantry,Maille,Dijon Originale Mustard,MailleDijon Originale Mustard500 ml,$6.49ea,,$1.30/ 100ml,False
pantry,Nature Valley,Protein Granola Oats 'N Honey,Nature ValleyProtein Granola Oats 'N Honey310 g,$4.99ea,,$1.61/ 100g,False
pantry,Dainty,Time Wise Brown Parboiled Rice,DaintyTime Wise Brown Parboiled Rice900 g,$4.39ea,,$0.49/ 100g,False
pantry,President's Choice,Honey Mustard,President's ChoiceHoney Mustard325 ml,$2.29ea,$2.00ea,$0.62/ 100ml,True
pantry,Italpasta,Tradizionale Capellini Macaroni Products,ItalpastaTradizionale Capellini Macaroni Products750 g,$2.79ea,,$0.37/ 100g,False
pantry,Heinz,Tomato Ketchup No Sugar Added,HeinzTomato Ketchup No Sugar Added750 ml,$5.29ea,,$0.71/ 100ml,False
pantry,No Name,Sweetened Apple Sauce,No NameSweetened Apple Sauce620 ml,$2.00ea,,$0.32/ 100ml,False
pantry,President's Choice,Red Wine Vinegar,President's ChoiceRed Wine Vinegar500 ml,$4.49ea,,$0.90/ 100ml,False
pantry,Heinz,Condiment Pack,HeinzCondiment Pack375 ml,$5.99ea,,$0.53/ 100ml,False
pantry,No Name,Smooth Peanut Butter,No NameSmooth Peanut Butter500 g,$3.49ea,,$0.70/ 100g,False
pantry,No Name,Long Grain Brown Rice,No NameLong Grain Brown Rice2 kg,$4.49ea,,$0.22/ 100g,False
pantry,Rice-A-Roni,Chicken Flavour Rice & Vermicelli Mix with Chicken Broth & Herbs,Rice-A-RoniChicken Flavour Rice & Vermicelli Mix with Chicken Broth & Herbs227 g,$1.89ea,,$0.83/ 100g,False
pantry,Club House,"Dry Sauce Mix, Homestyle Gravy","Club HouseDry Sauce Mix, Homestyle Gravy38 g",$1.49ea,,$3.92/ 100g,False
pantry,Reddi Bulk,Raw Sunflower Seeds,Reddi BulkRaw Sunflower Seeds400 g,$4.00ea,,$1.00/ 100g,False
pantry,Rooster,Thai Sweet Rice,RoosterThai Sweet Rice2 kg,$5.49ea,,$0.27/ 100g,False
pantry,Club House,"Dry Sauce Mix, Yorkshire Pudding","Club HouseDry Sauce Mix, Yorkshire Pudding45 g",$1.49ea,,$3.31/ 100g,False
pantry,President's Choice,Pure Sesame Oil,President's ChoicePure Sesame Oil185 ml,$3.79ea,,$2.05/ 100ml,False
pantry,Franks,"Hot Sauce, Original Cayenne Pepper","FranksHot Sauce, Original Cayenne Pepper354 ml",$4.79ea,,$1.35/ 100ml,False
pantry,Suraj,Ground Coriander ,SurajGround Coriander 100 g,$1.29ea,,$1.29/ 100g,False
pantry,Del Monte,Fruit Salad in Juice    ,Del MonteFruit Salad in Juice    796 ml,$4.29ea,,$0.54/ 100ml,False
pantry,PC Blue Menu,Red Split Lentils ,PC Blue MenuRed Split Lentils 900 g,$3.99ea,,$0.44/ 100g,False
pantry,Shan,Arabic Seasoning Mix Kabsa Rice,ShanArabic Seasoning Mix Kabsa Rice60 g,$2.29ea,,$3.82/ 100g,False
pantry,No Name, Raspberry Jam with Pectin,No Name Raspberry Jam with Pectin1 l,$6.29ea,,$0.63/ 100ml,False
pantry,Unico,"Kalamata Olives, Sliced","UnicoKalamata Olives, Sliced375 ml",$3.49ea,,$0.93/ 100ml,False
pantry,Amira,"Sesame Stick, Regular","AmiraSesame Stick, Regular300 g",$3.29ea,,$1.10/ 100g,False
pantry,PC Blue Menu,Twice The Fruit Strawberry Spread,PC Blue MenuTwice The Fruit Strawberry Spread500 ml,$4.99ea,,$1.00/ 100ml,False
pantry,Kraft,Coleslaw Dressing,KraftColeslaw Dressing475 ml,$3.79ea,,$0.80/ 100ml,False
pantry,Club House,"La Grille, Smouldering Smoked Applewood Seasoning","Club HouseLa Grille, Smouldering Smoked Applewood Seasoning168 g",$5.99ea,,$3.57/ 100g,False
pantry,Heinz,Mayoracha Sauce,HeinzMayoracha Sauce490 ml,$5.49ea,,$1.12/ 100ml,False
pantry,Heinz,Condiment Pack,HeinzCondiment Pack375 ml,$5.99ea,,$0.53/ 100ml,False
pantry,No Name,Smooth Peanut Butter,No NameSmooth Peanut Butter500 g,$3.49ea,,$0.70/ 100g,False
pantry,No Name,Long Grain Brown Rice,No NameLong Grain Brown Rice2 kg,$4.49ea,,$0.22/ 100g,False
pantry,Rice-A-Roni,Chicken Flavour Rice & Vermicelli Mix with Chicken Broth & Herbs,Rice-A-RoniChicken Flavour Rice & Vermicelli Mix with Chicken Broth & Herbs227 g,$1.89ea,,$0.83/ 100g,False
pantry,Club House,"Dry Sauce Mix, Homestyle Gravy","Club HouseDry Sauce Mix, Homestyle Gravy38 g",$1.49ea,,$3.92/ 100g,False
pantry,Reddi Bulk,Raw Sunflower Seeds,Reddi BulkRaw Sunflower Seeds400 g,$4.00ea,,$1.00/ 100g,False
pantry,Rooster,Thai Sweet Rice,RoosterThai Sweet Rice2 kg,$5.49ea,,$0.27/ 100g,False
pantry,Club House,"Dry Sauce Mix, Yorkshire Pudding","Club HouseDry Sauce Mix, Yorkshire Pudding45 g",$1.49ea,,$3.31/ 100g,False
pantry,President's Choice,Pure Sesame Oil,President's ChoicePure Sesame Oil185 ml,$3.79ea,,$2.05/ 100ml,False
pantry,Franks,"Hot Sauce, Original Cayenne Pepper","FranksHot Sauce, Original Cayenne Pepper354 ml",$4.79ea,,$1.35/ 100ml,False
pantry,Suraj,Ground Coriander ,SurajGround Coriander 100 g,$1.29ea,,$1.29/ 100g,False
pantry,Del Monte,Fruit Salad in Juice    ,Del MonteFruit Salad in Juice    796 ml,$4.29ea,,$0.54/ 100ml,False
pantry,PC Blue Menu,Red Split Lentils ,PC Blue MenuRed Split Lentils 900 g,$3.99ea,,$0.44/ 100g,False
pantry,Shan,Arabic Seasoning Mix Kabsa Rice,ShanArabic Seasoning Mix Kabsa Rice60 g,$2.29ea,,$3.82/ 100g,False
pantry,No Name, Raspberry Jam with Pectin,No Name Raspberry Jam with Pectin1 l,$6.29ea,,$0.63/ 100ml,False
pantry,Unico,"Kalamata Olives, Sliced","UnicoKalamata Olives, Sliced375 ml",$3.49ea,,$0.93/ 100ml,False
pantry,Amira,"Sesame Stick, Regular","AmiraSesame Stick, Regular300 g",$3.29ea,,$1.10/ 100g,False
pantry,PC Blue Menu,Twice The Fruit Strawberry Spread,PC Blue MenuTwice The Fruit Strawberry Spread500 ml,$4.99ea,,$1.00/ 100ml,False
pantry,Kraft,Coleslaw Dressing,KraftColeslaw Dressing475 ml,$3.79ea,,$0.80/ 100ml,False
pantry,Club House,"La Grille, Smouldering Smoked Applewood Seasoning","Club HouseLa Grille, Smouldering Smoked Applewood Seasoning168 g",$5.99ea,,$3.57/ 100g,False
pantry,Heinz,Mayoracha Sauce,HeinzMayoracha Sauce490 ml,$5.49ea,,$1.12/ 100ml,False
pantry,No Name,"Sweetened Shredded Coconut, Club Size","No NameSweetened Shredded Coconut, Club Size1 kg",$8.29ea,,$0.83/ 100g,False
pantry,The Extreme Bean,Garlic Dills,The Extreme BeanGarlic Dills500 ml,$5.79ea,,$1.16/ 100ml,False
pantry,PC Splendido,Sliced Sun-Dried Tomatoes In Seasoned Oil,PC SplendidoSliced Sun-Dried Tomatoes In Seasoned Oil270 ml,$4.79ea,,$1.77/ 100ml,False
pantry,Primo,"Pasta Sauce, Thick & Zesty Garlic & Herb","PrimoPasta Sauce, Thick & Zesty Garlic & Herb680 ml",$3.29ea,,$0.48/ 100ml,False
pantry,Lee Kum Kee,Soy Sauce,Lee Kum KeeSoy Sauce500 ml,$2.59ea,,$0.52/ 100ml,False
pantry,Suraj,Whole Mung Beans,SurajWhole Mung Beans1.8 kg,$5.99ea,,$0.33/ 100g,False
pantry,PC Blue Menu,Chickpeas,PC Blue MenuChickpeas900 g,$3.99ea,,$0.44/ 100g,False
pantry,The Keg,Chicken & Ribs Seasoning,The KegChicken & Ribs Seasoning750 g,$9.99ea,,$1.33/ 100g,False
pantry,President's Choice,Maple and Brown Sugar Flavour Instant Oatmeal,President's ChoiceMaple and Brown Sugar Flavour Instant Oatmeal430 g,$2.99ea,,$0.70/ 100g,False
pantry,Bicks,50% Less Salt Garlic Baby Dill Pickles,Bicks50% Less Salt Garlic Baby Dill Pickles1 l,$5.29ea,,$0.53/ 100ml,False
pantry,Suraj,"Carom Seeds, Ajwain","SurajCarom Seeds, Ajwain100 g",$1.69ea,,$1.69/ 100g,False
pantry,Adams,100% Natural Creamy Peanut Butter,Adams100% Natural Creamy Peanut Butter1 kg,$9.29ea,,$0.93/ 100g,False
pantry,Jif,Dark Roast Creamy Peanut Butter Spread ,JifDark Roast Creamy Peanut Butter Spread 1 kg,$5.49ea,,$0.55/ 100g,False
pantry,Suraj,Fennel Seed ,SurajFennel Seed 250 g,$2.99ea,,$1.20/ 100g,False
pantry,Derlea,Turmeric Pure,DerleaTurmeric Pure120 g,$2.89ea,,$2.41/ 100g,False
pantry,President's Choice,Creamy Horseradish Sauce,President's ChoiceCreamy Horseradish Sauce250 ml,$4.49ea,,$1.80/ 100ml,False
pantry,Windsor,Grinder Refill Sea Salt Extra Coarse,WindsorGrinder Refill Sea Salt Extra Coarse255 g,$4.79ea,,$1.88/ 100g,False
pantry,Neal Brothers Foods,Roasted Garlic Pasta Sauce,Neal Brothers FoodsRoasted Garlic Pasta Sauce680 ml,$8.49ea,,$1.25/ 100ml,False
pantry,PC Splendido,3 Leaf Balsamic Vinegar of Modena,PC Splendido3 Leaf Balsamic Vinegar of Modena500 ml,$5.49ea,,$1.10/ 100ml,False
pantry,Robin Hood,100% Whole Grains Quick Oats,Robin Hood100% Whole Grains Quick Oats1 kg,$4.49ea,,$0.45/ 100g,False
pantry,PC Black Label,Soft Wheat Pizza Flour,PC Black LabelSoft Wheat Pizza Flour1 kg,$4.99ea,,$0.50/ 100g,False
pantry,PC Blue Menu,Protein & Chocolate Granola Boost Cereal,PC Blue MenuProtein & Chocolate Granola Boost Cereal325 g,$3.79ea,,$1.17/ 100g,False
pantry,Kraft,Macaroni & Cheese Alphabet Shapes,KraftMacaroni & Cheese Alphabet Shapes156 g,$2.29ea,,$1.47/ 100g,False
pantry,Minute Rice,"Ready To Serve, Long Grain & Wild Rice Chicken","Minute RiceReady To Serve, Long Grain & Wild Rice Chicken250 g",$2.99ea,,$1.20/ 100g,False
pantry,Bicks,Squeeze Sweet Green Relish,BicksSqueeze Sweet Green Relish500 ml,$4.29ea,,$0.86/ 100ml,False
pantry,Unico,Vegetable Oil     ,UnicoVegetable Oil     3 l,$12.99ea,,$0.43/ 100ml,False
pantry,Tilda,Rice Basmati,TildaRice Basmati4.54 kg,$18.99ea,,$0.42/ 100g,False
pantry,PC Blue Menu,Diced Tomatoes,PC Blue MenuDiced Tomatoes796 ml,$1.89ea,,$0.24/ 100ml,False
pantry,McCormicks,"International Roast Gravy Sauce Mix, 25% Less Salt","McCormicksInternational Roast Gravy Sauce Mix, 25% Less Salt32 g",$2.29ea,,$7.16/ 100g,False
pantry,Hunt's,"Tomato Sauce, No Salt","Hunt'sTomato Sauce, No Salt398 ml",$2.29ea,,$0.58/ 100ml,False
pantry,No Name,100% Pure Corn Starch,No Name100% Pure Corn Starch454 g,$2.49ea,,$0.55/ 100g,False
pantry,Bonne Maman,Strawberry Jam,Bonne MamanStrawberry Jam250 ml,$5.99ea,,$2.40/ 100ml,False
pantry,President's Choice,Not-So-Secret Spread And Dip,President's ChoiceNot-So-Secret Spread And Dip300 ml,$4.49ea,,$1.50/ 100ml,False
pantry,Kraft,Poppy Seed Calorie Wise Salad Dressing,KraftPoppy Seed Calorie Wise Salad Dressing475 ml,$3.79ea,,$0.80/ 100ml,False
pantry,No Name,Dried Apricots ,No NameDried Apricots 500 g,$7.99ea,,$1.60/ 100g,False
pantry,No Name,Corn Syrup,No NameCorn Syrup1 l,$4.00ea,,$0.40/ 100ml,False
pantry,No Name,100% Canadian Pure Creamed Honey,No Name100% Canadian Pure Creamed Honey500 g,$6.49ea,,$1.30/ 100g,False
pantry,Kelloggs,Apple Jacks Cereal,KelloggsApple Jacks Cereal345 g,$4.79ea,,$1.39/ 100g,False
pantry,President's Choice,Unsalted Dry Roasted California Almonds,President's ChoiceUnsalted Dry Roasted California Almonds375 g,$7.99ea,,$2.13/ 100g,False
pantry,Jif,Creamy Peanut Butter,JifCreamy Peanut Butter1 kg,$5.49ea,,$0.55/ 100g,False
pantry,President's Choice,Chocolate Hazelnut Spread,President's ChoiceChocolate Hazelnut Spread725 g,$6.49ea,,$0.90/ 100g,False
pantry,President's Choice,Long Grain Instant Rice,President's ChoiceLong Grain Instant Rice700 g,$5.29ea,,$0.76/ 100g,False
pantry,Suraj,Moong Dal Washed,SurajMoong Dal Washed907 g,$3.49ea,,$0.38/ 100g,False
pantry,Nakano,"Rice Vinegar, Natural","NakanoRice Vinegar, Natural355 ml",$4.99ea,,$1.41/ 100ml,False
pantry,Suraj,Black Matpe ,SurajBlack Matpe 1.8 kg,$5.99ea,,$0.33/ 100g,False
pantry,Suraj,Red Split Lentils,SurajRed Split Lentils907 g,$3.49ea,,$0.38/ 100g,False
pantry,Rooster,Dried Flower Mushrooms,RoosterDried Flower Mushrooms400 g,$12.99ea,,$3.25/ 100g,False
pantry,PC Blue Menu,Cereal Maple Muesli,PC Blue MenuCereal Maple Muesli450 g,$3.99ea,,$0.89/ 100g,False
pantry,Suwong,"Stir-Fry Mix, Oriental","SuwongStir-Fry Mix, Oriental28 g",$1.99ea,,$7.11/ 100g,False
pantry,Grace,Ackees In Salt Water,GraceAckees In Salt Water540 ml,$8.99ea,,$1.66/ 100ml,False
pantry,No Name,Sweetened Shredded Coconut,No NameSweetened Shredded Coconut200 g,$2.00ea,,$1.00/ 100g,False
pantry,President's Choice,Chipotle & Cheddar Flavoured Tortilla Strips,President's ChoiceChipotle & Cheddar Flavoured Tortilla Strips99 g,$2.99ea,,$3.02/ 100g,False
pantry,Suraj,Black Cardamom Seeds,SurajBlack Cardamom Seeds50 g,$3.29ea,,$6.58/ 100g,False
pantry,No Name,Whole Tomatoes,No NameWhole Tomatoes796 ml,$1.49ea,,$0.19/ 100ml,False
pantry,Schneider,Oktoberfest Original Mustard,SchneiderOktoberfest Original Mustard250 ml,$4.69ea,,$1.88/ 100ml,False
pantry,No Name,Pine Nuts,No NamePine Nuts100 g,$7.29ea,,$7.29/ 100g,False
pantry,PC Blue Menu,"Peas, Small","PC Blue MenuPeas, Small398 ml",$1.69ea,,$0.42/ 100ml,False
pantry,Grace,Bag N' Cook Dry Rub Seasoning With Oven Bag Hot Jamaican Jerk,GraceBag N' Cook Dry Rub Seasoning With Oven Bag Hot Jamaican Jerk35 g,$2.99ea,,$8.54/ 100g,False
pantry,Wilton,"Candy Melts, Bright White","WiltonCandy Melts, Bright White340 g",$3.49ea,,$1.03/ 100g,False
pantry,President's Choice,The Decadent Milk Chocolate Chips,President's ChoiceThe Decadent Milk Chocolate Chips270 g,$2.99ea,,$1.11/ 100g,False
pantry,Dainty,Brown Format Maxi Whole Grain Rice,DaintyBrown Format Maxi Whole Grain Rice1.6 kg,$9.49ea,,$0.59/ 100g,False
pantry,Club House,"Dry Sauce Mix, Turkey Gravy","Club HouseDry Sauce Mix, Turkey Gravy25 g",$1.49ea,,$5.96/ 100g,False
pantry,PC Organics,Organic Fruit Spread Strawberry,PC OrganicsOrganic Fruit Spread Strawberry545 ml,$7.00ea,,$1.28/ 100ml,False
pantry,Nutella,"Hazelnut Spread with Cocoa, Package of 2","NutellaHazelnut Spread with Cocoa, Package of 22x725.0 g",$12.99ea,,$0.90/ 100g,False
pantry,No Name,Lentils,No NameLentils540 ml,$1.19ea,,$0.22/ 100ml,False
pantry,No Name,Marinated Quartered Artichoke Hearts,No NameMarinated Quartered Artichoke Hearts170 ml,$1.79ea,,$1.05/ 100ml,False
pantry,Cock,Chili Sauce for Chicken,CockChili Sauce for Chicken650 ml,$4.99ea,,$0.77/ 100ml,False
pantry,No Name,Whole Cashews,No NameWhole Cashews100 g,$3.29ea,,$3.29/ 100g,False
pantry,Kelloggs,Honey Nut Flavour Cereal,KelloggsHoney Nut Flavour Cereal435 g,$4.79ea,,$1.10/ 100g,False
pantry,Suraj,Black Turtle Beans ,SurajBlack Turtle Beans 1.8 kg,$5.99ea,,$0.33/ 100g,False
pantry,Nupak,Chick Peas,NupakChick Peas900 g,$4.19ea,,$0.47/ 100g,False
pantry,President's Choice,Plum Sauce Club Size,President's ChoicePlum Sauce Club Size750 ml,$5.49ea,,$0.73/ 100ml,False
pantry,No Name,Zesty Pasta Sauce,No NameZesty Pasta Sauce680 ml,$1.99ea,,$0.29/ 100ml,False
pantry,Bens,Fine Herb & Wild Rice,BensFine Herb & Wild Rice132 g,$1.49ea,,$1.13/ 100g,False
pantry,Green Giant,Summer Sweet Peas,Green GiantSummer Sweet Peas398 ml,$1.99ea,,$0.50/ 100ml,False
pantry,Kelloggs,Honey Nut Flavour Cereal,KelloggsHoney Nut Flavour Cereal435 g,$4.79ea,,$1.10/ 100g,False
pantry,Suraj,Black Turtle Beans ,SurajBlack Turtle Beans 1.8 kg,$5.99ea,,$0.33/ 100g,False
pantry,Nupak,Chick Peas,NupakChick Peas900 g,$4.19ea,,$0.47/ 100g,False
pantry,President's Choice,Plum Sauce Club Size,President's ChoicePlum Sauce Club Size750 ml,$5.49ea,,$0.73/ 100ml,False
pantry,No Name,Zesty Pasta Sauce,No NameZesty Pasta Sauce680 ml,$1.99ea,,$0.29/ 100ml,False
pantry,Bens,Fine Herb & Wild Rice,BensFine Herb & Wild Rice132 g,$1.49ea,,$1.13/ 100g,False
pantry,Green Giant,Summer Sweet Peas,Green GiantSummer Sweet Peas398 ml,$1.99ea,,$0.50/ 100ml,False
pantry,Kelloggs,Vector Cereal Maple Crunch,KelloggsVector Cereal Maple Crunch306 g,$5.99ea,,$1.96/ 100g,False
pantry,PC Blue Menu,Twice The Fruit Apricot Spread,PC Blue MenuTwice The Fruit Apricot Spread500 ml,$4.99ea,,$1.00/ 100ml,False
pantry,Suraj,Husked Split Mung Beans,SurajHusked Split Mung Beans1.8 kg,$5.99ea,,$0.33/ 100g,False
pantry,Post,"Honey Bunches of Oats, Roasted Honey","PostHoney Bunches of Oats, Roasted Honey625 g",$6.49ea,,$1.04/ 100g,False
pantry,Kelloggs,Two Scoops Raisin Bran Cereal,KelloggsTwo Scoops Raisin Bran Cereal1.15 kg,$9.99ea,,$0.87/ 100g,False
pantry,Reddi Bulk,Raw Pepitas,Reddi BulkRaw Pepitas330 g,$7.00ea,,$2.12/ 100g,False
pantry,Pace,Mild Chunky Salsa,PaceMild Chunky Salsa428 ml,$5.49ea,,$1.28/ 100ml,False
pantry,Rooster,100% Pure Vegetable Oil,Rooster100% Pure Vegetable Oil2.84 l,$11.99ea,,$0.42/ 100ml,False
pantry,Crofter's,"Premium Spread, Strawberry","Crofter'sPremium Spread, Strawberry383 ml",$6.49ea,,$1.69/ 100ml,False
pantry,No Name,Whole Mushrooms,No NameWhole Mushrooms284 ml,$1.00ea,,$0.35/ 100ml,False
pantry,No Name,Worcestershire Sauce,No NameWorcestershire Sauce295 ml,$1.50ea,,$0.51/ 100ml,False
pantry,PC Blue Menu,Fibre First Multi-Bran Cereal,PC Blue MenuFibre First Multi-Bran Cereal525 g,$4.49ea,,$0.86/ 100g,False
pantry,PC Blue Menu,Green Lentils,PC Blue MenuGreen Lentils2 kg,$7.49ea,,$0.37/ 100g,False
pantry,Rooster,Corn Starch,RoosterCorn Starch454 g,$2.99ea,,$0.66/ 100g,False
pantry,Mastro,Extra Virgin Olive Oil,MastroExtra Virgin Olive Oil1 l,$11.99ea,,$1.20/ 100ml,False
pantry,Ancestral,Apple Cider Vinegar 1 L,AncestralApple Cider Vinegar 1 L1 l,$7.49ea,,$0.75/ 100ml,False
pantry,Suraj,"Ground Cumin, Pisa Jeera","SurajGround Cumin, Pisa Jeera400 g",$3.79ea,,$0.95/ 100g,False
pantry,Nupak,Red Lentils,NupakRed Lentils900 g,$4.19ea,,$0.47/ 100g,False
pantry,Unico,"Black Olives, Sliced","UnicoBlack Olives, Sliced375 ml",$2.49ea,,$0.66/ 100ml,False
pantry,The Extreme Bean,"Pickled Beans, Hot & Spicy","The Extreme BeanPickled Beans, Hot & Spicy500 ml",$5.79ea,,$1.16/ 100ml,False
pantry,No Name,Lime Jelly Powder,No NameLime Jelly Powder85 g,$0.79ea,,$0.93/ 100g,False
pantry,No Name,Chocolate Deluxe Cake Mix,No NameChocolate Deluxe Cake Mix432 g,$1.99ea,,$0.46/ 100g,False
pantry,Quaker,Dino Eggs Instant Oatmeal,QuakerDino Eggs Instant Oatmeal304 g,$3.99ea,,$1.31/ 100g,False
pantry,Club House,Fries Seasoning Mix Garlic Parmesan,Club HouseFries Seasoning Mix Garlic Parmesan27 g,$1.49ea,,$5.52/ 100g,False
pantry,Lee Kum Kee,Soy Sauce Premium,Lee Kum KeeSoy Sauce Premium500 ml,$3.29ea,,$0.66/ 100ml,False
pantry,Betty Crocker,Tuna Helper Creamy Noodles,Betty CrockerTuna Helper Creamy Noodles233 g,$2.79ea,,$1.20/ 100g,False
pantry,Brunswick,"Sardines, Hot Peppers","BrunswickSardines, Hot Peppers106 g",$1.99ea,,$1.88/ 100g,False
pantry,Kelloggs,Vector Meal Replacement Cereal,KelloggsVector Meal Replacement Cereal400 g,$5.99ea,,$1.50/ 100g,False
pantry,Quaker,Harvest Crunch Original Granola Cereal,QuakerHarvest Crunch Original Granola Cereal475 g,$5.79ea,$3.99ea,$0.84/ 100g,True
pantry,Vegeta,"Food Seasoning, No MSG added","VegetaFood Seasoning, No MSG added500 g",$5.99ea,,$1.20/ 100g,False
pantry,Et Tu,"Salad Kits, Caesar Original","Et TuSalad Kits, Caesar Original132 g",$3.00ea,,$2.27/ 100g,False
pantry,Club House,Poultry Seasoning,Club HousePoultry Seasoning25 g,$4.29ea,,$17.16/ 100g,False
pantry,Pearl Milling Company,Complete Original Pancake & Waffle Mix,Pearl Milling CompanyComplete Original Pancake & Waffle Mix905 g,$3.29ea,,$0.36/ 100g,False
pantry,Kelloggs,All-Bran Flakes Cereal,KelloggsAll-Bran Flakes Cereal450 g,$5.99ea,,$1.33/ 100g,False
pantry,Shan,Korma Curry Spice Mix,ShanKorma Curry Spice Mix50 g,$2.29ea,,$4.58/ 100g,False
pantry,Hormel,Bacon Bits Less Fat,HormelBacon Bits Less Fat100 g,$6.49ea,,$6.49/ 100g,False
pantry,Club House,"La Grille, Montreal Steak Spice Seasoning","Club HouseLa Grille, Montreal Steak Spice Seasoning188 g",$5.99ea,,$3.19/ 100g,False
pantry,Tilda,"Rice, Pure Steamed Basmati","TildaRice, Pure Steamed Basmati250 g",$2.99ea,,$1.20/ 100g,False
pantry,Frenchs,Classic Yellow Mustard,FrenchsClassic Yellow Mustard400 ml,$2.49ea,,$0.62/ 100ml,False
pantry,Shan,Special Bombay Biryani Mix,ShanSpecial Bombay Biryani Mix60 g,$2.29ea,,$3.82/ 100g,False
pantry,Billy Bee,"Pure Natural Honey, Liquid White, Squeeze","Billy BeePure Natural Honey, Liquid White, Squeeze1 kg",$14.99ea,,$1.50/ 100g,False
pantry,No Name,Seasoned Croutons,No NameSeasoned Croutons145 g,$2.00ea,,$1.38/ 100g,False
pantry,McCormicks,"Dry Sauce Mix, Roast Gravy","McCormicksDry Sauce Mix, Roast Gravy32 g",$2.29ea,,$7.16/ 100g,False
pantry,Kraft,Three Cheese Macaroni & Cheese,KraftThree Cheese Macaroni & Cheese200 g,$2.29ea,,$1.15/ 100g,False
pantry,PC Organics,Organic Arrabbiata Sauce,PC OrganicsOrganic Arrabbiata Sauce700 ml,$6.00ea,,$0.86/ 100ml,False
pantry,No Name,Wine Sauerkraut,No NameWine Sauerkraut1 l,$4.00ea,$3.00ea,$0.30/ 100ml,True
pantry,Suraj,"Cinnamon Sticks, Dalchini","SurajCinnamon Sticks, Dalchini100 g",$2.79ea,,$2.79/ 100g,False
pantry,T&T,Sushi Nori Roasted Seaweed Sheets,T&TSushi Nori Roasted Seaweed Sheets27 g,$3.79ea,,$14.04/ 100g,False
pantry,No Name,Golden Deluxe Cake Mix,No NameGolden Deluxe Cake Mix432 g,$1.99ea,,$0.46/ 100g,False
pantry,Cool Runnings,Jerk Seasoning,Cool RunningsJerk Seasoning800 g,$3.99ea,,$0.50/ 100g,False
pantry,Bens,Converted Rice,BensConverted Rice907 g,$5.49ea,,$0.61/ 100g,False
pantry,No Name,Pizza Sauce,No NamePizza Sauce213 ml,$1.00ea,,$0.47/ 100ml,False
pantry,PC Blue Menu,Blue Menu Maple and Brown Sugar Flavour Supergrains Oatmeal,PC Blue MenuBlue Menu Maple and Brown Sugar Flavour Supergrains Oatmeal12x304.0 g,$3.99ea,,$0.11/ 100g,False
pantry,No Name,Refried Pinto Beans ,No NameRefried Pinto Beans 398 ml,$2.59ea,,$0.65/ 100ml,False
pantry,Heinz,Tartar Sauce,HeinzTartar Sauce354 ml,$4.00ea,,$1.13/ 100ml,False
pantry,President's Choice,Whole Grain Instant Brown Rice,President's ChoiceWhole Grain Instant Brown Rice600 g,$5.29ea,,$0.88/ 100g,False
pantry,Better Than Bouillon,Roasted Garlic Base,Better Than BouillonRoasted Garlic Base227 g,$6.99ea,,$3.08/ 100g,False
pantry,President's Choice,Caesar Dressing,President's ChoiceCaesar Dressing355 ml,$3.99ea,,$1.12/ 100ml,False
pantry,Suraj,"Brown Lentils, Whole","SurajBrown Lentils, Whole1.81 kg",$5.99ea,,$0.33/ 100g,False
pantry,Suraj,Whole Red Lentils,SurajWhole Red Lentils1.81 kg,$5.99ea,,$0.33/ 100g,False
pantry,Suraj,Lentils,SurajLentils540 ml,$1.49ea,,$0.28/ 100ml,False
pantry,Cool Runnings,Seasoning Salt,Cool RunningsSeasoning Salt380 g,$3.99ea,,$1.05/ 100g,False
pantry,Maison Orphee,Extra Virgin Olive Oil for Salads & Pesto,Maison OrpheeExtra Virgin Olive Oil for Salads & Pesto750 ml,$17.99ea,,$2.40/ 100ml,False
pantry,Sunmaid,Raisins,SunmaidRaisins750 g,$7.49ea,,$1.00/ 100g,False
pantry,Bens,Wholegrain Brown Rice,BensWholegrain Brown Rice907 g,$5.49ea,,$0.61/ 100g,False
pantry,General Mills,Reese Puffs Jumbo Cereal,General MillsReese Puffs Jumbo Cereal884 g,$9.99ea,,$1.13/ 100g,False
pantry,Quaker,Apples & Cinnamon Instant Oatmeal,QuakerApples & Cinnamon Instant Oatmeal594 g,$6.99ea,,$1.18/ 100g,False
pantry,Tilda,Pilau Basmati Rice    ,TildaPilau Basmati Rice    250 g,$2.99ea,,$1.20/ 100g,False
pantry,Betty Crocker,No-Bake Bites Cookie Dough Cookies & Cream,Betty CrockerNo-Bake Bites Cookie Dough Cookies & Cream292 g,$3.99ea,,$1.37/ 100g,False
pantry,Bioitalia,Pesto Sauce with Basil Organic,BioitaliaPesto Sauce with Basil Organic160 ml,$9.49ea,,$5.93/ 100ml,False
pantry,No Name,Chopped Walnuts,No NameChopped Walnuts400 g,$7.49ea,,$1.87/ 100g,False
pantry,Post,"Honey Bunches Of Oat Oats, Honey & Almonds Granola","PostHoney Bunches Of Oat Oats, Honey & Almonds Granola368 g",$5.99ea,,$1.63/ 100g,False
pantry,Jell-O,Vanilla Instant Pudding Mix,Jell-OVanilla Instant Pudding Mix102 g,$1.29ea,,$1.26/ 100g,False
pantry,Kraft,Cheez Whiz Cheese Spread,KraftCheez Whiz Cheese Spread900 g,$10.79ea,,$1.20/ 100g,False
pantry,Club House,"Slow Cooker Mix, BBQ Pork","Club HouseSlow Cooker Mix, BBQ Pork45 g",$1.49ea,,$3.31/ 100g,False
pantry,Pataks,Tikka Masala Curry Paste,PataksTikka Masala Curry Paste284 ml,$5.49ea,,$1.93/ 100ml,False
pantry,Mazola,Canola Oil,MazolaCanola Oil1.18 l,$8.99ea,,$0.76/ 100ml,False
pantry,No Name,Sweetened Flaked Coconut,No NameSweetened Flaked Coconut200 g,$2.00ea,,$1.00/ 100g,False
pantry,Suraj,Laird Green Lentils,SurajLaird Green Lentils1.8 kg,$5.99ea,,$0.33/ 100g,False
pantry,President's Choice,Side Dish Brown Rice,President's ChoiceSide Dish Brown Rice250 g,$3.49ea,,$1.40/ 100g,False
pantry,President's Choice,Tomato Ketchup,President's ChoiceTomato Ketchup750 ml,$2.79ea,,$0.37/ 100ml,False
pantry,Kraft,Smooth Peanut Butter,KraftSmooth Peanut Butter2 kg,$11.49ea,,$0.57/ 100g,False
pantry,Bicks,Tangy Dill Relish,BicksTangy Dill Relish375 ml,$3.49ea,,$0.93/ 100ml,False
pantry,President's Choice,Deluxe Cheddar Macaroni & Cheese Dinner,President's ChoiceDeluxe Cheddar Macaroni & Cheese Dinner225 g,$1.49ea,,$0.66/ 100g,False
pantry,No Name,Raspberry Jam With Pectin,No NameRaspberry Jam With Pectin500 ml,$4.29ea,,$0.86/ 100ml,False
pantry,Italpasta,Macaroni Products Scoobi Do,ItalpastaMacaroni Products Scoobi Do750 g,$2.79ea,,$0.37/ 100g,False
pantry,Tilda,"Pure Basmati Rice, Bag","TildaPure Basmati Rice, Bag1.81 kg",$11.99ea,,$0.66/ 100g,False
pantry,Betty Crocker,Chocolate Chunk Brownie Mix,Betty CrockerChocolate Chunk Brownie Mix440 g,$3.99ea,,$0.91/ 100g,False
pantry,Kraft,Greek Feta and Oregano Dressing,KraftGreek Feta and Oregano Dressing475 ml,$3.79ea,,$0.80/ 100ml,False
pantry,President's Choice,The Natural Vinegar,President's ChoiceThe Natural Vinegar4 l,$4.49ea,,$0.11/ 100ml,False
pantry,PC Blue Menu,Pinto Beans,PC Blue MenuPinto Beans900 g,$3.99ea,,$0.44/ 100g,False
pantry,McCormicks,"International Sauce Mix, Béarnaise","McCormicksInternational Sauce Mix, Béarnaise56 g",$2.29ea,,$4.09/ 100g,False
pantry,Betty Crocker,No-Bake Bites Cookie Dough Chocolate Chip,Betty CrockerNo-Bake Bites Cookie Dough Chocolate Chip292 g,$3.99ea,,$1.37/ 100g,False
pantry,No Name,Currants,No NameCurrants375 g,$3.99ea,,$1.06/ 100g,False
pantry,President's Choice,Baby Dill Pickles With Garlic,President's ChoiceBaby Dill Pickles With Garlic1 l,$5.49ea,,$0.55/ 100ml,False
pantry,Quaker,Instant Oatmeal S'Mores,QuakerInstant Oatmeal S'Mores280 g,$3.99ea,,$1.43/ 100g,False
pantry,PC Organics,Organic Tomato & Basil Pasta Sauce,PC OrganicsOrganic Tomato & Basil Pasta Sauce700 ml,$6.00ea,,$0.86/ 100ml,False
pantry,No Name,100% Pure Sunflower Oil,No Name100% Pure Sunflower Oil3 l,$14.99ea,,$0.50/ 100ml,False
pantry,Primal Kitchen,No Dairy Vodka Sauce,Primal KitchenNo Dairy Vodka Sauce685 ml,$13.49ea,,$1.97/ 100ml,False
pantry,Ocean's Halo,Skipjack In Basil Infused Oil Solid Light Tuna,Ocean's HaloSkipjack In Basil Infused Oil Solid Light Tuna240 g,$5.99ea,,$2.50/ 100g,False
pantry,PC Organics,Organic Fruit Spread Wild Blueberry,PC OrganicsOrganic Fruit Spread Wild Blueberry235 ml,$3.99ea,,$1.70/ 100ml,False
pantry,Brunswick,Sardine Filets Spring Water,BrunswickSardine Filets Spring Water100 g,$1.99ea,,$1.99/ 100g,False
pantry,Kraft,Creamy Cucumber Dressing,KraftCreamy Cucumber Dressing475 ml,$3.79ea,,$0.80/ 100ml,False
pantry,S&F,"Red Peppers, Roasted","S&FRed Peppers, Roasted1.5 l",$10.49ea,,$0.70/ 100ml,False
pantry,President's Choice,Vegetable Quinoa,President's ChoiceVegetable Quinoa225 g,$3.89ea,,$1.73/ 100g,False
pantry,No Name,Sultana Raisins,No NameSultana Raisins375 g,$4.29ea,,$1.14/ 100g,False
pantry,Del Monte,No Sugar Added Fruit Cocktail,Del MonteNo Sugar Added Fruit Cocktail796 ml,$4.29ea,,$0.54/ 100ml,False
pantry,Suraj,Dark Red Kidney Beans,SurajDark Red Kidney Beans540 ml,$1.49ea,,$0.28/ 100ml,False
pantry,No Name,Walnut Pieces,No NameWalnut Pieces400 g,$7.49ea,,$1.87/ 100g,False
pantry,No Name,Vegetable Concentrate,No NameVegetable Concentrate250 ml,$4.49ea,,$1.80/ 100ml,False
pantry,Hershey's,"Chipits Milk Chocolate Chips, 250G","Hershey'sChipits Milk Chocolate Chips, 250G250 g",$4.39ea,,$1.76/ 100g,False
pantry,Smuckers,No Sugar Added Blueberry Spread,SmuckersNo Sugar Added Blueberry Spread310 ml,$4.79ea,$4.49ea,$1.45/ 100ml,True
pantry,President's Choice,Loads Of Garlic Caesar Dressing,President's ChoiceLoads Of Garlic Caesar Dressing355 ml,$3.99ea,,$1.12/ 100ml,False
pantry,Blue Dragon,General Tao Stir Fry Sauce,Blue DragonGeneral Tao Stir Fry Sauce140 ml,$2.29ea,,$1.64/ 100ml,False
pantry,Quaker,Harvest Crunch Raisin & Almond Granola Cereal,QuakerHarvest Crunch Raisin & Almond Granola Cereal510 g,$5.79ea,$3.99ea,$0.78/ 100g,True
pantry,Post,Blueberry Flax Granola ,PostBlueberry Flax Granola 340 g,$5.99ea,,$1.76/ 100g,False
pantry,Unico,"Pasta Sauce, Garlic","UnicoPasta Sauce, Garlic680 ml",$2.79ea,,$0.41/ 100ml,False
pantry,Reddi Bulk,"Roasted Almonds, Salted","Reddi BulkRoasted Almonds, Salted350 g",$10.00ea,,$2.86/ 100g,False
pantry,Pataks,Tikka Masala Cooking Sauce for 2,PataksTikka Masala Cooking Sauce for 2200 ml,$3.49ea,,$1.75/ 100ml,False
pantry,Nupak,Dark Red Kidney Beans,NupakDark Red Kidney Beans900 g,$4.19ea,,$0.47/ 100g,False
pantry,Unico,"Pasta Sauce, Zesty","UnicoPasta Sauce, Zesty680 ml",$2.79ea,,$0.41/ 100ml,False
pantry,Hershey's,"Chipits Special Dark Chocolate Chips, 225G","Hershey'sChipits Special Dark Chocolate Chips, 225G225 g",$4.39ea,,$1.95/ 100g,False
pantry,Heinz,Tomato Ketchup,HeinzTomato Ketchup375 ml,$3.99ea,,$1.06/ 100ml,False
pantry,No Name,All-Purpose Flour,No NameAll-Purpose Flour5 kg,$6.99ea,,$0.14/ 100g,False
pantry,Betty Crocker,Hamburger Helper 3 Cheese Manicotti,Betty CrockerHamburger Helper 3 Cheese Manicotti170 g,$2.79ea,,$1.64/ 100g,False
pantry,No Name,Medium Grain Calrose Rice,No NameMedium Grain Calrose Rice8 kg,$18.99ea,,$0.24/ 100g,False
pantry,Unico,Balsamic Vinegar,UnicoBalsamic Vinegar500 ml,$4.99ea,,$1.00/ 100ml,False
pantry,Reddi Snack,"Roasted Peanuts, Salted","Reddi SnackRoasted Peanuts, Salted907 g",$6.00ea,,$0.66/ 100g,False
pantry,No Name,Apple Cider Vinegar,No NameApple Cider Vinegar500 ml,$1.50ea,,$0.30/ 100ml,False
pantry,No Name,Peach Jelly Powder ,No NamePeach Jelly Powder 85 g,$0.79ea,,$0.93/ 100g,False
pantry,Quality,Himalayan Pink Salt  ,QualityHimalayan Pink Salt  500 g,$2.49ea,,$0.50/ 100g,False
pantry,Bertolli,Rich Taste-Extra Virgin Olive Oil,BertolliRich Taste-Extra Virgin Olive Oil2 l,$19.99ea,,$1.00/ 100ml,False
pantry,Tim Hortons, Spicy Chili,Tim Hortons Spicy Chili425 g,$4.49ea,,$1.06/ 100g,False
pantry,President's Choice,Garlic & Herb Marinade,President's ChoiceGarlic & Herb Marinade375 ml,$4.49ea,,$1.20/ 100ml,False
pantry,Hershey's,"Chipits White Creme Baking Chips, 200G","Hershey'sChipits White Creme Baking Chips, 200G200 g",$4.39ea,,$2.20/ 100g,False
pantry,No Name,Tomato Ketchup,No NameTomato Ketchup1 l,$2.79ea,,$0.28/ 100ml,False
pantry,Reddi Bulk,Walnut Crumbs,Reddi BulkWalnut Crumbs285 g,$8.00ea,,$2.81/ 100g,False
pantry,Quaker,Instant Oatmeal S'Mores,QuakerInstant Oatmeal S'Mores280 g,$3.99ea,,$1.43/ 100g,False
pantry,PC Organics,Organic Tomato & Basil Pasta Sauce,PC OrganicsOrganic Tomato & Basil Pasta Sauce700 ml,$6.00ea,,$0.86/ 100ml,False
pantry,No Name,100% Pure Sunflower Oil,No Name100% Pure Sunflower Oil3 l,$14.99ea,,$0.50/ 100ml,False
pantry,Primal Kitchen,No Dairy Vodka Sauce,Primal KitchenNo Dairy Vodka Sauce685 ml,$13.49ea,,$1.97/ 100ml,False
pantry,Ocean's Halo,Skipjack In Basil Infused Oil Solid Light Tuna,Ocean's HaloSkipjack In Basil Infused Oil Solid Light Tuna240 g,$5.99ea,,$2.50/ 100g,False
pantry,PC Organics,Organic Fruit Spread Wild Blueberry,PC OrganicsOrganic Fruit Spread Wild Blueberry235 ml,$3.99ea,,$1.70/ 100ml,False
pantry,Brunswick,Sardine Filets Spring Water,BrunswickSardine Filets Spring Water100 g,$1.99ea,,$1.99/ 100g,False
pantry,Kraft,Creamy Cucumber Dressing,KraftCreamy Cucumber Dressing475 ml,$3.79ea,,$0.80/ 100ml,False
pantry,S&F,"Red Peppers, Roasted","S&FRed Peppers, Roasted1.5 l",$10.49ea,,$0.70/ 100ml,False
pantry,Tutto Bene,Risotto Mushroom ,Tutto BeneRisotto Mushroom 70 g,$1.59ea,,$2.27/ 100g,False
pantry,No Name,100% Pure Peanut Oil,No Name100% Pure Peanut Oil946 ml,$6.49ea,,$0.69/ 100ml,False
pantry,No Name,Cherry Jelly Powder,No NameCherry Jelly Powder85 g,$0.79ea,,$0.93/ 100g,False
pantry,Del Monte,"No Sugar Added, Pear, Halves","Del MonteNo Sugar Added, Pear, Halves796 ml",$4.29ea,,$0.54/ 100ml,False
pantry,Willies,Chili Style Sauce,WilliesChili Style Sauce730 ml,$5.99ea,,$0.82/ 100ml,False
pantry,Frenchs,Sweet Applewood Mustard Spread,FrenchsSweet Applewood Mustard Spread325 ml,$3.99ea,,$1.23/ 100ml,False
pantry,Knox,"Gelatine, Original","KnoxGelatine, Original28 g",$4.29ea,,$15.32/ 100g,False
pantry,Chef Boyardee,Canned Soup,Chef BoyardeeCanned Soup425 g,$1.99ea,,$0.47/ 100g,False
pantry,Cora,Crepe Mix Chocolate,CoraCrepe Mix Chocolate700 g,$6.29ea,,$0.90/ 100g,False
pantry,Shan,Arabic Seasoning Mix Mandhi,ShanArabic Seasoning Mix Mandhi50 g,$2.29ea,,$4.58/ 100g,False
pantry,President's Choice,Royal Icing ,President's ChoiceRoyal Icing 400 g,$8.99ea,,$2.25/ 100g,False
pantry,President's Choice,Side Dish Basmati Rice,President's ChoiceSide Dish Basmati Rice250 g,$3.49ea,,$1.40/ 100g,False
pantry,Nupak,Light Red Kidney Beans,NupakLight Red Kidney Beans900 g,$4.19ea,,$0.47/ 100g,False
pantry,President's Choice,Mild Buffalo Wing Sauce,President's ChoiceMild Buffalo Wing Sauce354 ml,$3.99ea,,$1.13/ 100ml,False
pantry,PC Blue Menu,Black Turtle Beans,PC Blue MenuBlack Turtle Beans900 g,$3.99ea,,$0.44/ 100g,False
pantry,St Hubert,Poutine Sauce,St HubertPoutine Sauce398 ml,$2.49ea,,$0.63/ 100ml,False
pantry,Rooster,Scented Jasmine Rice ,RoosterScented Jasmine Rice 2 kg,$6.49ea,,$0.32/ 100g,False
pantry,No Name,Spanish Queen Olives,No NameSpanish Queen Olives375 ml,$2.00ea,,$0.53/ 100ml,False
pantry,No Name,100% Whole Grain Large Flake Oats,No Name100% Whole Grain Large Flake Oats1 kg,$2.50ea,,$0.25/ 100g,False
pantry,President's Choice,Baby Dill Pickles ,President's ChoiceBaby Dill Pickles 1 l,$5.49ea,,$0.55/ 100ml,False
pantry,VH,Sweet & Sour Dipping Sauce,VHSweet & Sour Dipping Sauce341 ml,$3.79ea,,$1.11/ 100ml,False
pantry,President's Choice,White Wine Vinegar,President's ChoiceWhite Wine Vinegar500 ml,$4.49ea,,$0.90/ 100ml,False
pantry,Lipton,Dry Soup Mix Chicken Noodle Nutri Soup low fat and no artificial flavours,LiptonDry Soup Mix Chicken Noodle Nutri Soup low fat and no artificial flavours912 g,$11.49ea,,$5.04/ 100g,False
pantry,No Name,Chocolate Baking Crumbs,No NameChocolate Baking Crumbs400 g,$3.29ea,,$0.82/ 100g,False
pantry,Shah,New Treasure Long Grain Patna Rice,ShahNew Treasure Long Grain Patna Rice8 kg,$17.99ea,,$0.22/ 100g,False
pantry,Mr Noodles,"Instant Noodles, Chicken","Mr NoodlesInstant Noodles, Chicken12x85.0 g",$5.49ea,,$0.54/ 100g,False
pantry,Dole,Crushed Pineapple in Pineapple Juice,DoleCrushed Pineapple in Pineapple Juice398 ml,$2.29ea,,$0.58/ 100ml,False
pantry,Club House,Fries Seasoning Mix Loaded,Club HouseFries Seasoning Mix Loaded27 g,$1.49ea,,$5.52/ 100g,False
pantry,Bens,Chinese Style Fried Rice,BensChinese Style Fried Rice132 g,$1.49ea,,$1.13/ 100g,False
pantry,Frenchs,Classic Yellow Mustard,FrenchsClassic Yellow Mustard550 ml,$3.79ea,,$0.69/ 100ml,False
pantry,Kikkoman,Stir Fry Sauce,KikkomanStir Fry Sauce285 ml,$6.49ea,,$2.28/ 100ml,False
pantry,Kelloggs,Chocolate Almond Special Edition Cereal,KelloggsChocolate Almond Special Edition Cereal377 g,$5.99ea,,$1.59/ 100g,False
pantry,Kelloggs,Mini Wheat Frosted Cereal,KelloggsMini Wheat Frosted Cereal650 g,$6.99ea,,$1.08/ 100g,False
pantry,Swiss Chalet,Homestyle Gravy Mix Hot Chicken Sandwich,Swiss ChaletHomestyle Gravy Mix Hot Chicken Sandwich51 g,$2.19ea,,$4.29/ 100g,False
pantry,No Name,Semi-Sweet Chocolate Chips,No NameSemi-Sweet Chocolate Chips300 g,$3.49ea,,$1.16/ 100g,False
pantry,Arm & Hammer,Fridge-N-Freezer Baking Soda,Arm & HammerFridge-N-Freezer Baking Soda500 g,$1.79ea,,$0.36/ 100g,False
pantry,No Name,Graham Cracker Pie Crust,No NameGraham Cracker Pie Crust170 g,$1.99ea,,$1.17/ 100g,False
pantry,Reddi Bulk,Salted Blanched Peanuts,Reddi BulkSalted Blanched Peanuts175 g,$1.19ea,,$0.68/ 100g,False
pantry,President's Choice,Korma Cooking Sauce,President's ChoiceKorma Cooking Sauce400 ml,$4.99ea,,$1.25/ 100ml,False
pantry,Kraft,Crispy Pork Coating Mix,KraftCrispy Pork Coating Mix160 g,$3.69ea,,$2.31/ 100g,False
pantry,Unico,"Pasta Sauce, Original","UnicoPasta Sauce, Original680 ml",$2.79ea,,$0.41/ 100ml,False
pantry,Kraft,Baker's 100% Pure Semi-Sweet Chocolate Baking Bar,KraftBaker's 100% Pure Semi-Sweet Chocolate Baking Bar225 g,$5.79ea,,$2.57/ 100g,False
pantry,Kraft,Spread Hazelnut with Cocoa Crunchy ,KraftSpread Hazelnut with Cocoa Crunchy 725 g,$5.99ea,,$0.83/ 100g,False
pantry,Bicks,Pickled Hot Banana Pepper Rings,BicksPickled Hot Banana Pepper Rings750 ml,$4.79ea,,$0.64/ 100ml,False
pantry,Club House,"Marinade Mix, Meat","Club HouseMarinade Mix, Meat32 g",$1.49ea,,$4.66/ 100g,False
pantry,Robin Hood,00 Style Pizza Flour,Robin Hood00 Style Pizza Flour2000 g,$6.99ea,,$0.35/ 100g,False
pantry,No Name,Sliced Mushrooms,No NameSliced Mushrooms284 ml,$1.00ea,,$0.35/ 100ml,False
pantry,Del Monte,Very Cherry,Del MonteVery Cherry796 ml,$4.29ea,,$0.54/ 100ml,False
pantry,Suraj,Paprika,SurajPaprika400 g,$4.99ea,,$1.25/ 100g,False
pantry,Mutti,Finely Chopped Tomatoes    ,MuttiFinely Chopped Tomatoes    400 g,$2.49ea,,$0.63/ 100g,False
pantry,Diana,Sauce Honey Garlic,DianaSauce Honey Garlic500 ml,$2.99ea,,$0.60/ 100ml,False
pantry,Jif,Crunchy Peanut Butter,JifCrunchy Peanut Butter1 kg,$5.49ea,,$0.55/ 100g,False
pantry,No Name,Large Marshmallows,No NameLarge Marshmallows400 g,$2.00ea,,$0.50/ 100g,False
pantry,President's Choice,Cranberry Almond Crunch,President's ChoiceCranberry Almond Crunch475 g,$4.99ea,,$1.05/ 100g,False
pantry,Quaker,One Minute Oats,QuakerOne Minute Oats900 g,$4.29ea,,$0.48/ 100g,False
pantry,No Name,Seasoned Stuffing Mix,No NameSeasoned Stuffing Mix120 g,$1.49ea,,$1.24/ 100g,False
pantry,No Name,Graham Cracker Pie Crust,No NameGraham Cracker Pie Crust170 g,$1.99ea,,$1.17/ 100g,False
pantry,No Name,Stuffed Manzanilla Olives With Pimento Paste,No NameStuffed Manzanilla Olives With Pimento Paste375 ml,$2.00ea,,$0.53/ 100ml,False
pantry,Bens,Jasmine Rice,BensJasmine Rice1.6 kg,$12.99ea,,$0.81/ 100g,False
pantry,Bens,Quick Cook Perfection,BensQuick Cook Perfection1.6 kg,$7.99ea,,$0.50/ 100g,False
pantry,Aurora,"Basso Extra Virgin Olive Oil, Amphora","AuroraBasso Extra Virgin Olive Oil, Amphora1 l",$14.99ea,,$1.50/ 100ml,False
pantry,PC Blue Menu,Five-Bean Medley ,PC Blue MenuFive-Bean Medley 900 g,$3.99ea,,$0.44/ 100g,False
pantry,Quaker,Regular Family Size Instant Oatmeal,QuakerRegular Family Size Instant Oatmeal504 g,$6.99ea,,$1.39/ 100g,False
pantry,VH,Soy Sauce Lite,VHSoy Sauce Lite380 ml,$3.79ea,,$1.00/ 100ml,False
pantry,No Name,Apple Cider Vinegar,No NameApple Cider Vinegar4 l,$3.99ea,,$0.10/ 100ml,False
pantry,Reddi Bulk,Flax Seeds,Reddi BulkFlax Seeds450 g,$2.49ea,,$0.55/ 100g,False
pantry,President's Choice,Horseradish Dijon Mustard,President's ChoiceHorseradish Dijon Mustard325 ml,$2.29ea,$2.00ea,$0.62/ 100ml,True
pantry,Del Monte,Peach Slices in Fruit Juice From Concentrate,Del MontePeach Slices in Fruit Juice From Concentrate796 ml,$4.29ea,,$0.54/ 100ml,False
pantry,Sapporo,"Noodles, Miso Ramen Flats","SapporoNoodles, Miso Ramen Flats100 g",$1.00ea,,$1.00/ 100g,False
pantry,VH,Soya Sauce,VHSoya Sauce380 ml,$3.79ea,,$1.00/ 100ml,False
pantry,Club House,"Pork Gravy Mix, Gluten-Free","Club HousePork Gravy Mix, Gluten-Free24 g",$1.49ea,,$6.21/ 100g,False
pantry,PC Blue Menu,Black Beans,PC Blue MenuBlack Beans540 ml,$1.59ea,,$0.29/ 100ml,False
pantry,Kraft,Only Peanuts All Natural Smooth Peanut Butter,KraftOnly Peanuts All Natural Smooth Peanut Butter750 g,$6.49ea,,$0.87/ 100g,False
pantry,Bens,Wholegrain Brown Rice 10 Minute,BensWholegrain Brown Rice 10 Minute1.4 kg,$7.99ea,,$0.57/ 100g,False
pantry,Dole,Fruit Cocktail With Extra Cherries In Water,DoleFruit Cocktail With Extra Cherries In Water540 ml,$4.49ea,,$0.83/ 100ml,False
pantry,Grace,Caribbean Combos Rice & Blackeye Peas Mix,GraceCaribbean Combos Rice & Blackeye Peas Mix175 g,$1.99ea,,$1.14/ 100g,False
pantry,Cucina Antica,"Pasta Sauce, Garlic Marinara","Cucina AnticaPasta Sauce, Garlic Marinara670 ml",$9.99ea,,$1.49/ 100ml,False
pantry,Green Giant,"Corn Niblets, Whole Kernel","Green GiantCorn Niblets, Whole Kernel341 ml",$1.99ea,,$0.58/ 100ml,False
pantry,Colavita,"Oils, Extra Virgin Olive Oil, Mediterranean","ColavitaOils, Extra Virgin Olive Oil, Mediterranean750 ml",$16.99ea,,$2.27/ 100ml,False
pantry,Swiss Chalet,Dipping Sauce Mix,Swiss ChaletDipping Sauce Mix36 g,$2.19ea,,$6.08/ 100g,False
pantry,No Name,Sliced Manzanilla Olives,No NameSliced Manzanilla Olives375 ml,$2.00ea,,$0.53/ 100ml,False
pantry,ED Smith,Cherry Pie Filling,ED SmithCherry Pie Filling540 ml,$5.99ea,,$1.11/ 100ml,False
pantry,Dr Oetker,"Shirriff Filling and Dessert Mix, Lemon Pie","Dr OetkerShirriff Filling and Dessert Mix, Lemon Pie425 g",$4.49ea,,$1.06/ 100g,False
pantry,Suraj,Ground Coriander ,SurajGround Coriander 300 g,$2.79ea,,$0.93/ 100g,False
pantry,Kelloggs,Krave Cereal Milk Chocolate,KelloggsKrave Cereal Milk Chocolate525 g,$7.49ea,,$1.43/ 100g,False
pantry,Golden Temple,Wheat Atta Flour,Golden TempleWheat Atta Flour9 kg,$19.99ea,,$0.22/ 100g,False
pantry,President's Choice,Memories Of Montego Bay Hot Jerk Marinade,President's ChoiceMemories Of Montego Bay Hot Jerk Marinade350 ml,$4.99ea,,$1.43/ 100ml,False
pantry,Club House,"Food Colour Preparation, Original","Club HouseFood Colour Preparation, Original28 ml",$3.79ea,,$13.54/ 100ml,False
pantry,President's Choice,The Decadent White Chocolate Chips,President's ChoiceThe Decadent White Chocolate Chips226 g,$2.99ea,,$1.32/ 100g,False
pantry,,Sherry Cooking Wine,Sherry Cooking Wine500 ml,$5.99ea,,$1.20/ 100ml,False
pantry,Reddi Bulk,Gummi Bears,Reddi BulkGummi Bears600 g,$5.00ea,,$0.83/ 100g,False
pantry,No Name,Strawberry Jam With Pectin,No NameStrawberry Jam With Pectin500 ml,$3.99ea,,$0.80/ 100ml,False
pantry,No Name,Spanish Queen Olives,No NameSpanish Queen Olives375 ml,$2.00ea,,$0.53/ 100ml,False
pantry,No Name,100% Whole Grain Large Flake Oats,No Name100% Whole Grain Large Flake Oats1 kg,$2.50ea,,$0.25/ 100g,False
pantry,President's Choice,Baby Dill Pickles ,President's ChoiceBaby Dill Pickles 1 l,$5.49ea,,$0.55/ 100ml,False
pantry,VH,Sweet & Sour Dipping Sauce,VHSweet & Sour Dipping Sauce341 ml,$3.79ea,,$1.11/ 100ml,False
pantry,President's Choice,White Wine Vinegar,President's ChoiceWhite Wine Vinegar500 ml,$4.49ea,,$0.90/ 100ml,False
pantry,Lipton,Dry Soup Mix Chicken Noodle Nutri Soup low fat and no artificial flavours,LiptonDry Soup Mix Chicken Noodle Nutri Soup low fat and no artificial flavours912 g,$11.49ea,,$5.04/ 100g,False
pantry,No Name,Chocolate Baking Crumbs,No NameChocolate Baking Crumbs400 g,$3.29ea,,$0.82/ 100g,False
pantry,Shah,New Treasure Long Grain Patna Rice,ShahNew Treasure Long Grain Patna Rice8 kg,$17.99ea,,$0.22/ 100g,False
pantry,Mr Noodles,"Instant Noodles, Chicken","Mr NoodlesInstant Noodles, Chicken12x85.0 g",$5.49ea,,$0.54/ 100g,False
pantry,Dole,Crushed Pineapple in Pineapple Juice,DoleCrushed Pineapple in Pineapple Juice398 ml,$2.29ea,,$0.58/ 100ml,False
pantry,Club House,Fries Seasoning Mix Loaded,Club HouseFries Seasoning Mix Loaded27 g,$1.49ea,,$5.52/ 100g,False
pantry,Bens,Chinese Style Fried Rice,BensChinese Style Fried Rice132 g,$1.49ea,,$1.13/ 100g,False
pantry,Frenchs,Classic Yellow Mustard,FrenchsClassic Yellow Mustard550 ml,$3.79ea,,$0.69/ 100ml,False
pantry,Kikkoman,Stir Fry Sauce,KikkomanStir Fry Sauce285 ml,$6.49ea,,$2.28/ 100ml,False
pantry,Kelloggs,Chocolate Almond Special Edition Cereal,KelloggsChocolate Almond Special Edition Cereal377 g,$5.99ea,,$1.59/ 100g,False
pantry,Kelloggs,Mini Wheat Frosted Cereal,KelloggsMini Wheat Frosted Cereal650 g,$6.99ea,,$1.08/ 100g,False
pantry,Swiss Chalet,Homestyle Gravy Mix Hot Chicken Sandwich,Swiss ChaletHomestyle Gravy Mix Hot Chicken Sandwich51 g,$2.19ea,,$4.29/ 100g,False
pantry,No Name,Semi-Sweet Chocolate Chips,No NameSemi-Sweet Chocolate Chips300 g,$3.49ea,,$1.16/ 100g,False
pantry,Arm & Hammer,Fridge-N-Freezer Baking Soda,Arm & HammerFridge-N-Freezer Baking Soda500 g,$1.79ea,,$0.36/ 100g,False
pantry,Primal Kitchen,No Dairy Alfredo Sauce,Primal KitchenNo Dairy Alfredo Sauce455 ml,$13.49ea,,$2.96/ 100ml,False
pantry,President's Choice,100% Pure Maple Syrup,President's Choice100% Pure Maple Syrup200 ml,$5.00ea,,$2.50/ 100ml,False
pantry,No Name,Rich & Chunky Chicken Noodle Soup,No NameRich & Chunky Chicken Noodle Soup540 ml,$2.49ea,,$0.46/ 100ml,False
pantry,Robin Hood,Best For Bread Homestyle White Flour,Robin HoodBest For Bread Homestyle White Flour2.5 kg,$6.49ea,,$0.26/ 100g,False
pantry,Dole,Pineapple Chunks in Pineapple Juice,DolePineapple Chunks in Pineapple Juice398 ml,$2.29ea,,$0.58/ 100ml,False
pantry,Fry's Cocoa,Premium Cocoa,Fry's CocoaPremium Cocoa454 g,$8.99ea,,$1.98/ 100g,False
pantry,No Name,Lemon Jelly Powder,No NameLemon Jelly Powder85 g,$0.79ea,,$0.93/ 100g,False
pantry,Allessia,100 % Pure Avocado Oil,Allessia100 % Pure Avocado Oil100 ml,$6.49ea,,$6.49/ 100ml,False
pantry,Diana,Sauce Western Smokehouse,DianaSauce Western Smokehouse500 ml,$2.99ea,,$0.60/ 100ml,False
pantry,Bens,Garden Vegetable Style Rice,BensGarden Vegetable Style Rice132 g,$1.49ea,,$1.13/ 100g,False
pantry,General Mills,Nesquik Cereal Jumbo,General MillsNesquik Cereal Jumbo900 g,$9.99ea,,$1.11/ 100g,False
pantry,VH,Stir-Fry Sauce -  Orange Ginger,VHStir-Fry Sauce -  Orange Ginger355 ml,$3.79ea,,$1.07/ 100ml,False
pantry,No Name,Yellow Mustard,No NameYellow Mustard400 ml,$0.99ea,,$0.25/ 100ml,False
pantry,Dole,Mandarin Oranges In Water,DoleMandarin Oranges In Water540 ml,$4.49ea,,$0.83/ 100ml,False
pantry,Primo,"Pasta Sauce, Thick & Zesty Original","PrimoPasta Sauce, Thick & Zesty Original680 ml",$3.29ea,,$0.48/ 100ml,False
pantry,Betty Crocker,Tuna Helper-Au Gratin - Pasta Kit,Betty CrockerTuna Helper-Au Gratin - Pasta Kit206 g,$2.79ea,,$1.35/ 100g,False
pantry,Robin Hood,Unbleached All Purpose Flour,Robin HoodUnbleached All Purpose Flour2.5 kg,$6.49ea,,$0.26/ 100g,False
pantry,Kraft,Spread Hazelnut with Cocoa 45% Less Sugar ,KraftSpread Hazelnut with Cocoa 45% Less Sugar 725 g,$5.99ea,,$0.83/ 100g,False
pantry,Betty Crocker,Butter & Herb Mashed Potatoes ,Betty CrockerButter & Herb Mashed Potatoes 215 g,$2.79ea,,$1.30/ 100g,False
pantry,Kraft,Simply Macaroni & Cheese with Cauliflower,KraftSimply Macaroni & Cheese with Cauliflower150 g,$2.29ea,,$1.53/ 100g,False
pantry,Basse,Bassé Peanut Lover's Mix,BasseBassé Peanut Lover's Mix600 g,$6.00ea,,$1.00/ 100g,False
pantry,Bens,Garlic & Butter Flavour Rice,BensGarlic & Butter Flavour Rice397 g,$4.79ea,,$1.21/ 100g,False
pantry,Nupak,Long Grain White Rice,NupakLong Grain White Rice2 kg,$5.49ea,,$0.27/ 100g,False
pantry,Surati,Chick Pea Flour,SuratiChick Pea Flour1.82 kg,$6.49ea,,$0.36/ 100g,False
pantry,Bens,Mexican Style Rice,BensMexican Style Rice397 g,$4.79ea,,$1.21/ 100g,False
pantry,Heinz,Deep-Browned Beans with Pork & Molasses,HeinzDeep-Browned Beans with Pork & Molasses398 ml,$1.79ea,,$0.45/ 100ml,False
pantry,Kraft,Rancher's Choice Dressing,KraftRancher's Choice Dressing475 ml,$3.79ea,,$0.80/ 100ml,False
pantry,Bens,Tomato & Basil Flavour Rice,BensTomato & Basil Flavour Rice397 g,$4.79ea,,$1.21/ 100g,False
pantry,Knorr,Sidekicks Garlic Parmesan Rice & Vermicelli Side Dish ,KnorrSidekicks Garlic Parmesan Rice & Vermicelli Side Dish 147 g,$2.49ea,,$1.69/ 100g,False
pantry,Bush's Best,Baked Beans - Maple ,Bush's BestBaked Beans - Maple 398 ml,$2.29ea,$1.99ea,$0.50/ 100ml,True
pantry,PC Blue Menu,Lemon Poppy Seed Dressing,PC Blue MenuLemon Poppy Seed Dressing475 ml,$3.49ea,,$0.73/ 100ml,False
pantry,Campbell's,"Cream of Mushroom Soup, Less Salt","Campbell'sCream of Mushroom Soup, Less Salt284 ml",$2.49ea,,$0.88/ 100ml,False
pantry,Watkins,Pure Orange Extract,WatkinsPure Orange Extract59 ml,$6.79ea,,$11.51/ 100ml,False
pantry,Club House,"La Grille Wet Rubs, Montréal Steak Spice","Club HouseLa Grille Wet Rubs, Montréal Steak Spice200 ml",$7.29ea,,$3.65/ 100ml,False
pantry,Knorr,Noodles Side Dish quick and easy to prepare Honey Garlic ,KnorrNoodles Side Dish quick and easy to prepare Honey Garlic 162 g,$2.49ea,,$1.54/ 100g,False
pantry,Chef Boyardee,Mini Beef Ravioli,Chef BoyardeeMini Beef Ravioli1.13 kg,$3.99ea,,$0.35/ 100g,False
pantry,Rio Mare,Salmon Fillet In Extra Virgin Olive Oil,Rio MareSalmon Fillet In Extra Virgin Olive Oil125 g,$8.49ea,,$6.79/ 100g,False
pantry,Lipton,"Classic Chicken Noodle Dry Soup Mix  Soup, Low Fat & No Artificial Flavours","LiptonClassic Chicken Noodle Dry Soup Mix  Soup, Low Fat & No Artificial Flavours338 g",$3.39ea,,$1.00/ 100g,False
pantry,President's Choice,Balsamic Dressing,President's ChoiceBalsamic Dressing475 ml,$3.49ea,,$0.73/ 100ml,False
pantry,Catelli,Tri-Colour Rotini Pasta,CatelliTri-Colour Rotini Pasta375 g,$3.29ea,$2.99ea,$0.80/ 100g,True
pantry,Bens,Butter & Garlic Flavour,BensButter & Garlic Flavour250 g,$3.49ea,,$1.40/ 100g,False
pantry,Bens,Long Grain & Wild Rice Fine Herbs,BensLong Grain & Wild Rice Fine Herbs250 g,$3.49ea,,$1.40/ 100g,False
pantry,Bens,Fried Style Rice,BensFried Style Rice250 g,$3.49ea,,$1.40/ 100g,False
pantry,Bens,Vegetable Medley Rice,BensVegetable Medley Rice250 g,$3.49ea,,$1.40/ 100g,False
pantry,Bens,Creamy Cheddar Cheese Flavour,BensCreamy Cheddar Cheese Flavour240 g,$3.49ea,,$1.45/ 100g,False
pantry,Tim Hortons,Cream of Broccoli Soup,Tim HortonsCream of Broccoli Soup540 ml,$3.49ea,,$0.65/ 100ml,False
pantry,Post,With Almonds Cereal,PostWith Almonds Cereal340 g,$3.99ea,,$1.17/ 100g,False
pantry,Clover Leaf,Wild Pacific Pink Salmon,Clover LeafWild Pacific Pink Salmon213 g,$4.00ea,,$1.88/ 100g,False
pantry,Old El Paso,Fajita Seasoning,Old El PasoFajita Seasoning24 g,$1.69ea,,$7.04/ 100g,False
pantry,Chef Boyardee,Beefaroni,Chef BoyardeeBeefaroni425 g,$1.99ea,,$0.47/ 100g,False
pantry,,Seasoning Steak,Seasoning Steak170 g,$6.99ea,,$4.11/ 100g,False
pantry,President's Choice,Caesar Dressing,President's ChoiceCaesar Dressing475 ml,$3.49ea,,$0.73/ 100ml,False
pantry,Campbell's,No Salt Added Chicken Broth,Campbell'sNo Salt Added Chicken Broth900 ml,$1.99ea,,$0.22/ 100ml,False
pantry,No Name,Beef Flavour Instant Noodle Soup,No NameBeef Flavour Instant Noodle Soup85 g,$0.39ea,,$0.46/ 100g,False
pantry,No Name,Dehydrated Minced Onion,No NameDehydrated Minced Onion105 g,$2.00ea,,$1.90/ 100g,False
pantry,Palm,Corned Beef,PalmCorned Beef326 g,$5.99ea,,$1.84/ 100g,False
pantry,No Yolks,Extra Broad Cholesterol-Free Egg White Noodles,No YolksExtra Broad Cholesterol-Free Egg White Noodles340 g,$2.79ea,,$0.82/ 100g,False
pantry,Club House,Onion Powder Organic,Club HouseOnion Powder Organic44 g,$2.79ea,,$6.34/ 100g,False
pantry,Renees,Mighty Caesar Salad Dressing,ReneesMighty Caesar Salad Dressing750 ml,$7.99ea,,$1.07/ 100ml,False
pantry,Club House,La Grille Montreal Chicken Wet Rub,Club HouseLa Grille Montreal Chicken Wet Rub200 ml,$7.29ea,,$3.65/ 100ml,False
pantry,Quaker,Harvest Crunch Apple Crumble Granola Cereal,QuakerHarvest Crunch Apple Crumble Granola Cereal470 g,$3.99ea,,$0.85/ 100g,False
pantry,President's Choice,Ramen Broth,President's ChoiceRamen Broth900 ml,$2.19ea,,$0.24/ 100ml,False
pantry,Catelli,"Whole Grains, Macaroni Pasta","CatelliWhole Grains, Macaroni Pasta375 g",$3.29ea,$2.99ea,$0.80/ 100g,True
pantry,General Mills,Reese Puffs Cereal,General MillsReese Puffs Cereal601 g,$4.88ea,,$0.81/ 100g,False
pantry,President's Choice,Mediterranean Sea Salts,President's ChoiceMediterranean Sea Salts360 g,$4.99ea,,$1.39/ 100g,False
pantry,Club House,"Signature Blends, Salt Free Garlic","Club HouseSignature Blends, Salt Free Garlic142 g",$6.99ea,,$4.92/ 100g,False
pantry,Campbell's,Concentrated Vegetable Broth,Campbell'sConcentrated Vegetable Broth250 ml,$1.99ea,,$0.80/ 100ml,False
pantry,Old El Paso,Chili Seasoning Mix,Old El PasoChili Seasoning Mix24 g,$1.69ea,,$7.04/ 100g,False
pantry,Catelli,"Whole Grains, Penne Rigate Pasta","CatelliWhole Grains, Penne Rigate Pasta375 g",$2.99ea,,$0.80/ 100g,False
pantry,La Costena,Green Mexican Sauce,La CostenaGreen Mexican Sauce455 ml,$3.29ea,,$0.72/ 100ml,False
pantry,President's Choice,Ground Ginger,President's ChoiceGround Ginger37 g,$6.79ea,,$18.35/ 100g,False
pantry,President's Choice,Marjoram Leaves,President's ChoiceMarjoram Leaves11 g,$4.99ea,,$45.36/ 100g,False
pantry,Knorr,Bouillon Cubes for Rich Deep Chicken Flavour Chicken,KnorrBouillon Cubes for Rich Deep Chicken Flavour Chicken69 g,$3.29ea,,$4.77/ 100g,False
pantry,Club House,"La Grille, No Salt Added Steak Spice Seasoning","Club HouseLa Grille, No Salt Added Steak Spice Seasoning130 g",$5.99ea,,$4.61/ 100g,False
pantry,Jell-O,"Raspberry Jelly Powder Light, Gelatin Mix","Jell-ORaspberry Jelly Powder Light, Gelatin Mix10 g",$0.99ea,,$9.90/ 100g,False
pantry,Shan,Nihari Curry Spice Mix,ShanNihari Curry Spice Mix60 g,$2.29ea,,$3.82/ 100g,False
pantry,Robin Hood,Original All Purpose Flour,Robin HoodOriginal All Purpose Flour10 kg,$19.99ea,,$0.20/ 100g,False
pantry,Unico,"Sauce, Passata Cucina Fresca","UnicoSauce, Passata Cucina Fresca680 ml",$2.99ea,,$0.44/ 100ml,False
pantry,Brunswick,"Seafood Snacks, Golden Smoked","BrunswickSeafood Snacks, Golden Smoked92 g",$1.99ea,,$2.16/ 100g,False
pantry,Jell-O,"Berry Blue Jelly Powder, Gelatin Mix","Jell-OBerry Blue Jelly Powder, Gelatin Mix85 g",$0.99ea,,$1.16/ 100g,False
pantry,Club House,"Signature Blends, Lemon and Herbs","Club HouseSignature Blends, Lemon and Herbs134 g",$6.99ea,,$5.22/ 100g,False
pantry,President's Choice,Whole Baby Clams,President's ChoiceWhole Baby Clams142 g,$2.89ea,,$1.02/ 100g,False
pantry,Catelli,"Gluten Free, Fusilli Pasta","CatelliGluten Free, Fusilli Pasta340 g",$3.29ea,,$0.97/ 100g,False
pantry,President's Choice,Rainbow Peppercorn Blend,President's ChoiceRainbow Peppercorn Blend45 g,$3.79ea,,$8.42/ 100g,False
pantry,No Name,Minced Ginger,No NameMinced Ginger120 g,$3.29ea,,$2.74/ 100g,False
pantry,Campbell's,Concentrated Beef Broth,Campbell'sConcentrated Beef Broth250 ml,$2.19ea,$1.99ea,$0.80/ 100ml,True
pantry,PC Blue Menu,Whole Grain Spaghetti Pasta,PC Blue MenuWhole Grain Spaghetti Pasta375 g,$1.99ea,,$0.53/ 100g,False
pantry,President's Choice,Taco Seasoning Mix,President's ChoiceTaco Seasoning Mix24 g,$1.00ea,,$4.17/ 100g,False
pantry,No Name,Soup Mix Chicken Noodle,No NameSoup Mix Chicken Noodle4x83.0 g,$2.00ea,,$0.60/ 100g,False
pantry,PC Blue Menu,Cereal Original Muesli,PC Blue MenuCereal Original Muesli450 g,$3.99ea,,$0.89/ 100g,False
pantry,Kraft,Raspberry Vinaigrette Dressing,KraftRaspberry Vinaigrette Dressing475 ml,$3.79ea,,$0.80/ 100ml,False
pantry,Mr Noodles,Instant Noodles Spicy Chicken Simulated Flavour,Mr NoodlesInstant Noodles Spicy Chicken Simulated Flavour85 g,$0.49ea,,$0.58/ 100g,False
pantry,General Mills,"Cheerios Cereal, Jumbo","General MillsCheerios Cereal, Jumbo1000 g",$9.99ea,,$1.00/ 100g,False
pantry,No Name,Dill Pickles With Garlic,No NameDill Pickles With Garlic1 l,$3.29ea,,$0.33/ 100ml,False
pantry,Knorr,"Concentrated Bouillon, Rich Flavour Chicken Made with Natural Stock","KnorrConcentrated Bouillon, Rich Flavour Chicken Made with Natural Stock250 ml",$6.99ea,,$2.80/ 100ml,False
pantry,Rogers,Raw Sugar,RogersRaw Sugar450 g,$4.79ea,,$1.06/ 100g,False
pantry,Club House,"La Grille, Spicy Pepper Medley","Club HouseLa Grille, Spicy Pepper Medley150 g",$5.99ea,,$3.99/ 100g,False
pantry,Knorr,Sidekicks Side Dishes Rice Country Mushroom,KnorrSidekicks Side Dishes Rice Country Mushroom132 g,$2.49ea,,$1.89/ 100g,False
pantry,Catelli,"Tricolour, Fusilli Pasta","CatelliTricolour, Fusilli Pasta375 g",$3.29ea,$2.99ea,$0.80/ 100g,True
pantry,Rio Mare,Mexican Style Light Tuna Salad ,Rio MareMexican Style Light Tuna Salad 160 g,$4.49ea,,$2.81/ 100g,False
pantry,PC Blue Menu,Blue Cheese Dressing,PC Blue MenuBlue Cheese Dressing475 ml,$3.49ea,,$0.73/ 100ml,False
pantry,President's Choice,Rosemary Leaves,President's ChoiceRosemary Leaves23 g,$5.79ea,,$25.17/ 100g,False
pantry,President's Choice,Low Sodium Sustainably Sourced Wild Albacore Solid White Tuna,President's ChoiceLow Sodium Sustainably Sourced Wild Albacore Solid White Tuna170 g,$2.99ea,,$1.76/ 100g,False
pantry,Molisana,Capellini,MolisanaCapellini450 g,$2.79ea,,$0.62/ 100g,False
pantry,PC Blue Menu,Caesar Salad Dressing,PC Blue MenuCaesar Salad Dressing355 ml,$3.99ea,,$1.12/ 100ml,False
pantry,Habitant,Traditional Minestrone Soup,HabitantTraditional Minestrone Soup796 ml,$3.59ea,,$0.45/ 100ml,False
pantry,Aurora,Bouillon Mushroom,AuroraBouillon Mushroom66 g,$1.49ea,,$2.26/ 100g,False
pantry,Renees,Greek Feta Dressing,ReneesGreek Feta Dressing355 ml,$5.49ea,,$1.55/ 100ml,False
pantry,Campbell's,Light Tomato Condensed Soup,Campbell'sLight Tomato Condensed Soup284 ml,$2.49ea,,$0.88/ 100ml,False
pantry,Windsor,Salt Free Salt Substitute,WindsorSalt Free Salt Substitute311 g,$6.49ea,,$2.09/ 100g,False
pantry,Lantic,Granulated Sugar,LanticGranulated Sugar2 kg,$2.99ea,,$0.15/ 100g,False
pantry,Clover Leaf,"Crabmeat, Chunk","Clover LeafCrabmeat, Chunk120 g",$6.99ea,,$5.83/ 100g,False
pantry,Italpasta,"Pasta, Orzo ","ItalpastaPasta, Orzo 450 g",$2.19ea,,$0.49/ 100g,False
pantry,Old El Paso,"Taco Seasoning, Hot N Spicy","Old El PasoTaco Seasoning, Hot N Spicy24 g",$1.69ea,,$7.04/ 100g,False
pantry,No Name,Condensed Chicken Noodle Soup,No NameCondensed Chicken Noodle Soup284 ml,$1.19ea,,$0.42/ 100ml,False
pantry,Strubs,Full Sour Kosher Dill Pickles,StrubsFull Sour Kosher Dill Pickles1 l,$5.49ea,,$0.55/ 100ml,False
pantry,Vlasic,"Kosher Dill Pickles, Whole","VlasicKosher Dill Pickles, Whole1 l",$5.79ea,,$0.58/ 100ml,False
pantry,Club House,Cayenne Pepper,Club HouseCayenne Pepper81 g,$7.49ea,,$9.25/ 100g,False
pantry,Catelli,"Gluten Free, Macaroni Pasta","CatelliGluten Free, Macaroni Pasta340 g",$3.29ea,,$0.97/ 100g,False
pantry,No Name,Onion Salt,No NameOnion Salt200 g,$1.49ea,,$0.75/ 100g,False
pantry,President's Choice,Penne Rigate Pasta,President's ChoicePenne Rigate Pasta454 g,$2.29ea,,$0.50/ 100g,False
pantry,Dececco,Pasta Rigatoni No. 24,DececcoPasta Rigatoni No. 24450 g,$2.99ea,,$0.66/ 100g,False
pantry,Campbell's,30% Less Sodium Roasted Garlic Chicken Broth,Campbell's30% Less Sodium Roasted Garlic Chicken Broth900 ml,$1.99ea,,$0.22/ 100ml,False
pantry,Club House,All Purpose Seasoning Everything Bagel,Club HouseAll Purpose Seasoning Everything Bagel141 g,$6.99ea,,$4.96/ 100g,False
pantry,GoldSeal,Salmon Sockeye,GoldSealSalmon Sockeye213 g,$5.99ea,,$2.81/ 100g,False
pantry,Club House,"La Grille, Montreal Chicken Seasoning","Club HouseLa Grille, Montreal Chicken Seasoning170 g",$5.99ea,,$3.52/ 100g,False
pantry,President's Choice,Blue Cheese Dressing,President's ChoiceBlue Cheese Dressing355 ml,$3.99ea,,$1.12/ 100ml,False
pantry,President's Choice,Tricolour Rotini Pasta,President's ChoiceTricolour Rotini Pasta454 g,$2.29ea,,$0.50/ 100g,False
pantry,Clover Leaf,Sockeye Salmon Wild Red Pacific,Clover LeafSockeye Salmon Wild Red Pacific142 g,$4.69ea,,$3.30/ 100g,False
pantry,Barilla,Pasta Linguine,BarillaPasta Linguine410 g,$2.29ea,,$0.56/ 100g,False
pantry,No Name,Freeze-Dried Chives,No NameFreeze-Dried Chives5.5 g,$2.00ea,,$36.36/ 100g,False
pantry,Campbell's,Cream of Mushroom Ready to Serve Soup,Campbell'sCream of Mushroom Ready to Serve Soup515 ml,$3.49ea,,$0.68/ 100ml,False
pantry,VH,Plum Dipping Sauce,VHPlum Dipping Sauce341 ml,$3.79ea,,$1.11/ 100ml,False
pantry,Hellmanns,"Vegan Dressing & Sandwich Spread Squeezable Bottle certified vegan, gluten-free and non-GMO ingredients","HellmannsVegan Dressing & Sandwich Spread Squeezable Bottle certified vegan, gluten-free and non-GMO ingredients340 ml",$5.99ea,,$1.76/ 100ml,False
pantry,No Name,Southern Fried-Style Coating Mix ,No NameSouthern Fried-Style Coating Mix 142 g,$2.49ea,,$1.75/ 100g,False
pantry,Catelli,"Gluten Free, Spaghetti Pasta","CatelliGluten Free, Spaghetti Pasta340 g",$3.29ea,,$0.97/ 100g,False
pantry,Kelloggs,Corn Pops Cereal,KelloggsCorn Pops Cereal320 g,$4.79ea,,$1.50/ 100g,False
pantry,Catelli,"Whole Grains, Rotini Pasta","CatelliWhole Grains, Rotini Pasta375 g",$3.29ea,$2.99ea,$0.80/ 100g,True
pantry,Tostitos,Dip - Spinach 432g,TostitosDip - Spinach 432g432 g,$5.99ea,,$1.39/ 100g,False
pantry,PC Blue Menu,Fajita Seasoning Mix ,PC Blue MenuFajita Seasoning Mix 24 g,$1.00ea,,$4.17/ 100g,False
pantry,Knorr,Soup Mix Onion,KnorrSoup Mix Onion55 g,$2.29ea,,$4.16/ 100g,False
pantry,Tostitos,Salsa - Roasted Garlic 423ml,TostitosSalsa - Roasted Garlic 423ml423 ml,$4.49ea,,$1.06/ 100ml,False
pantry,Catelli,"Smart, Spaghetti Pasta","CatelliSmart, Spaghetti Pasta375 g",$3.29ea,$2.99ea,$0.80/ 100g,True
pantry,Post,Tim Hortons Naturally Flavoured Cereal Apple Fritter,PostTim Hortons Naturally Flavoured Cereal Apple Fritter354 g,$4.29ea,,$1.21/ 100g,False
pantry,Campbell's,Beef with Vegetables & Barley,Campbell'sBeef with Vegetables & Barley284 ml,$2.49ea,,$0.88/ 100ml,False
pantry,President's Choice,Original Table Syrup,President's ChoiceOriginal Table Syrup750 ml,$3.99ea,,$0.53/ 100ml,False
pantry,President's Choice,Ranch Dressing,President's ChoiceRanch Dressing475 ml,$3.49ea,,$0.73/ 100ml,False
pantry,Frenchs,Bold & Spicy Deli Mustard,FrenchsBold & Spicy Deli Mustard325 ml,$2.49ea,,$0.77/ 100ml,False
pantry,Club House,Smoked Paprika,Club HouseSmoked Paprika116 g,$10.49ea,,$9.04/ 100g,False
pantry,President's Choice,Guacamole Mix,President's ChoiceGuacamole Mix215 ml,$2.79ea,,$1.30/ 100ml,False
pantry,Clover Leaf,"Solid Light Tuna, In Olive Oil","Clover LeafSolid Light Tuna, In Olive Oil85 g",$1.99ea,,$2.34/ 100g,False
pantry,President's Choice,Poultry Rub Seasoning,President's ChoicePoultry Rub Seasoning100 g,$4.49ea,,$4.49/ 100g,False
pantry,Knorr,Sidekicks Side Dishes Mexican Rice,KnorrSidekicks Side Dishes Mexican Rice133 g,$2.49ea,,$1.87/ 100g,False
pantry,Clover Leaf,Solid White Tuna Albacore in Water,Clover LeafSolid White Tuna Albacore in Water170 g,$3.49ea,,$2.05/ 100g,False
pantry,Kelloggs,Froot Loops Cereal,KelloggsFroot Loops Cereal345 g,$4.79ea,,$1.39/ 100g,False
pantry,Renees,Italian Spring Herb Vinaigrette Salad Dressing,ReneesItalian Spring Herb Vinaigrette Salad Dressing350 ml,$5.49ea,,$1.57/ 100ml,False
pantry,Campbell's,Herbed Chicken with Rice Ready to Serve Soup,Campbell'sHerbed Chicken with Rice Ready to Serve Soup515 ml,$3.49ea,,$0.68/ 100ml,False
pantry,PC Black Label,Madagascar Bourbon Vanilla Bean Paste,PC Black LabelMadagascar Bourbon Vanilla Bean Paste118 g,$10.99ea,,$9.31/ 100g,False
pantry,No Name,Condensed Tomato Soup,No NameCondensed Tomato Soup284 ml,$1.19ea,,$0.42/ 100ml,False
pantry,Wright's,Liquid Smoke Concentrated Seasoning Hickory Slow Smoked Flavour ,Wright'sLiquid Smoke Concentrated Seasoning Hickory Slow Smoked Flavour 103 ml,$3.29ea,,$3.19/ 100ml,False
pantry,Campbell's,"Cream of Mushroom Soup, Less Salt","Campbell'sCream of Mushroom Soup, Less Salt284 ml",$2.49ea,,$0.88/ 100ml,False
pantry,Watkins,Pure Orange Extract,WatkinsPure Orange Extract59 ml,$6.79ea,,$11.51/ 100ml,False
pantry,Club House,"La Grille Wet Rubs, Montréal Steak Spice","Club HouseLa Grille Wet Rubs, Montréal Steak Spice200 ml",$7.29ea,,$3.65/ 100ml,False
pantry,Knorr,Noodles Side Dish quick and easy to prepare Honey Garlic ,KnorrNoodles Side Dish quick and easy to prepare Honey Garlic 162 g,$2.49ea,,$1.54/ 100g,False
pantry,Chef Boyardee,Mini Beef Ravioli,Chef BoyardeeMini Beef Ravioli1.13 kg,$3.99ea,,$0.35/ 100g,False
pantry,Rio Mare,Salmon Fillet In Extra Virgin Olive Oil,Rio MareSalmon Fillet In Extra Virgin Olive Oil125 g,$8.49ea,,$6.79/ 100g,False
pantry,Lipton,"Classic Chicken Noodle Dry Soup Mix  Soup, Low Fat & No Artificial Flavours","LiptonClassic Chicken Noodle Dry Soup Mix  Soup, Low Fat & No Artificial Flavours338 g",$3.39ea,,$1.00/ 100g,False
pantry,President's Choice,Balsamic Dressing,President's ChoiceBalsamic Dressing475 ml,$3.49ea,,$0.73/ 100ml,False
pantry,President's Choice,Guacamole Mix,President's ChoiceGuacamole Mix215 ml,$2.79ea,,$1.30/ 100ml,False
pantry,Clover Leaf,"Solid Light Tuna, In Olive Oil","Clover LeafSolid Light Tuna, In Olive Oil85 g",$1.99ea,,$2.34/ 100g,False
pantry,President's Choice,Poultry Rub Seasoning,President's ChoicePoultry Rub Seasoning100 g,$4.49ea,,$4.49/ 100g,False
pantry,Knorr,Sidekicks Side Dishes Mexican Rice,KnorrSidekicks Side Dishes Mexican Rice133 g,$2.49ea,,$1.87/ 100g,False
pantry,Clover Leaf,Solid White Tuna Albacore in Water,Clover LeafSolid White Tuna Albacore in Water170 g,$3.49ea,,$2.05/ 100g,False
pantry,Kelloggs,Froot Loops Cereal,KelloggsFroot Loops Cereal345 g,$4.79ea,,$1.39/ 100g,False
pantry,Renees,Italian Spring Herb Vinaigrette Salad Dressing,ReneesItalian Spring Herb Vinaigrette Salad Dressing350 ml,$5.49ea,,$1.57/ 100ml,False
pantry,Campbell's,Herbed Chicken with Rice Ready to Serve Soup,Campbell'sHerbed Chicken with Rice Ready to Serve Soup515 ml,$3.49ea,,$0.68/ 100ml,False
pantry,PC Black Label,Madagascar Bourbon Vanilla Bean Paste,PC Black LabelMadagascar Bourbon Vanilla Bean Paste118 g,$10.99ea,,$9.31/ 100g,False
pantry,No Name,Condensed Tomato Soup,No NameCondensed Tomato Soup284 ml,$1.19ea,,$0.42/ 100ml,False
pantry,Wright's,Liquid Smoke Concentrated Seasoning Hickory Slow Smoked Flavour ,Wright'sLiquid Smoke Concentrated Seasoning Hickory Slow Smoked Flavour 103 ml,$3.29ea,,$3.19/ 100ml,False
pantry,Robin Hood,Original All Purpose Flour,Robin HoodOriginal All Purpose Flour2.5 kg,$6.49ea,,$0.26/ 100g,False
pantry,Unico,"Whole Tomatoes, No Salt Added","UnicoWhole Tomatoes, No Salt Added796 ml",$2.29ea,,$0.29/ 100ml,False
pantry,Spam,Classic Fully Cooked Luncheon Meat,SpamClassic Fully Cooked Luncheon Meat340 g,$3.99ea,,$1.17/ 100g,False
pantry,Club House,"Food Colour, Red","Club HouseFood Colour, Red28 ml",$2.99ea,,$10.68/ 100ml,False
pantry,Terra,Delyssa Premium Extra Virgin Olive Oil,TerraDelyssa Premium Extra Virgin Olive Oil1 l,$12.99ea,,$1.30/ 100ml,False
pantry,Ruffles,Ranch Flavoured Dip,RufflesRanch Flavoured Dip425 g,$4.79ea,,$1.13/ 100g,False
pantry,No Name,Small Shells Pasta,No NameSmall Shells Pasta900 g,$1.79ea,,$0.20/ 100g,False
pantry,Unico,"Black Beans, No Salt Added","UnicoBlack Beans, No Salt Added540 ml",$1.49ea,,$0.28/ 100ml,False
pantry,Unico,"Diced Tomatoes, Herbs & Spices","UnicoDiced Tomatoes, Herbs & Spices796 ml",$2.29ea,,$0.29/ 100ml,False
pantry,Unico,Crushed Tomatoes. No Salt Added,UnicoCrushed Tomatoes. No Salt Added796 ml,$2.29ea,,$0.29/ 100ml,False
pantry,Campbell's,Butter Chicken Ready to Serve Soup ,Campbell'sButter Chicken Ready to Serve Soup 515 ml,$3.49ea,,$0.68/ 100ml,False
pantry,Spam,Less Sodium 25% Less Sodium Than Our Regular Luncheon Meat,SpamLess Sodium 25% Less Sodium Than Our Regular Luncheon Meat340 g,$3.99ea,,$1.17/ 100g,False
pantry,Kraft,"Zesty Italian Dressing, Calorie Wise","KraftZesty Italian Dressing, Calorie Wise475 ml",$3.79ea,,$0.80/ 100ml,False
pantry,Club House,"Signature, Blends Italiano","Club HouseSignature, Blends Italiano123 g",$6.99ea,,$5.68/ 100g,False
pantry,Blue Dragon,Thai Red Curry Paste,Blue DragonThai Red Curry Paste270 ml,$5.49ea,,$2.03/ 100ml,False
pantry,Dr Oetker,"Pudding Supreme, English Toffee","Dr OetkerPudding Supreme, English Toffee90 g",$1.79ea,,$1.99/ 100g,False
pantry,Aylmer,Accents Diced Tomatoes with Green Pepper,AylmerAccents Diced Tomatoes with Green Pepper540 ml,$2.49ea,,$0.46/ 100ml,False
pantry,Mr Noodles,"Noodles in a Cup, Chicken","Mr NoodlesNoodles in a Cup, Chicken64 g",$0.99ea,,$1.55/ 100g,False
pantry,President's Choice,Tomato Ketchup,President's ChoiceTomato Ketchup1 l,$4.29ea,,$0.43/ 100ml,False
pantry,General Mills,Honey Nut Cheerios,General MillsHoney Nut Cheerios430 g,$4.79ea,,$1.11/ 100g,False
pantry,President's Choice,Soft Taco Kit,President's ChoiceSoft Taco Kit427 g,$4.19ea,,$0.98/ 100g,False
pantry,Classico,Bolognese Spaghetti Pasta Sauce,ClassicoBolognese Spaghetti Pasta Sauce650 ml,$4.49ea,,$0.69/ 100ml,False
pantry,Dainty,Kimora Calrose Rice,DaintyKimora Calrose Rice1.6 kg,$9.39ea,,$0.59/ 100g,False
pantry,President's Choice,Marinara Pasta Sauce,President's ChoiceMarinara Pasta Sauce650 ml,$3.79ea,,$0.58/ 100ml,False
pantry,General Mills,Oatmeal Crisp Triple Berry Cereal,General MillsOatmeal Crisp Triple Berry Cereal399 g,$4.79ea,,$1.20/ 100g,False
pantry,Betty Crocker,Frost Deluxe Whipped Milk Chocolate,Betty CrockerFrost Deluxe Whipped Milk Chocolate340 g,$2.29ea,,$0.67/ 100g,False
pantry,Old El Paso,Soft Taco Dinner Kit,Old El PasoSoft Taco Dinner Kit400 g,$4.99ea,,$1.25/ 100g,False
pantry,Old El Paso,Fajita Dinner Kit    ,Old El PasoFajita Dinner Kit    400 g,$4.99ea,,$1.25/ 100g,False
pantry,No Name,Unsweetened Apple Sauce,No NameUnsweetened Apple Sauce620 ml,$2.00ea,,$0.32/ 100ml,False
pantry,President's Choice,7-Vegetable Primavera Pasta Sauce,President's Choice7-Vegetable Primavera Pasta Sauce650 ml,$3.79ea,,$0.58/ 100ml,False
pantry,Cock,Chili Sauce for Spring Rolls,CockChili Sauce for Spring Rolls720 ml,$5.99ea,,$0.83/ 100ml,False
pantry,Old El Paso,Hard & Soft Taco Dinner Kit,Old El PasoHard & Soft Taco Dinner Kit340 g,$4.99ea,,$1.47/ 100g,False
pantry,Classico,Roasted Portobello Mushrooms Spaghetti Pasta Sauce,ClassicoRoasted Portobello Mushrooms Spaghetti Pasta Sauce650 ml,$4.49ea,,$0.69/ 100ml,False
pantry,Betty Crocker,SuperMoist Cherry Chip Cake Mix,Betty CrockerSuperMoist Cherry Chip Cake Mix432 g,$2.29ea,,$0.53/ 100g,False
pantry,Campbell's,Franco American Turkey Gravy,Campbell'sFranco American Turkey Gravy284 ml,$1.99ea,,$0.70/ 100ml,False
pantry,No Name,Whipped Dressing,No NameWhipped Dressing890 ml,$4.99ea,,$0.56/ 100ml,False
pantry,No Name,Diced Tomatoes with Herbs and Spices,No NameDiced Tomatoes with Herbs and Spices796 ml,$1.49ea,,$0.19/ 100ml,False
pantry,President's Choice,7-Vegetable Primavera Pasta Sauce,President's Choice7-Vegetable Primavera Pasta Sauce650 ml,$3.79ea,,$0.58/ 100ml,False
pantry,Cock,Chili Sauce for Spring Rolls,CockChili Sauce for Spring Rolls720 ml,$5.99ea,,$0.83/ 100ml,False
pantry,Old El Paso,Hard & Soft Taco Dinner Kit,Old El PasoHard & Soft Taco Dinner Kit340 g,$4.99ea,,$1.47/ 100g,False
pantry,Classico,Sweet Basil Marinara Spaghetti Pasta Sauce,ClassicoSweet Basil Marinara Spaghetti Pasta Sauce650 ml,$4.49ea,,$0.69/ 100ml,False
pantry,No Name,Chicken Broth,No NameChicken Broth900 ml,$1.49ea,,$0.17/ 100ml,False
pantry,No Name,Paprika,No NamePaprika150 g,$2.29ea,,$1.53/ 100g,False
pantry,No Name,Ground Black Pepper,No NameGround Black Pepper150 g,$2.49ea,,$1.66/ 100g,False
pantry,Windsor,"Sea Salt, Fine","WindsorSea Salt, Fine500 g",$4.49ea,,$0.90/ 100g,False
pantry,No Name,"Ground Cinnamon, Club Size","No NameGround Cinnamon, Club Size560 g",$6.99ea,,$1.25/ 100g,False
pantry,No Name,Poultry Seasoning,No NamePoultry Seasoning70 g,$2.00ea,,$2.86/ 100g,False
pantry,817 Elephant,Pure Basmati Rice,817 ElephantPure Basmati Rice4 kg,$19.99ea,,$0.50/ 100g,False
pantry,No Name,Black Peppercorns,No NameBlack Peppercorns575 g,$13.99ea,,$2.43/ 100g,False
pantry,No Name,Onion Powder,No NameOnion Powder150 g,$2.00ea,,$1.33/ 100g,False
pantry,General Mills,"Oatmeal Crisp Maple Nut Flavour Cereal, Family Size","General MillsOatmeal Crisp Maple Nut Flavour Cereal, Family Size619 g",$4.88ea,,$0.79/ 100g,False
pantry,Club House,"Signature Blend, Cajun","Club HouseSignature Blend, Cajun120 g",$6.99ea,,$5.83/ 100g,False
pantry,Club House,"Almond Extract, Pure","Club HouseAlmond Extract, Pure43 ml",$4.49ea,,$10.44/ 100ml,False
pantry,No Name,"Artificial Vanilla Extract, Club Size","No NameArtificial Vanilla Extract, Club Size1 l",$8.49ea,,$0.85/ 100ml,False
pantry,No Name,Cinnamon Sticks,No NameCinnamon Sticks100 g,$3.99ea,,$3.99/ 100g,False
pantry,Betty Crocker,Chocolate Chip Cookie Mix Snack Size,Betty CrockerChocolate Chip Cookie Mix Snack Size212 g,$2.29ea,,$1.08/ 100g,False
pantry,Jell-O,Fat Free Chocolate Instant Pudding Mix,Jell-OFat Free Chocolate Instant Pudding Mix40 g,$1.29ea,,$3.23/ 100g,False
pantry,Bonne Maman,Apricot Jam,Bonne MamanApricot Jam250 ml,$5.99ea,,$2.40/ 100ml,False
pantry,Aurora,"Plain Bread Crumbs, Panko","AuroraPlain Bread Crumbs, Panko227 g",$5.49ea,,$2.42/ 100g,False
pantry,Lee Kum Kee,Pure Sesame Oil,Lee Kum KeePure Sesame Oil443 ml,$5.99ea,,$1.35/ 100ml,False
pantry,PC Blue Menu,Twice The Fruit Raspberry Spread,PC Blue MenuTwice The Fruit Raspberry Spread500 ml,$5.99ea,,$1.20/ 100ml,False
pantry,President's Choice,All Purpose Unbleached Flour,President's ChoiceAll Purpose Unbleached Flour2.5 kg,$4.99ea,,$0.20/ 100g,False
pantry,Dr Oetker,Vanilla Sugar,Dr OetkerVanilla Sugar54 g,$2.79ea,,$5.17/ 100g,False
pantry,Club House,"Seasoning Mix, Beef Stew","Club HouseSeasoning Mix, Beef Stew43 g",$1.49ea,,$3.47/ 100g,False
pantry,Quaker,"Oats, Large Flake","QuakerOats, Large Flake1 kg",$4.29ea,,$0.43/ 100g,False
pantry,VH,Stir-Fry Sauce - Szechwan,VHStir-Fry Sauce - Szechwan355 ml,$3.79ea,,$1.07/ 100ml,False
pantry,Club House,"Seasoning Mix, Hot'N Spicy Chili","Club HouseSeasoning Mix, Hot'N Spicy Chili32 g",$1.49ea,,$4.66/ 100g,False
pantry,Nando's,"Peri Peri Sauce, Garlic","Nando'sPeri Peri Sauce, Garlic250 ml",$6.00ea,,$2.40/ 100ml,False
pantry,Stagg,Slow Burn Homestyle Pork Chili With Beans,StaggSlow Burn Homestyle Pork Chili With Beans425 g,$3.49ea,$2.49ea,$0.59/ 100g,True
pantry,Grace,Bag N' Cook Dry Rub Seasoning With Oven Bag Mild Jamaican Jerk,GraceBag N' Cook Dry Rub Seasoning With Oven Bag Mild Jamaican Jerk35 g,$2.99ea,,$8.54/ 100g,False
pantry,Cream of Wheat,"Cream Of Wheat, Instant Original","Cream of WheatCream Of Wheat, Instant Original336 g",$3.79ea,,$1.13/ 100g,False
pantry,Kraft,Kraft Dinner Unicorn Shapes,KraftKraft Dinner Unicorn Shapes156 g,$2.29ea,,$1.47/ 100g,False
pantry,Renees,Honey Dijon Vinaigrette Salad Dressing,ReneesHoney Dijon Vinaigrette Salad Dressing350 ml,$5.49ea,,$1.57/ 100ml,False
pantry,Betty Crocker,Spicy Cake Mix,Betty CrockerSpicy Cake Mix432 g,$3.99ea,,$0.92/ 100g,False
pantry,PC Blue Menu,Red Chili Beans,PC Blue MenuRed Chili Beans900 g,$3.99ea,,$0.44/ 100g,False
pantry,Wilton,"Candy Melts, Cocoa","WiltonCandy Melts, Cocoa340 g",$3.49ea,,$1.03/ 100g,False
pantry,Reddi Bulk,Raw Pecan Halves,Reddi BulkRaw Pecan Halves250 g,$10.00ea,,$4.00/ 100g,False
pantry,Mario's,Corned Beef ,Mario'sCorned Beef 340 g,$4.00ea,,$1.18/ 100g,False
pantry,President's Choice,Plant Based Vanilla Marshmallows,President's ChoicePlant Based Vanilla Marshmallows284 g,$5.49ea,,$1.93/ 100g,False
pantry,PC Blue Menu,Soup Mix,PC Blue MenuSoup Mix900 g,$3.99ea,,$0.44/ 100g,False
pantry,No Name,Sultana Raisins,No NameSultana Raisins750 g,$6.79ea,,$0.91/ 100g,False
pantry,Suraj,"Ground Black Pepper, Kali Mirch","SurajGround Black Pepper, Kali Mirch400 g",$9.99ea,,$2.50/ 100g,False
pantry,Arm & Hammer,Baking Soda,Arm & HammerBaking Soda2 kg,$5.99ea,,$0.30/ 100g,False
pantry,No Name,Garlic Pasta Sauce,No NameGarlic Pasta Sauce680 ml,$1.99ea,,$0.29/ 100ml,False
pantry,No Name,Soy Sauce,No NameSoy Sauce450 ml,$2.00ea,,$0.44/ 100ml,False
pantry,McCormicks,"International Sauce Mix, Green Peppercorn","McCormicksInternational Sauce Mix, Green Peppercorn38 g",$2.29ea,,$6.03/ 100g,False
pantry,President's Choice,Bacon and Maple Barbecue Sauce,President's ChoiceBacon and Maple Barbecue Sauce500 ml,$3.49ea,,$0.70/ 100ml,False
pantry,Robin Hood,Whole Wheat All Purpose Flour,Robin HoodWhole Wheat All Purpose Flour2.5 kg,$6.49ea,,$0.26/ 100g,False
pantry,Kelloggs,Rice Krispies Cinnamon Cereal,KelloggsRice Krispies Cinnamon Cereal320 g,$4.79ea,,$1.50/ 100g,False
pantry,No Name,Red Wine Vinegar,No NameRed Wine Vinegar500 ml,$1.69ea,,$0.34/ 100ml,False
pantry,No Name,"Breadsticks and Cheese, Processed Cheese Product","No NameBreadsticks and Cheese, Processed Cheese Product3x29.0 g",$1.25ea,,$1.44/ 100g,False
pantry,President's Choice,Pepperpot Cooking Sauce ,President's ChoicePepperpot Cooking Sauce 400 ml,$4.99ea,,$1.25/ 100ml,False
pantry,Grace,Organic Coconut Sugar,GraceOrganic Coconut Sugar500 g,$6.99ea,,$1.40/ 100g,False
pantry,Betty Crocker,Brownies Mix - Frosted,Betty CrockerBrownies Mix - Frosted550 g,$3.99ea,,$0.73/ 100g,False
pantry,Club House,Himalayan Pink Rock Salts Grinder,Club HouseHimalayan Pink Rock Salts Grinder70 g,$3.99ea,,$5.70/ 100g,False
pantry,Crown,Crown Corn Syrup,CrownCrown Corn Syrup500 ml,$4.79ea,,$0.96/ 100ml,False
pantry,Birds,Custard Powder,BirdsCustard Powder340 g,$5.49ea,,$1.61/ 100g,False
pantry,PC Organics,Bean Medley,PC OrganicsBean Medley398 ml,$2.49ea,,$0.63/ 100ml,False
pantry,Cool Runnings,Rice & Peas Seasoning,Cool RunningsRice & Peas Seasoning350 g,$4.29ea,,$1.23/ 100g,False
pantry,No Name,Long Grain White Rice,No NameLong Grain White Rice8 kg,$13.99ea,,$0.17/ 100g,False
pantry,Betty Crocker,Hamburger Helper Beef Taco,Betty CrockerHamburger Helper Beef Taco210 g,$2.79ea,,$1.33/ 100g,False
pantry,Betty Crocker,Reese Dessert Bar Kit,Betty CrockerReese Dessert Bar Kit503 g,$3.99ea,,$0.79/ 100g,False
pantry,Kraft,Original Coating Mix,KraftOriginal Coating Mix142 g,$3.69ea,,$2.60/ 100g,False
pantry,PC Organics,Organic Fruit Spread Apricot,PC OrganicsOrganic Fruit Spread Apricot235 ml,$3.99ea,,$1.70/ 100ml,False
pantry,McCormicks,"International Sauce Mix, Roast Gravy For Poultry","McCormicksInternational Sauce Mix, Roast Gravy For Poultry30 g",$2.29ea,,$7.63/ 100g,False
pantry,Green Giant,Sweetlet Peas ,Green GiantSweetlet Peas 398 ml,$1.99ea,,$0.50/ 100ml,False
pantry,Nupak,White Kidney Beans,NupakWhite Kidney Beans900 g,$4.19ea,,$0.47/ 100g,False
pantry,PC Organics,"Organic Pasta Sauce, Primavera","PC OrganicsOrganic Pasta Sauce, Primavera700 ml",$6.00ea,,$0.86/ 100ml,False
pantry,Dr Oetker,Pizzaiolo Kits,Dr OetkerPizzaiolo Kits700 g,$4.79ea,,$0.68/ 100g,False
pantry,Green Giant,Peas & Carrots,Green GiantPeas & Carrots398 ml,$1.99ea,,$0.50/ 100ml,False
pantry,Hershey's,Chipits Butterscotch Baking Chips,Hershey'sChipits Butterscotch Baking Chips270 g,$4.39ea,,$1.63/ 100g,False
pantry,No Name,Fruit Cocktail in Light Syrup,No NameFruit Cocktail in Light Syrup796 ml,$2.99ea,,$0.38/ 100ml,False
pantry,Del Monte,Peach Slices in Juice,Del MontePeach Slices in Juice398 ml,$2.69ea,,$0.68/ 100ml,False
pantry,President's Choice,World of Flavours Thai Chicken Soup,President's ChoiceWorld of Flavours Thai Chicken Soup540 ml,$3.29ea,,$0.61/ 100ml,False
pantry,President's Choice,Instant Oatmeal Cinnamon,President's ChoiceInstant Oatmeal Cinnamon380 g,$2.99ea,,$0.79/ 100g,False
pantry,Swiss Chalet,SwissChalet Sauce Dipping,Swiss ChaletSwissChalet Sauce Dipping284 ml,$1.99ea,,$0.70/ 100ml,False
pantry,Suraj,Ground Turmeric ,SurajGround Turmeric 400 g,$3.49ea,,$0.87/ 100g,False
pantry,President's Choice,Plant Based Chocolate Chips Semi-Sweet,President's ChoicePlant Based Chocolate Chips Semi-Sweet300 g,$3.49ea,,$1.16/ 100g,False
pantry,Cool Runnings,Granulated Onion Powder,Cool RunningsGranulated Onion Powder200 g,$4.99ea,,$2.50/ 100g,False
pantry,Club House,"Seasoning Mix, Pasta Salad","Club HouseSeasoning Mix, Pasta Salad28 g",$2.29ea,,$8.18/ 100g,False
pantry,No Name,Pineapple Sauce,No NamePineapple Sauce350 ml,$3.49ea,$3.00ea,$0.86/ 100ml,True
pantry,Pataks,Hot Curry Paste,PataksHot Curry Paste284 ml,$5.49ea,,$1.93/ 100ml,False
pantry,Happy Dairy,Ghee Clarified Butter,Happy DairyGhee Clarified Butter800 g,$15.99ea,,$2.00/ 100g,False
pantry,La Costena,Chipotle Pepper Sauce,La CostenaChipotle Pepper Sauce200 ml,$1.29ea,,$0.59/ 100ml,False
pantry,President's Choice,Souvlaki Marinade ,President's ChoiceSouvlaki Marinade 350 ml,$4.49ea,,$1.28/ 100ml,False
pantry,Mr Noodles,Shrimp Flavour Instant Noodles,Mr NoodlesShrimp Flavour Instant Noodles85 g,$0.49ea,,$0.58/ 100g,False
pantry,President's Choice,Original Pasta Sauce,President's ChoiceOriginal Pasta Sauce1.8 l,$6.99ea,,$0.39/ 100ml,False
pantry,No Name,Caesar Croutons,No NameCaesar Croutons145 g,$2.00ea,,$1.38/ 100g,False
pantry,Kraft,Baker's 100% Pure Premium White Chocolate Baking Bar,KraftBaker's 100% Pure Premium White Chocolate Baking Bar170 g,$5.79ea,,$3.41/ 100g,False
pantry,VH,Mango Chili     ,VHMango Chili     341 ml,$3.79ea,,$1.11/ 100ml,False
pantry,Kraft,Calorie Wise Greek Feta and Oregano Dressing,KraftCalorie Wise Greek Feta and Oregano Dressing475 ml,$3.79ea,,$0.80/ 100ml,False
pantry,Betty Crocker,Gluten Free Chocolate Chip Cookie Mix,Betty CrockerGluten Free Chocolate Chip Cookie Mix539 g,$6.79ea,,$1.26/ 100g,False
pantry,President's Choice,Everything Bagel Seasoning,President's ChoiceEverything Bagel Seasoning65 g,$3.79ea,,$5.83/ 100g,False
pantry,Maple Leaf,Flakes of Chicken by Maple Leaf,Maple LeafFlakes of Chicken by Maple Leaf156 g,$3.29ea,,$2.11/ 100g,False
pantry,Campbell's,No Salt Added Beef Broth,Campbell'sNo Salt Added Beef Broth900 ml,$1.99ea,,$0.22/ 100ml,False
pantry,Brunswick,"Sardines, Tomato Sauce","BrunswickSardines, Tomato Sauce106 g",$1.99ea,,$1.88/ 100g,False
pantry,President's Choice,Smoked Whole Responsibly Farmed Mussels In Sunflower Oil,President's ChoiceSmoked Whole Responsibly Farmed Mussels In Sunflower Oil85 g,$1.99ea,,$2.34/ 100g,False
pantry,Weber,Sizzlin' Butter Seasoning,WeberSizzlin' Butter Seasoning184 g,$6.99ea,,$3.80/ 100g,False
pantry,Natursource,Organic Salad Topper Smart Life,NatursourceOrganic Salad Topper Smart Life600 g,$10.00ea,$9.00ea,$1.50/ 100g,True
pantry,Club House,"La Grille, Seasoned Salt","Club HouseLa Grille, Seasoned Salt248 g",$5.99ea,,$2.42/ 100g,False
pantry,Kraft,"BBQ Sauce, Hickory","KraftBBQ Sauce, Hickory455 ml",$2.69ea,,$0.59/ 100ml,False
pantry,Aurora,Chicken Bouillon Cubes,AuroraChicken Bouillon Cubes66 g,$1.49ea,,$2.26/ 100g,False
pantry,Frenchs,Dijon Mustard,FrenchsDijon Mustard325 ml,$2.49ea,,$0.77/ 100ml,False
pantry,General Mills,Cheerios Cereal Multi Grain Jumbo,General MillsCheerios Cereal Multi Grain Jumbo1010 g,$9.99ea,,$0.99/ 100g,False
pantry,President's Choice,Sweet & Salty Blend Salad Topping,President's ChoiceSweet & Salty Blend Salad Topping100 g,$3.79ea,,$3.79/ 100g,False
pantry,No Name,Pear Halves in Light Syrup,No NamePear Halves in Light Syrup796 ml,$2.99ea,,$0.38/ 100ml,False
pantry,President's Choice,Ground Savory,President's ChoiceGround Savory35 g,$4.99ea,,$14.26/ 100g,False
pantry,No Name,Lasagna Pasta,No NameLasagna Pasta500 g,$2.69ea,,$0.54/ 100g,False
pantry,President's Choice,Whole Cloves ,President's ChoiceWhole Cloves 31 g,$8.99ea,,$29.00/ 100g,False
pantry,Unico,Tuna in Olive Oil,UnicoTuna in Olive Oil3x80.0 g,$5.79ea,,$2.41/ 100g,False
pantry,Molisana,Penne Ziti Rigate,MolisanaPenne Ziti Rigate450 g,$2.79ea,,$0.62/ 100g,False
pantry,No Name,Condensed Vegetable Soup,No NameCondensed Vegetable Soup284 ml,$1.19ea,,$0.42/ 100ml,False
pantry,No Name,Ground Sage,No NameGround Sage80 g,$2.49ea,,$3.11/ 100g,False
pantry,President's Choice,Italian-Style Wedding Soup,President's ChoiceItalian-Style Wedding Soup540 ml,$3.29ea,,$0.61/ 100ml,False
pantry,Rio Mare,"Tuna, Solid Light In Olive Oil","Rio MareTuna, Solid Light In Olive Oil3x80.0 g",$6.49ea,,$2.70/ 100g,False
pantry,Clover Leaf,"Flaked Light Tuna, Sundried Tomato & Basil","Clover LeafFlaked Light Tuna, Sundried Tomato & Basil85 g",$1.99ea,,$2.34/ 100g,False
pantry,Shan,"Tikka Seekh Kebab, BBQ","ShanTikka Seekh Kebab, BBQ50 g",$2.29ea,,$4.58/ 100g,False
pantry,Knorr,Recipe Soup Mix  Onion No Artificial Flavour,KnorrRecipe Soup Mix  Onion No Artificial Flavour56 g,$2.89ea,,$5.16/ 100g,False
pantry,President's Choice,Cranberry Vinaigrette,President's ChoiceCranberry Vinaigrette350 ml,$3.79ea,,$1.08/ 100ml,False
pantry,Quaker,Bran Muffin Mix,QuakerBran Muffin Mix900 g,$4.79ea,$3.99ea,$0.44/ 100g,True
pantry,Clover Leaf,"Mussels, Smoked","Clover LeafMussels, Smoked85 g",$2.49ea,,$2.93/ 100g,False
pantry,Club House,"La Grille, Salt Free Salmon Seasoning","Club HouseLa Grille, Salt Free Salmon Seasoning140 g",$5.99ea,,$4.28/ 100g,False
pantry,President's Choice,Turmeric Seasoned Mixed Nuts,President's ChoiceTurmeric Seasoned Mixed Nuts275 g,$6.50ea,,$2.36/ 100g,False
pantry,Old El Paso,Tacos For 2 – Hard Taco Kit,Old El PasoTacos For 2 – Hard Taco Kit94 g,$3.99ea,,$4.24/ 100g,False
pantry,Unico,"Tuna, Solid Light","UnicoTuna, Solid Light198 g",$2.29ea,,$1.16/ 100g,False
pantry,No Name,"Soup Cups, Chicken","No NameSoup Cups, Chicken65 g",$1.00ea,,$1.54/ 100g,False
pantry,Capn Crunch,Sweetened Corn & Oat Cereal,Capn CrunchSweetened Corn & Oat Cereal350 g,$5.49ea,$3.99ea,$1.14/ 100g,True
pantry,President's Choice,Himalayan Rock Salts ,President's ChoiceHimalayan Rock Salts 100 g,$3.79ea,,$3.79/ 100g,False
pantry,Barilla,Pasta Ditali,BarillaPasta Ditali410 g,$2.29ea,,$0.56/ 100g,False
pantry,PC Black Label,Smoky Chipotle Salsa,PC Black LabelSmoky Chipotle Salsa430 ml,$5.29ea,,$1.23/ 100ml,False
pantry,Quaker,Blueberry Buttermilk Flavour Muffin Mix,QuakerBlueberry Buttermilk Flavour Muffin Mix900 g,$4.79ea,$3.99ea,$0.44/ 100g,True
pantry,No Name,Oven-ready Lasagna Pasta,No NameOven-ready Lasagna Pasta375 g,$2.69ea,,$0.72/ 100g,False
pantry,Catelli,"Smart, Bows Pasta","CatelliSmart, Bows Pasta340 g",$2.99ea,,$0.88/ 100g,False
pantry,Aurora,Vegetable Bouillon Cube,AuroraVegetable Bouillon Cube66 g,$1.49ea,,$2.26/ 100g,False
pantry,Rio Mare,Tuna Salad with Corn,Rio MareTuna Salad with Corn160 g,$4.49ea,,$2.81/ 100g,False
pantry,Clover Leaf,Albacore Tuna White Flake in Water,Clover LeafAlbacore Tuna White Flake in Water170 g,$3.49ea,,$2.05/ 100g,False
pantry,KFI,Butter Chicken Sauce,KFIButter Chicken Sauce375 ml,$4.99ea,,$1.33/ 100ml,False
pantry,Strubs,Baby Dill Pickles,StrubsBaby Dill Pickles1 l,$7.99ea,,$0.80/ 100ml,False
pantry,Indomie,Instant Mi Goreng Fried Noodles,IndomieInstant Mi Goreng Fried Noodles5x85.0 g,$3.49ea,,$0.82/ 100g,False
pantry,President's Choice,Red Enchilada Sauce,President's ChoiceRed Enchilada Sauce215 ml,$2.79ea,,$1.30/ 100ml,False
pantry,PC Blue Menu,White Spaghetti Pasta With Fibre,PC Blue MenuWhite Spaghetti Pasta With Fibre375 g,$1.79ea,,$0.48/ 100g,False
pantry,President's Choice,100% Pure Maple Syrup (Amber),President's Choice100% Pure Maple Syrup (Amber)500 ml,$13.99ea,,$2.80/ 100ml,False
pantry,VH,Marinade - Sweet & Sour Sauce,VHMarinade - Sweet & Sour Sauce341 ml,$3.79ea,,$1.11/ 100ml,False
pantry,Habitant,Pea Soup with Smoked Ham,HabitantPea Soup with Smoked Ham796 ml,$3.59ea,,$0.45/ 100ml,False
pantry,General Mills,Cheerios Cereal Apple Cinnamon Family Size,General MillsCheerios Cereal Apple Cinnamon Family Size778 g,$4.88ea,,$0.63/ 100g,False
pantry,Club House,Celery Salt,Club HouseCelery Salt190 g,$7.49ea,,$3.94/ 100g,False
pantry,No Name,Extra Broad Egg Noodles,No NameExtra Broad Egg Noodles340 g,$2.79ea,,$0.82/ 100g,False
pantry,Knorr,Pasta Side Dish Butter & Herb ,KnorrPasta Side Dish Butter & Herb 133 g,$2.49ea,,$1.87/ 100g,False
pantry,No Name,Spaghetti Pasta,No NameSpaghetti Pasta900 g,$1.79ea,,$0.20/ 100g,False
pantry,Suraj,"Fenugreek Seeds, Methi Dana","SurajFenugreek Seeds, Methi Dana400 g",$2.49ea,,$0.62/ 100g,False
pantry,Mr Noodles,Instant Noodles Vegetable Flavour,Mr NoodlesInstant Noodles Vegetable Flavour85 g,$0.49ea,,$0.58/ 100g,False
pantry,Club House,"Allspice, Ground","Club HouseAllspice, Ground35 g",$5.29ea,,$15.11/ 100g,False
pantry,President's Choice,Sustainably Sourced Wild Albacore Flaked White Tuna,President's ChoiceSustainably Sourced Wild Albacore Flaked White Tuna170 g,$2.99ea,,$1.76/ 100g,False
pantry,President's Choice,Mole Verde Simmer Sauce,President's ChoiceMole Verde Simmer Sauce236 ml,$2.99ea,,$1.27/ 100ml,False
pantry,Clover Leaf,Solid Tuna in Light Olive Oil,Clover LeafSolid Tuna in Light Olive Oil240 g,$5.99ea,,$2.50/ 100g,False
pantry,PC Blue Menu,Caesar Salad Dressing,PC Blue MenuCaesar Salad Dressing475 ml,$3.49ea,,$0.73/ 100ml,False
pantry,Heinz,Deep-Browned Beans with Tomato Sauce,HeinzDeep-Browned Beans with Tomato Sauce398 ml,$1.79ea,,$0.45/ 100ml,False
pantry,No Name,Baking Powder,No NameBaking Powder450 g,$4.00ea,,$0.89/ 100g,False
pantry,President's Choice,Cacciatore Cooking Sauce,President's ChoiceCacciatore Cooking Sauce400 ml,$4.99ea,,$1.25/ 100ml,False
pantry,Basse,Bassé Earth Mix,BasseBassé Earth Mix445 g,$6.00ea,,$1.35/ 100g,False
pantry,President's Choice,Pad Thaï Cooking Sauce,President's ChoicePad Thaï Cooking Sauce400 ml,$3.99ea,,$1.00/ 100ml,False
pantry,No Name,Pure Tomato Paste,No NamePure Tomato Paste369 ml,$1.25ea,,$0.34/ 100ml,False
pantry,Kraft,Creamy Caesar Dressing,KraftCreamy Caesar Dressing475 ml,$3.79ea,,$0.80/ 100ml,False
pantry,Kraft,Zesty Italian Salad Dressing,KraftZesty Italian Salad Dressing475 ml,$3.79ea,,$0.80/ 100ml,False
pantry,Knorr,Sidekicks Butter & Herb Rice & Vermicelli Side Dis,KnorrSidekicks Butter & Herb Rice & Vermicelli Side Dis153 g,$2.49ea,,$1.63/ 100g,False
pantry,Bush's Best,Baked Beans - Molasses with Pork,Bush's BestBaked Beans - Molasses with Pork398 ml,$1.99ea,,$0.50/ 100ml,False
pantry,Royal Nuts,"Dry Roasted Cashews, Unsalted","Royal NutsDry Roasted Cashews, Unsalted350 g",$12.00ea,,$3.43/ 100g,False
pantry,Basse,Bassé Ultimate Bar Mix,BasseBassé Ultimate Bar Mix550 g,$6.00ea,,$1.09/ 100g,False
pantry,Smuckers,Pure Strawberry Jam,SmuckersPure Strawberry Jam500 ml,$4.49ea,,$0.90/ 100ml,False
pantry,Royal Nuts,Dry Roasted Almonds,Royal NutsDry Roasted Almonds325 g,$10.00ea,,$3.08/ 100g,False
pantry,Bens,Roasted Olive Oil,BensRoasted Olive Oil365 g,$4.79ea,,$1.31/ 100g,False
pantry,No Name,Teriyaki Sauce,No NameTeriyaki Sauce350 ml,$3.49ea,$3.00ea,$0.86/ 100ml,True
pantry,Betty Crocker,White Cake Mix,Betty CrockerWhite Cake Mix430 g,$3.79ea,,$0.88/ 100g,False
pantry,Pataks,Butter Chicken Cooking Sauce,PataksButter Chicken Cooking Sauce400 ml,$4.99ea,,$1.25/ 100ml,False
pantry,Reddi Bulk,Dried Cranberries,Reddi BulkDried Cranberries350 g,$5.00ea,,$1.43/ 100g,False
pantry,Primo,Tomato Sauce,PrimoTomato Sauce680 ml,$3.29ea,,$0.48/ 100ml,False
pantry,HP,Sauce,HPSauce1 l,$9.99ea,,$1.00/ 100ml,False
pantry,Amira,BBQ Peanuts,AmiraBBQ Peanuts400 g,$3.00ea,,$0.75/ 100g,False
pantry,PC Splendido,Gnocchi,PC SplendidoGnocchi500 g,$2.29ea,,$0.46/ 100g,False
pantry,Catelli,"Smart, Spaghettini Pasta","CatelliSmart, Spaghettini Pasta375 g",$3.29ea,$2.99ea,$0.80/ 100g,True
pantry,Renees,Balsamic Vinaigrette Salad Dressing,ReneesBalsamic Vinaigrette Salad Dressing350 ml,$5.49ea,,$1.57/ 100ml,False
pantry,PC Black Label,Fiori Di Sicilia  Natural Citrus And Vanilla Flavour,PC Black LabelFiori Di Sicilia  Natural Citrus And Vanilla Flavour59 ml,$5.99ea,,$10.15/ 100ml,False
pantry,Catelli,"Smart, Macaroni Pasta","CatelliSmart, Macaroni Pasta375 g",$3.29ea,$2.99ea,$0.80/ 100g,True
pantry,Clover Leaf,"Baby Clams, Whole Yellow In Water","Clover LeafBaby Clams, Whole Yellow In Water142 ml",$2.99ea,,$2.11/ 100ml,False
pantry,Knorr,"Rice Noodle Cup Japanese Miso Low Fat, Vegetarian","KnorrRice Noodle Cup Japanese Miso Low Fat, Vegetarian81 g",$2.79ea,,$3.44/ 100g,False
pantry,Knorr,"Bouillon Cubes for rich deep beef flavour Beef easy to use, ","KnorrBouillon Cubes for rich deep beef flavour Beef easy to use, 63 g",$3.29ea,,$5.22/ 100g,False
pantry,Catelli,"Gluten Free, Linguine Pasta","CatelliGluten Free, Linguine Pasta340 g",$3.29ea,,$0.97/ 100g,False
pantry,No Name,Fettuccine Pasta,No NameFettuccine Pasta900 g,$1.79ea,,$0.20/ 100g,False
pantry,General Mills,Cheerios Cereal Multi-Grain Family Size,General MillsCheerios Cereal Multi-Grain Family Size585 g,$4.88ea,,$0.83/ 100g,False
pantry,Lantic,Icing Sugar,LanticIcing Sugar1 kg,$3.49ea,,$0.35/ 100g,False
pantry,Kraft,Balsamic Vinaigrette,KraftBalsamic Vinaigrette475 ml,$3.79ea,,$0.80/ 100ml,False
pantry,No Name,Curry Powder,No NameCurry Powder125 g,$2.49ea,,$1.99/ 100g,False
pantry,Old El Paso,Mini Tortilla Bowl,Old El PasoMini Tortilla Bowl144 g,$3.99ea,,$2.77/ 100g,False
pantry,Brunswick,"Seafood Snacks, Kippered","BrunswickSeafood Snacks, Kippered100 g",$1.99ea,,$1.99/ 100g,False
pantry,PC Blue Menu,Blue Menu Just Peanuts Smooth Peanut Butter,PC Blue MenuBlue Menu Just Peanuts Smooth Peanut Butter750 g,$4.00ea,,$0.53/ 100g,False
pantry,President's Choice,Green Goddess Dressing,President's ChoiceGreen Goddess Dressing475 ml,$3.49ea,,$0.73/ 100ml,False
pantry,Renees,Dressing And Dip Mighty Caesar,ReneesDressing And Dip Mighty Caesar355 ml,$5.49ea,,$1.55/ 100ml,False
pantry,President's Choice,Black Peppercorns,President's ChoiceBlack Peppercorns48 g,$3.79ea,,$7.90/ 100g,False
pantry,President's Choice,Table Syrup With 10% Maple Syrup,President's ChoiceTable Syrup With 10% Maple Syrup750 ml,$4.99ea,,$0.67/ 100ml,False
pantry,Campbell's,"Cream Of Mushroom, Low Fat","Campbell'sCream Of Mushroom, Low Fat284 ml",$2.49ea,,$0.88/ 100ml,False
pantry,Tim Hortons,Chicken Noodle Soup,Tim HortonsChicken Noodle Soup540 ml,$3.49ea,,$0.65/ 100ml,False
pantry,Five Roses,White All Purpose Flour,Five RosesWhite All Purpose Flour2.5 kg,$6.49ea,,$0.26/ 100g,False
pantry,President's Choice,Pickled and Sliced Jalapeno Peppers,President's ChoicePickled and Sliced Jalapeno Peppers250 ml,$3.49ea,,$1.40/ 100ml,False
pantry,Pearl Milling Company,Original Syrup,Pearl Milling CompanyOriginal Syrup710 ml,$3.29ea,,$0.46/ 100ml,False
pantry,Campbell's,Garden Vegetable Minestrone Ready to Serve Soup,Campbell'sGarden Vegetable Minestrone Ready to Serve Soup515 ml,$3.49ea,,$0.68/ 100ml,False
pantry,Renees,Caesar Dressing,ReneesCaesar Dressing355 ml,$5.49ea,,$1.55/ 100ml,False
pantry,Barilla,Pasta Fettuccine,BarillaPasta Fettuccine410 g,$2.29ea,,$0.56/ 100g,False
pantry,Strubs,Pickled Eggs,StrubsPickled Eggs500 ml,$5.19ea,,$1.04/ 100ml,False
pantry,President's Choice,Sage,President's ChoiceSage12 g,$4.99ea,,$41.58/ 100g,False
pantry,Hellmanns,Dressing salad for sandwiches and salads Classic Ranch made in Canada,HellmannsDressing salad for sandwiches and salads Classic Ranch made in Canada475 ml,$4.79ea,,$1.01/ 100ml,False
pantry,Knorr,Pasta Side Dish that's easy to prepare Creamy Parmesan ,KnorrPasta Side Dish that's easy to prepare Creamy Parmesan 133 g,$2.49ea,,$1.87/ 100g,False
pantry,Kelloggs,"Froot Loops Cereal, Jumbo Size","KelloggsFroot Loops Cereal, Jumbo Size825 g",$10.49ea,,$1.27/ 100g,False
pantry,Renees,Light Caesar Dressing,ReneesLight Caesar Dressing750 ml,$7.99ea,,$1.07/ 100ml,False
pantry,Club House,Chili Powder,Club HouseChili Powder138 g,$6.99ea,,$5.07/ 100g,False
pantry,Barilla,Pasta Capellini,BarillaPasta Capellini410 g,$2.29ea,,$0.56/ 100g,False
pantry,Club House,Paprika,Club HousePaprika119 g,$7.49ea,,$6.29/ 100g,False
pantry,Club House,Dill Weed,Club HouseDill Weed50 g,$7.99ea,,$15.98/ 100g,False
pantry,Club House,Sea Salt Grinder,Club HouseSea Salt Grinder60 g,$4.29ea,,$7.15/ 100g,False
pantry,Suraj,Masala Noodles ,SurajMasala Noodles 300 g,$1.39ea,,$0.46/ 100g,False
pantry,Catelli,"Smart, Lasagne Pasta","CatelliSmart, Lasagne Pasta375 g",$4.79ea,,$1.28/ 100g,False
pantry,Italpasta,"Pasta, Spaghettini","ItalpastaPasta, Spaghettini750 g",$2.79ea,,$0.37/ 100g,False
pantry,Lipton,Cup-a-Soup Instant Soup Mix Chicken Noodle low fat,LiptonCup-a-Soup Instant Soup Mix Chicken Noodle low fat58 g,$2.19ea,,$3.78/ 100g,False
pantry,Mr Noodles,Instant Noodles Curry Chicken Simulated Flavour,Mr NoodlesInstant Noodles Curry Chicken Simulated Flavour85 g,$0.49ea,,$0.58/ 100g,False
pantry,President's Choice,Chipotle Mayo Sandwich Spread,President's ChoiceChipotle Mayo Sandwich Spread300 ml,$3.00ea,,$1.00/ 100ml,False
pantry,Brunswick,"Sardines, Spring Water","BrunswickSardines, Spring Water106 g",$1.99ea,,$1.88/ 100g,False
pantry,Post,Shredded Wheat Big Biscuit Cereal,PostShredded Wheat Big Biscuit Cereal425 g,$3.99ea,,$0.94/ 100g,False
pantry,Barilla,Pasta Spaghettoni,BarillaPasta Spaghettoni410 g,$2.29ea,,$0.56/ 100g,False
pantry,Unico,"Manzanilla Olives, Stuffed","UnicoManzanilla Olives, Stuffed750 ml",$5.59ea,,$0.75/ 100ml,False
pantry,President's Choice,Hot Taco Seasoning Mix,President's ChoiceHot Taco Seasoning Mix24 g,$1.00ea,,$4.17/ 100g,False
pantry,Club House,Garlic Salt,Club HouseGarlic Salt220 g,$6.49ea,,$2.95/ 100g,False
pantry,Dececco,Spaghetti,DececcoSpaghetti450 g,$2.99ea,,$0.66/ 100g,False
pantry,President's Choice,Cream of Mushroom Soup,President's ChoiceCream of Mushroom Soup540 ml,$3.29ea,,$0.61/ 100ml,False
pantry,PC Blue Menu,Bran Flakes Cereal,PC Blue MenuBran Flakes Cereal775 g,$5.99ea,,$0.77/ 100g,False
pantry,President's Choice,Fajita Seasoning Mix ,President's ChoiceFajita Seasoning Mix 24 g,$1.00ea,,$4.17/ 100g,False
pantry,Renees,Homestyle Ranch Dressing,ReneesHomestyle Ranch Dressing355 ml,$5.49ea,,$1.55/ 100ml,False
pantry,President's Choice,Ground Turmeric ,President's ChoiceGround Turmeric 43 g,$5.79ea,,$13.47/ 100g,False
pantry,Knorr,Pasta Side Dish Sour Cream & Chives ,KnorrPasta Side Dish Sour Cream & Chives 133 g,$2.49ea,,$1.87/ 100g,False
pantry,President's Choice,Turmeric Seasoned Mixed Nuts,President's ChoiceTurmeric Seasoned Mixed Nuts275 g,$6.50ea,,$2.36/ 100g,False
pantry,Old El Paso,Tacos For 2 – Hard Taco Kit,Old El PasoTacos For 2 – Hard Taco Kit94 g,$3.99ea,,$4.24/ 100g,False
pantry,Unico,"Tuna, Solid Light","UnicoTuna, Solid Light198 g",$2.29ea,,$1.16/ 100g,False
pantry,No Name,"Soup Cups, Chicken","No NameSoup Cups, Chicken65 g",$1.00ea,,$1.54/ 100g,False
pantry,Capn Crunch,Sweetened Corn & Oat Cereal,Capn CrunchSweetened Corn & Oat Cereal350 g,$5.49ea,$3.99ea,$1.14/ 100g,True
pantry,President's Choice,Himalayan Rock Salts ,President's ChoiceHimalayan Rock Salts 100 g,$3.79ea,,$3.79/ 100g,False
pantry,Barilla,Pasta Ditali,BarillaPasta Ditali410 g,$2.29ea,,$0.56/ 100g,False
pantry,PC Black Label,Smoky Chipotle Salsa,PC Black LabelSmoky Chipotle Salsa430 ml,$5.29ea,,$1.23/ 100ml,False
pantry,Quaker,Blueberry Buttermilk Flavour Muffin Mix,QuakerBlueberry Buttermilk Flavour Muffin Mix900 g,$4.79ea,$3.99ea,$0.44/ 100g,True
pantry,No Name,Oven-ready Lasagna Pasta,No NameOven-ready Lasagna Pasta375 g,$2.69ea,,$0.72/ 100g,False
pantry,Catelli,"Smart, Bows Pasta","CatelliSmart, Bows Pasta340 g",$2.99ea,,$0.88/ 100g,False
pantry,Aurora,Vegetable Bouillon Cube,AuroraVegetable Bouillon Cube66 g,$1.49ea,,$2.26/ 100g,False
pantry,Rio Mare,Tuna Salad with Corn,Rio MareTuna Salad with Corn160 g,$4.49ea,,$2.81/ 100g,False
pantry,Clover Leaf,Albacore Tuna White Flake in Water,Clover LeafAlbacore Tuna White Flake in Water170 g,$3.49ea,,$2.05/ 100g,False
pantry,KFI,Butter Chicken Sauce,KFIButter Chicken Sauce375 ml,$4.99ea,,$1.33/ 100ml,False
pantry,Strubs,Baby Dill Pickles,StrubsBaby Dill Pickles1 l,$7.99ea,,$0.80/ 100ml,False
pantry,Indomie,Instant Mi Goreng Fried Noodles,IndomieInstant Mi Goreng Fried Noodles5x85.0 g,$3.49ea,,$0.82/ 100g,False
pantry,President's Choice,Red Enchilada Sauce,President's ChoiceRed Enchilada Sauce215 ml,$2.79ea,,$1.30/ 100ml,False
pantry,PC Blue Menu,White Spaghetti Pasta With Fibre,PC Blue MenuWhite Spaghetti Pasta With Fibre375 g,$1.79ea,,$0.48/ 100g,False
pantry,President's Choice,100% Pure Maple Syrup (Amber),President's Choice100% Pure Maple Syrup (Amber)500 ml,$13.99ea,,$2.80/ 100ml,False
pantry,VH,Marinade - Sweet & Sour Sauce,VHMarinade - Sweet & Sour Sauce341 ml,$3.79ea,,$1.11/ 100ml,False
pantry,Habitant,Pea Soup with Smoked Ham,HabitantPea Soup with Smoked Ham796 ml,$3.59ea,,$0.45/ 100ml,False
pantry,General Mills,Cheerios Cereal Apple Cinnamon Family Size,General MillsCheerios Cereal Apple Cinnamon Family Size778 g,$4.88ea,,$0.63/ 100g,False
pantry,Club House,Celery Salt,Club HouseCelery Salt190 g,$7.49ea,,$3.94/ 100g,False
pantry,No Name,Extra Broad Egg Noodles,No NameExtra Broad Egg Noodles340 g,$2.79ea,,$0.82/ 100g,False
pantry,Knorr,Pasta Side Dish Butter & Herb ,KnorrPasta Side Dish Butter & Herb 133 g,$2.49ea,,$1.87/ 100g,False
pantry,No Name,Spaghetti Pasta,No NameSpaghetti Pasta900 g,$1.79ea,,$0.20/ 100g,False
pantry,Suraj,"Fenugreek Seeds, Methi Dana","SurajFenugreek Seeds, Methi Dana400 g",$2.49ea,,$0.62/ 100g,False
pantry,Mr Noodles,Instant Noodles Vegetable Flavour,Mr NoodlesInstant Noodles Vegetable Flavour85 g,$0.49ea,,$0.58/ 100g,False
pantry,Club House,"Allspice, Ground","Club HouseAllspice, Ground35 g",$5.29ea,,$15.11/ 100g,False
pantry,Clover Leaf,Solid Tuna in Light Olive Oil,Clover LeafSolid Tuna in Light Olive Oil240 g,$5.99ea,,$2.50/ 100g,False
pantry,PC Blue Menu,Caesar Salad Dressing,PC Blue MenuCaesar Salad Dressing475 ml,$3.49ea,,$0.73/ 100ml,False
pantry,Dececco,Spaghetti,DececcoSpaghetti450 g,$2.99ea,,$0.66/ 100g,False
pantry,President's Choice,Cream of Mushroom Soup,President's ChoiceCream of Mushroom Soup540 ml,$3.29ea,,$0.61/ 100ml,False
pantry,PC Blue Menu,Bran Flakes Cereal,PC Blue MenuBran Flakes Cereal775 g,$5.99ea,,$0.77/ 100g,False
pantry,President's Choice,Fajita Seasoning Mix ,President's ChoiceFajita Seasoning Mix 24 g,$1.00ea,,$4.17/ 100g,False
pantry,Renees,Homestyle Ranch Dressing,ReneesHomestyle Ranch Dressing355 ml,$5.49ea,,$1.55/ 100ml,False
pantry,President's Choice,Ground Turmeric ,President's ChoiceGround Turmeric 43 g,$5.79ea,,$13.47/ 100g,False
pantry,Knorr,Pasta Side Dish Sour Cream & Chives ,KnorrPasta Side Dish Sour Cream & Chives 133 g,$2.49ea,,$1.87/ 100g,False
pantry,Weber,Garlic Parmesan Seasoning,WeberGarlic Parmesan Seasoning122 g,$6.99ea,,$5.73/ 100g,False
pantry,Quaker,Harvest Crunch Canadian Maple Granola Cereal,QuakerHarvest Crunch Canadian Maple Granola Cereal475 g,$3.99ea,,$0.84/ 100g,False
pantry,Vlasic,"Pickles, Bread & Butter Chips","VlasicPickles, Bread & Butter Chips1 l",$5.79ea,,$0.58/ 100ml,False
pantry,Chef Boyardee,Beef Ravioli,Chef BoyardeeBeef Ravioli425 g,$1.99ea,,$0.47/ 100g,False
pantry,Shah,New Treasure Long Grain Parboiled Rice,ShahNew Treasure Long Grain Parboiled Rice8 kg,$17.99ea,,$0.22/ 100g,False
pantry,Weber,Flavour Bomb Seasoning,WeberFlavour Bomb Seasoning191 g,$6.99ea,,$3.66/ 100g,False
pantry,Club House,"Vanilla, Artificial","Club HouseVanilla, Artificial43 ml",$3.79ea,,$8.81/ 100ml,False
pantry,Knorr,Rice Noodle Cup Vietnamese Beef Pho Low Fat ,KnorrRice Noodle Cup Vietnamese Beef Pho Low Fat 60 g,$2.79ea,,$4.65/ 100g,False
pantry,Quaker,Maple & Brown Sugar Flavour Instant Oatmeal,QuakerMaple & Brown Sugar Flavour Instant Oatmeal344 g,$4.99ea,$3.99ea,$1.16/ 100g,True
pantry,Club House,"La Grille, Seasoned Salt","Club HouseLa Grille, Seasoned Salt248 g",$5.99ea,,$2.42/ 100g,False
pantry,Kraft,"BBQ Sauce, Hickory","KraftBBQ Sauce, Hickory455 ml",$2.69ea,,$0.59/ 100ml,False
pantry,Aurora,Chicken Bouillon Cubes,AuroraChicken Bouillon Cubes66 g,$1.49ea,,$2.26/ 100g,False
pantry,Frenchs,Dijon Mustard,FrenchsDijon Mustard325 ml,$2.49ea,,$0.77/ 100ml,False
pantry,General Mills,Cheerios Cereal Multi Grain Jumbo,General MillsCheerios Cereal Multi Grain Jumbo1010 g,$9.99ea,,$0.99/ 100g,False
pantry,President's Choice,Sweet & Salty Blend Salad Topping,President's ChoiceSweet & Salty Blend Salad Topping100 g,$3.79ea,,$3.79/ 100g,False
pantry,No Name,Pear Halves in Light Syrup,No NamePear Halves in Light Syrup796 ml,$2.99ea,,$0.38/ 100ml,False
pantry,President's Choice,Ground Savory,President's ChoiceGround Savory35 g,$4.99ea,,$14.26/ 100g,False
pantry,No Name,Lasagna Pasta,No NameLasagna Pasta500 g,$2.69ea,,$0.54/ 100g,False
pantry,President's Choice,Whole Cloves ,President's ChoiceWhole Cloves 31 g,$8.99ea,,$29.00/ 100g,False
pantry,Habitant,Pea Soup with Smoked Ham,HabitantPea Soup with Smoked Ham796 ml,$3.59ea,,$0.45/ 100ml,False
pantry,General Mills,Cheerios Cereal Apple Cinnamon Family Size,General MillsCheerios Cereal Apple Cinnamon Family Size778 g,$4.88ea,,$0.63/ 100g,False
pantry,Club House,Celery Salt,Club HouseCelery Salt190 g,$7.49ea,,$3.94/ 100g,False
pantry,No Name,Extra Broad Egg Noodles,No NameExtra Broad Egg Noodles340 g,$2.79ea,,$0.82/ 100g,False
pantry,Knorr,Pasta Side Dish Butter & Herb ,KnorrPasta Side Dish Butter & Herb 133 g,$2.49ea,,$1.87/ 100g,False
pantry,No Name,Spaghetti Pasta,No NameSpaghetti Pasta900 g,$1.79ea,,$0.20/ 100g,False
pantry,Suraj,"Fenugreek Seeds, Methi Dana","SurajFenugreek Seeds, Methi Dana400 g",$2.49ea,,$0.62/ 100g,False
pantry,Mr Noodles,Instant Noodles Vegetable Flavour,Mr NoodlesInstant Noodles Vegetable Flavour85 g,$0.49ea,,$0.58/ 100g,False
pantry,Club House,"Allspice, Ground","Club HouseAllspice, Ground35 g",$5.29ea,,$15.11/ 100g,False
pantry,President's Choice,Sustainably Sourced Wild Albacore Flaked White Tuna,President's ChoiceSustainably Sourced Wild Albacore Flaked White Tuna170 g,$2.99ea,,$1.76/ 100g,False
pantry,President's Choice,Mole Verde Simmer Sauce,President's ChoiceMole Verde Simmer Sauce236 ml,$2.99ea,,$1.27/ 100ml,False
pantry,Maple Leaf,Flakes of Chicken by Maple Leaf,Maple LeafFlakes of Chicken by Maple Leaf156 g,$3.29ea,,$2.11/ 100g,False
pantry,Unico,Tuna in Olive Oil,UnicoTuna in Olive Oil3x80.0 g,$5.79ea,,$2.41/ 100g,False
pantry,Five Roses,White All Purpose Flour,Five RosesWhite All Purpose Flour2.5 kg,$6.49ea,,$0.26/ 100g,False
pantry,President's Choice,Pickled and Sliced Jalapeno Peppers,President's ChoicePickled and Sliced Jalapeno Peppers250 ml,$3.49ea,,$1.40/ 100ml,False
pantry,Pearl Milling Company,Original Syrup,Pearl Milling CompanyOriginal Syrup710 ml,$3.29ea,,$0.46/ 100ml,False
pantry,Campbell's,Garden Vegetable Minestrone Ready to Serve Soup,Campbell'sGarden Vegetable Minestrone Ready to Serve Soup515 ml,$3.49ea,,$0.68/ 100ml,False
pantry,Bens,Cheddar & Jalapeno Flavour,BensCheddar & Jalapeno Flavour240 g,$3.49ea,,$1.45/ 100g,False
pantry,Unico,Lentils,UnicoLentils540 ml,$1.49ea,,$0.28/ 100ml,False
pantry,Dr Oetker,"Pudding Supreme, Chocolate","Dr OetkerPudding Supreme, Chocolate90 g",$1.79ea,,$1.99/ 100g,False
pantry,Campbell's,Blazin' Roadhouse Chili-Style Ready to Serve Soup,Campbell'sBlazin' Roadhouse Chili-Style Ready to Serve Soup515 ml,$3.49ea,,$0.68/ 100ml,False
pantry,Pam,Cooking Spray,PamCooking Spray170 g,$6.49ea,,$3.82/ 100g,False
pantry,Unico,White Kidney Beans,UnicoWhite Kidney Beans540 ml,$1.49ea,,$0.28/ 100ml,False
pantry,Betty Crocker,SuperMoist Carrot Cake Mix,Betty CrockerSuperMoist Carrot Cake Mix432 g,$2.29ea,,$0.53/ 100g,False
pantry,President's Choice,Mango & Lime Medium Salsa,President's ChoiceMango & Lime Medium Salsa430 ml,$4.79ea,,$1.11/ 100ml,False
pantry,General Mills,Trix Fruity Shapes Cereal,General MillsTrix Fruity Shapes Cereal303 g,$4.79ea,,$1.58/ 100g,False
pantry,Clover Leaf,"Oysters, Smoked","Clover LeafOysters, Smoked85 g",$2.49ea,,$2.93/ 100g,False
pantry,President's Choice,Extra Chunky Mild Salsa,President's ChoiceExtra Chunky Mild Salsa650 ml,$5.00ea,,$0.77/ 100ml,False
pantry,General Mills,Cinnamon Toast Crunch Rolls Cereal,General MillsCinnamon Toast Crunch Rolls Cereal303 g,$4.79ea,,$1.58/ 100g,False
pantry,President's Choice,Mayonnaise Made With Extra Virgin Olive Oil,President's ChoiceMayonnaise Made With Extra Virgin Olive Oil890 ml,$5.99ea,,$0.67/ 100ml,False
pantry,Old El Paso,"Diner Kit, Hard Taco","Old El PasoDiner Kit, Hard Taco250 g",$4.99ea,,$2.00/ 100g,False
pantry,Campbell's,Chunky Beef,Campbell'sChunky Beef515 ml,$3.49ea,,$0.68/ 100ml,False
pantry,Campbell's,Chunky Vegetable Beef,Campbell'sChunky Vegetable Beef515 ml,$3.49ea,,$0.68/ 100ml,False
pantry,Unico,Peeled Plum Tomatoes,UnicoPeeled Plum Tomatoes796 ml,$2.29ea,,$0.29/ 100ml,False
pantry,Unico,Bean Medley,UnicoBean Medley540 ml,$1.49ea,,$0.28/ 100ml,False
pantry,No Name,Flaked Light Tuna,No NameFlaked Light Tuna170 g,$1.39ea,,$0.82/ 100g,False
pantry,Kraft,"Rancher's Choice Dressing, Calorie Wise","KraftRancher's Choice Dressing, Calorie Wise475 ml",$3.79ea,,$0.80/ 100ml,False
pantry,Campbell's,Chunky Chicken Vegetable Pot Pie,Campbell'sChunky Chicken Vegetable Pot Pie515 ml,$3.49ea,,$0.68/ 100ml,False
pantry,Lee Kum Kee,Panda Brand Oyster Sauce,Lee Kum KeePanda Brand Oyster Sauce510 ml,$3.79ea,,$0.74/ 100g,False
pantry,No Name,Vegetable Broth,No NameVegetable Broth900 ml,$1.49ea,,$0.17/ 100ml,False
pantry,Classico,Roasted Red Pepper Alfredo Spaghetti Pasta Sauce,ClassicoRoasted Red Pepper Alfredo Spaghetti Pasta Sauce410 ml,$4.49ea,,$1.10/ 100ml,False
pantry,Betty Crocker,SuperMoist Carrot Cake Mix,Betty CrockerSuperMoist Carrot Cake Mix432 g,$2.29ea,,$0.53/ 100g,False
pantry,President's Choice,Mango & Lime Medium Salsa,President's ChoiceMango & Lime Medium Salsa430 ml,$4.79ea,,$1.11/ 100ml,False
pantry,General Mills,Trix Fruity Shapes Cereal,General MillsTrix Fruity Shapes Cereal303 g,$4.79ea,,$1.58/ 100g,False
pantry,Clover Leaf,"Oysters, Smoked","Clover LeafOysters, Smoked85 g",$2.49ea,,$2.93/ 100g,False
pantry,President's Choice,Extra Chunky Mild Salsa,President's ChoiceExtra Chunky Mild Salsa650 ml,$5.00ea,,$0.77/ 100ml,False
pantry,Classico,Italian Sausage,ClassicoItalian Sausage650 ml,$4.49ea,,$0.69/ 100ml,False
pantry,General Mills,Honey Crunch,General MillsHoney Crunch423 g,$4.79ea,,$1.13/ 100g,False
pantry,President's Choice,Mild Salsa ,President's ChoiceMild Salsa 650 ml,$5.00ea,,$0.77/ 100ml,False
pantry,No Name,Light Whipped Dressing,No NameLight Whipped Dressing890 ml,$4.99ea,,$0.56/ 100ml,False
pantry,Heinz,Tomato Ketchup,HeinzTomato Ketchup1 l,$5.29ea,,$0.53/ 100ml,False
pantry,No Name,Diced Tomatoes,No NameDiced Tomatoes796 ml,$1.49ea,,$0.19/ 100ml,False
pantry,Classico,Traditional Pizza Sauce,ClassicoTraditional Pizza Sauce410 ml,$4.49ea,,$1.10/ 100ml,False
pantry,Post, Fruity Pebbles Cereal,Post Fruity Pebbles Cereal311 g,$3.99ea,,$1.28/ 100g,False
pantry,President's Choice,Spinach & Cheese Pasta Sauce,President's ChoiceSpinach & Cheese Pasta Sauce650 ml,$3.79ea,,$0.58/ 100ml,False
pantry,No Name,Beef Broth,No NameBeef Broth900 ml,$1.49ea,,$0.17/ 100ml,False
pantry,Betty Crocker,SuperMoist Butter Pecan Cake Mix,Betty CrockerSuperMoist Butter Pecan Cake Mix432 g,$2.29ea,,$0.53/ 100g,False
pantry,President's Choice,Hot Salsa ,President's ChoiceHot Salsa 650 ml,$5.00ea,,$0.77/ 100ml,False
pantry,General Mills,Cinnamon Toast Crunch Rolls Cereal,General MillsCinnamon Toast Crunch Rolls Cereal303 g,$4.79ea,,$1.58/ 100g,False
pantry,President's Choice,Mayonnaise Made With Extra Virgin Olive Oil,President's ChoiceMayonnaise Made With Extra Virgin Olive Oil890 ml,$5.99ea,,$0.67/ 100ml,False
pantry,Old El Paso,"Diner Kit, Hard Taco","Old El PasoDiner Kit, Hard Taco250 g",$4.99ea,,$2.00/ 100g,False
pantry,Jasmine Gold,Thai Jasmine Rice,Jasmine GoldThai Jasmine Rice8 kg,$19.99ea,,$0.25/ 100g,False
pantry,Club House,Artificial Vanilla Extract,Club HouseArtificial Vanilla Extract125 ml,$4.79ea,,$3.83/ 100ml,False
pantry,Campbell's,Chicken Broth,Campbell'sChicken Broth900 ml,$1.99ea,,$0.22/ 100ml,False
pantry,No Name,Ground Cinnamon,No NameGround Cinnamon150 g,$3.99ea,,$2.66/ 100g,False
pantry,No Name,Sesame Seeds,No NameSesame Seeds150 g,$2.29ea,,$1.53/ 100g,False
pantry,No Name,Black Peppercorns,No NameBlack Peppercorns125 g,$3.79ea,,$3.03/ 100g,False
pantry,No Name,Crushed Red Pepper ,No NameCrushed Red Pepper 60 g,$2.00ea,,$3.33/ 100g,False
pantry,Keens,Dry Mustard,KeensDry Mustard88 g,$5.99ea,,$6.81/ 100g,False
pantry,Windsor,Canning & Pickling Course Salt,WindsorCanning & Pickling Course Salt1.36 kg,$2.69ea,,$0.20/ 100g,False
pantry,Hereford,Corned Beef,HerefordCorned Beef340 g,$4.99ea,,$1.47/ 100g,False
pantry,Franks,"Hot Sauce, Original Cayenne Pepper","FranksHot Sauce, Original Cayenne Pepper680 ml",$7.79ea,,$1.15/ 100ml,False
pantry,PC Blue Menu,Tomato Basil Pasta Sauce,PC Blue MenuTomato Basil Pasta Sauce700 ml,$3.79ea,,$0.54/ 100ml,False
pantry,PC Black Label,Pizza Sauce,PC Black LabelPizza Sauce350 ml,$4.29ea,,$1.23/ 100ml,False
pantry,PC Blue Menu,Red Kidney Beans ,PC Blue MenuRed Kidney Beans 900 g,$3.99ea,,$0.44/ 100g,False
pantry,Betty Crocker,Confetti Cake Mix,Betty CrockerConfetti Cake Mix430 g,$3.79ea,,$0.88/ 100g,False
pantry,President's Choice,Bread & Butter Sweet Pickles,President's ChoiceBread & Butter Sweet Pickles1 l,$5.49ea,,$0.55/ 100ml,False
pantry,Bull's-Eye,Hickory BBQ Sauce,Bull's-EyeHickory BBQ Sauce425 ml,$2.99ea,,$0.70/ 100ml,False
pantry,Mr Noodles,"Pho Noodle Soup, Beef","Mr NoodlesPho Noodle Soup, Beef115 g",$1.69ea,,$1.47/ 100g,False
pantry,President's Choice,Pure Orange Marmalade,President's ChoicePure Orange Marmalade500 ml,$4.69ea,,$0.94/ 100ml,False
pantry,Maggi,Season-Up! Powdered Seasoning All Purpose,MaggiSeason-Up! Powdered Seasoning All Purpose200 g,$4.99ea,,$2.50/ 100g,False
pantry,Maggi,Seasoning (Yellow Cap),MaggiSeasoning (Yellow Cap)800 ml,$7.49ea,,$0.94/ 100ml,False
pantry,Bonne Maman,Orange Marmalade,Bonne MamanOrange Marmalade250 ml,$5.99ea,,$2.40/ 100ml,False
pantry,PC Blue Menu,Cut Wax Beans,PC Blue MenuCut Wax Beans398 ml,$1.59ea,,$0.40/ 100ml,False
pantry,Dececco,"Pesto with Basil, Pine Nuts and Extra Virgin Olive Oil Pasta Sauce","DececcoPesto with Basil, Pine Nuts and Extra Virgin Olive Oil Pasta Sauce190 g",$4.69ea,,$2.47/ 100g,False
pantry,Dainty,Basmati Rice     ,DaintyBasmati Rice     900 g,$6.19ea,,$0.69/ 100g,False
pantry,Minute Rice,"Ready To Serve, Long Grain & Wild Rice Fine Herbs","Minute RiceReady To Serve, Long Grain & Wild Rice Fine Herbs250 g",$2.99ea,,$1.20/ 100g,False
pantry,Betty Crocker,Hamburger Helper Cheeseburger Macaroni,Betty CrockerHamburger Helper Cheeseburger Macaroni166 g,$2.79ea,,$1.68/ 100g,False
pantry,PC Blue Menu,Great Northern Beans ,PC Blue MenuGreat Northern Beans 900 g,$3.99ea,,$0.44/ 100g,False
pantry,No Name,Sliced Carrots,No NameSliced Carrots398 ml,$1.29ea,,$0.32/ 100ml,False
pantry,President's Choice,Chili & Lime Flavoured Tortilla Strips,President's ChoiceChili & Lime Flavoured Tortilla Strips99 g,$2.99ea,,$3.02/ 100g,False
pantry,No Name,Simple Check Pie Filling And Dessert Mix Lemon,No NameSimple Check Pie Filling And Dessert Mix Lemon425 g,$2.79ea,,$0.66/ 100g,False
pantry,No Name,Chopped Dried Dates,No NameChopped Dried Dates300 g,$3.99ea,,$1.33/ 100g,False
pantry,Kraft,Three Cheese Ranch Salad Dressing,KraftThree Cheese Ranch Salad Dressing475 ml,$3.79ea,,$0.80/ 100ml,False
pantry,Pataks,Madras Curry Paste,PataksMadras Curry Paste284 ml,$5.49ea,,$1.93/ 100ml,False
pantry,Jell-O,Chocolate Instant Pudding Mix,Jell-OChocolate Instant Pudding Mix113 g,$1.29ea,,$1.14/ 100g,False
pantry,President's Choice,Hickory Smoke Barbecue Sauce,President's ChoiceHickory Smoke Barbecue Sauce1 l,$4.79ea,,$0.48/ 100ml,False
pantry,No Name,Sweet and Sour Sauce,No NameSweet and Sour Sauce350 ml,$3.49ea,$3.00ea,$0.86/ 100ml,True
pantry,Unico,Lupini Beans,UnicoLupini Beans540 ml,$2.29ea,,$0.42/ 100ml,False
pantry,President's Choice,Pieces & Stems Mushroom Medley,President's ChoicePieces & Stems Mushroom Medley284 ml,$1.99ea,,$0.70/ 100ml,False
pantry,Cool Runnings,Jerk Seasoning,Cool RunningsJerk Seasoning300 g,$4.29ea,,$1.43/ 100g,False
pantry,Hellmanns,"Mayonnaise Type Dressing condiment for fries, burgers, and salads Light ½ Fat","HellmannsMayonnaise Type Dressing condiment for fries, burgers, and salads Light ½ Fat1.42 l",$9.99ea,,$0.70/ 100ml,False
pantry,Minute Rice,Jasmine,Minute RiceJasmine500 g,$4.79ea,,$0.96/ 100g,False
pantry,No Name,Lemon Deluxe Cake Mix,No NameLemon Deluxe Cake Mix432 g,$1.99ea,,$0.46/ 100g,False
pantry,Hershey's,"Chipits 70% Dark Chocolate Chunks, 200G","Hershey'sChipits 70% Dark Chocolate Chunks, 200G200 g",$4.39ea,,$2.20/ 100g,False
pantry,Crosby,Family Cooking Molasses,CrosbyFamily Cooking Molasses675 g,$4.99ea,,$0.74/ 100g,False
pantry,Royal Nuts,Natural Raw Almonds,Royal NutsNatural Raw Almonds325 g,$10.00ea,,$3.08/ 100g,False
pantry,Knorr, Cheddar Chiptole Pasta  Side Dishes,Knorr Cheddar Chiptole Pasta  Side Dishes124 g,$2.49ea,,$2.01/ 100g,False
pantry,No Name,Peas & Carrots,No NamePeas & Carrots398 ml,$1.39ea,,$0.35/ 100ml,False
pantry,Kelloggs,Pop Tarts Cookies N Cream,KelloggsPop Tarts Cookies N Cream384 g,$3.49ea,,$0.91/ 100g,False
pantry,President's Choice,Caesar Flavour Sourdough Style Croutons,President's ChoiceCaesar Flavour Sourdough Style Croutons140 g,$3.79ea,,$2.71/ 100g,False
pantry,Quaker,High Protein Maple & Brown Sugar Flavour Instant Oatmeal,QuakerHigh Protein Maple & Brown Sugar Flavour Instant Oatmeal228 g,$4.99ea,,$2.19/ 100g,False
pantry,Unico,Pizza Sauce,UnicoPizza Sauce398 ml,$2.00ea,,$0.50/ 100ml,False
pantry,Christie,Honeymaid Graham Crumbs,ChristieHoneymaid Graham Crumbs400 g,$4.99ea,,$1.25/ 100g,False
pantry,No Name,Baby Dill Pickles With Garlic,No NameBaby Dill Pickles With Garlic1 l,$3.29ea,,$0.33/ 100ml,False
pantry,PC Blue Menu,Strawberry Fruit Spread,PC Blue MenuStrawberry Fruit Spread310 ml,$4.99ea,,$1.61/ 100ml,False
pantry,President's Choice,Pickled Hot Banana Pepper Rings,President's ChoicePickled Hot Banana Pepper Rings750 ml,$4.19ea,,$0.56/ 100ml,False
pantry,Fleischmanns,Bread Machine Yeast,FleischmannsBread Machine Yeast113 g,$4.99ea,,$4.42/ 100g,False
pantry,Reddi Bulk,Wow Peanuts,Reddi BulkWow Peanuts550 g,$6.00ea,,$1.09/ 100g,False
pantry,No Name,Pitted Dates,No NamePitted Dates500 g,$7.29ea,,$1.46/ 100g,False
pantry,Kelloggs,Two Scoops Raisin Bran Cereal,KelloggsTwo Scoops Raisin Bran Cereal425 g,$5.99ea,,$1.41/ 100g,False
pantry,President's Choice,Eggnog Spice Blend,President's ChoiceEggnog Spice Blend53 g,$7.99ea,,$15.08/ 100g,False
pantry,President's Choice,"The Decadent Semi Sweet Chocolate Chips, Club Size","President's ChoiceThe Decadent Semi Sweet Chocolate Chips, Club Size1 kg",$10.49ea,,$1.05/ 100g,False
pantry,Kraft,Pizza Kit,KraftPizza Kit850 g,$8.49ea,,$1.00/ 100g,False
pantry,No Name,Blueberry Pie Filling,No NameBlueberry Pie Filling540 ml,$5.49ea,,$1.02/ 100ml,False
pantry,Minute Rice,Premium Long Grain Rice,Minute RicePremium Long Grain Rice700 g,$5.29ea,,$0.76/ 100g,False
pantry,No Name,Pecan Halves,No NamePecan Halves400 g,$11.49ea,,$2.87/ 100g,False
pantry,Suraj,Red Split Lentils,SurajRed Split Lentils1.8 kg,$5.99ea,,$0.33/ 100g,False
pantry,Robin Hood,Gluten Free All Purpose Flour Blend,Robin HoodGluten Free All Purpose Flour Blend907 g,$8.79ea,,$0.97/ 100g,False
pantry,Unico,"Kalamata Olives, Greek","UnicoKalamata Olives, Greek375 ml",$3.49ea,,$0.93/ 100ml,False
pantry,No Name,Long Grain White Rice,No NameLong Grain White Rice2 kg,$4.49ea,,$0.22/ 100g,False
pantry,,Two Dragons Jasmine Rice,Two Dragons Jasmine Rice8 kg,$18.99ea,,$0.24/ 100g,False
pantry,VH,Stir-Fry Sauce - General Tao's,VHStir-Fry Sauce - General Tao's355 ml,$3.79ea,,$1.07/ 100ml,False
pantry,No Name,100% Pure Canola Oil,No Name100% Pure Canola Oil946 ml,$5.29ea,,$0.56/ 100ml,False
pantry,Dainty,Long Grain & Wild Rice,DaintyLong Grain & Wild Rice450 g,$3.29ea,,$0.73/ 100g,False
pantry,Tutto Bene,Tomato Fusilli Cup,Tutto BeneTomato Fusilli Cup70 g,$1.59ea,,$2.27/ 100g,False
pantry,Blue Dragon,Broccoli Beef Stir Fry Sauce,Blue DragonBroccoli Beef Stir Fry Sauce140 ml,$2.29ea,,$1.64/ 100ml,False
pantry,President's Choice,Smokin' Stampede Beer and Chipotle Barbecue Sauce,President's ChoiceSmokin' Stampede Beer and Chipotle Barbecue Sauce1 l,$5.49ea,,$0.55/ 100ml,False
pantry,Club House,"La Grille, Southern-Style BBQ Seasoning","Club HouseLa Grille, Southern-Style BBQ Seasoning125 g",$5.99ea,,$4.79/ 100g,False
pantry,Club House,"Dry Sauce Mix, Pork Gravy","Club HouseDry Sauce Mix, Pork Gravy24 g",$1.49ea,,$6.21/ 100g,False
pantry,Reddi Bulk,"Roasted Cashews, Unsalted","Reddi BulkRoasted Cashews, Unsalted375 g",$12.00ea,,$3.20/ 100g,False
pantry,Smuckers,No Sugar Added Strawberry Spread,SmuckersNo Sugar Added Strawberry Spread310 ml,$4.99ea,$4.49ea,$1.45/ 100ml,True
pantry,Italpasta,Penne Lisce,ItalpastaPenne Lisce750 g,$2.79ea,,$0.37/ 100g,False
pantry,Hellmanns,Classic Burger Sauce,HellmannsClassic Burger Sauce325 ml,$5.49ea,,$1.69/ 100ml,False
pantry,Quaker,Instant Oats Hot Cereal High Protein Apple & Cinnamon,QuakerInstant Oats Hot Cereal High Protein Apple & Cinnamon228 g,$4.99ea,,$2.19/ 100g,False
pantry,No Name,Extra Large Pitted Ripe Olives,No NameExtra Large Pitted Ripe Olives398 ml,$1.69ea,,$0.42/ 100ml,False
pantry,Amira,Natural Almonds,AmiraNatural Almonds200 g,$4.49ea,,$2.25/ 100g,False
pantry,President's Choice,Unsweetened Dried Mango,President's ChoiceUnsweetened Dried Mango110 g,$6.29ea,,$5.72/ 100g,False
pantry,Kelloggs,All Bran Flakes Family Size Cereal,KelloggsAll Bran Flakes Family Size Cereal560 g,$6.99ea,,$1.25/ 100g,False
pantry,Reddi Bulk,"Blanched Almonds, Sliced","Reddi BulkBlanched Almonds, Sliced275 g",$9.00ea,,$3.27/ 100g,False
pantry,President's Choice,Cayenne & Scotch Bonnet Scorching Wing Sauce,President's ChoiceCayenne & Scotch Bonnet Scorching Wing Sauce350 ml,$3.99ea,,$1.14/ 100ml,False
pantry,No Name,Sweet & Zesty Tomato Chili Sauce,No NameSweet & Zesty Tomato Chili Sauce455 ml,$4.79ea,$4.00ea,$0.88/ 100ml,True
pantry,Ariston, 100% Extra Virgin Olive Oil,Ariston 100% Extra Virgin Olive Oil3 l,$29.99ea,,$1.00/ 100ml,False
pantry,No Name,Chopped Walnuts,No NameChopped Walnuts100 g,$3.29ea,,$3.29/ 100g,False
pantry,PC Blue Menu,Diced Tomatoes,PC Blue MenuDiced Tomatoes796 ml,$1.89ea,,$0.24/ 100ml,False
pantry,McCormicks,"International Roast Gravy Sauce Mix, 25% Less Salt","McCormicksInternational Roast Gravy Sauce Mix, 25% Less Salt32 g",$2.29ea,,$7.16/ 100g,False
pantry,Hunt's,"Tomato Sauce, No Salt","Hunt'sTomato Sauce, No Salt398 ml",$2.29ea,,$0.58/ 100ml,False
pantry,No Name,100% Pure Corn Starch,No Name100% Pure Corn Starch454 g,$2.49ea,,$0.55/ 100g,False
pantry,Bonne Maman,Strawberry Jam,Bonne MamanStrawberry Jam250 ml,$5.99ea,,$2.40/ 100ml,False
pantry,President's Choice,Not-So-Secret Spread And Dip,President's ChoiceNot-So-Secret Spread And Dip300 ml,$4.49ea,,$1.50/ 100ml,False
pantry,Kraft,Poppy Seed Calorie Wise Salad Dressing,KraftPoppy Seed Calorie Wise Salad Dressing475 ml,$3.79ea,,$0.80/ 100ml,False
pantry,No Name,Dried Apricots ,No NameDried Apricots 500 g,$7.99ea,,$1.60/ 100g,False
pantry,Hershey's,"Chipits 70% Dark Chocolate Chunks, 200G","Hershey'sChipits 70% Dark Chocolate Chunks, 200G200 g",$4.39ea,,$2.20/ 100g,False
pantry,Suraj,Whole Mung Beans,SurajWhole Mung Beans907 g,$3.49ea,,$0.38/ 100g,False
pantry,Goya,"Seasoning Powder, Coriander & Annatto","GoyaSeasoning Powder, Coriander & Annatto40 g",$2.29ea,,$5.73/ 100g,False
pantry,President's Choice,Smokin Habanero Barbecue Sauce,President's ChoiceSmokin Habanero Barbecue Sauce500 ml,$3.49ea,,$0.70/ 100ml,False
pantry,Joy's Kitchen,Garlic Powder Jamaican Scotch Bonnet Hot,Joy's KitchenGarlic Powder Jamaican Scotch Bonnet Hot55 g,$3.99ea,,$7.25/ 100g,False
pantry,Reddi Bulk,Roasted Peanuts No Salt,Reddi BulkRoasted Peanuts No Salt907 g,$6.00ea,,$0.66/ 100g,False
pantry,Yves,Organic Kidney Beans,YvesOrganic Kidney Beans398 ml,$3.29ea,,$0.83/ 100ml,False
pantry,Puratos,Puritan Beef Stew,PuratosPuritan Beef Stew410 g,$2.49ea,,$0.61/ 100g,False
pantry,No Name,All-Purpose Flour,No NameAll-Purpose Flour10 kg,$11.99ea,,$0.12/ 100g,False
pantry,Primo,"Pizza Squeeze, Original","PrimoPizza Squeeze, Original375 ml",$1.79ea,,$0.48/ 100ml,False
pantry,Crofter's,Organic Raspberry Spread,Crofter'sOrganic Raspberry Spread383 ml,$6.49ea,,$1.69/ 100ml,False
pantry,Hershey's,"Chipits Pure Semi-Sweet Chocolate Chips, 1.65Kg","Hershey'sChipits Pure Semi-Sweet Chocolate Chips, 1.65Kg1650 g",$17.99ea,,$1.09/ 100g,False
pantry,PC Blue Menu,Pot Barley,PC Blue MenuPot Barley450 g,$2.49ea,,$0.55/ 100g,False
pantry,Unico,"Pizza Sauce, Garlic & Basil","UnicoPizza Sauce, Garlic & Basil213 ml",$1.29ea,,$0.61/ 100ml,False
pantry,Quaker,Quick Oats,QuakerQuick Oats1 kg,$4.29ea,,$0.43/ 100g,False
pantry,Catelli,Garden Select Garlic & Onion Pasta Sauce,CatelliGarden Select Garlic & Onion Pasta Sauce640 ml,$2.69ea,,$0.42/ 100ml,False
pantry,Kraft,French Dressing,KraftFrench Dressing475 ml,$3.79ea,,$0.80/ 100ml,False
pantry,Rogers,Wheat Bran,RogersWheat Bran450 g,$2.49ea,,$0.55/ 100g,False
pantry,Minute Rice,Premium Long Grain Rice,Minute RicePremium Long Grain Rice1.4 kg,$6.49ea,,$0.46/ 100g,False
pantry,Bens,Wholegrain Brown Rice,BensWholegrain Brown Rice1.6 kg,$7.99ea,,$0.50/ 100g,False
pantry,Suraj,Black-Eyed Beans,SurajBlack-Eyed Beans1.8 kg,$5.99ea,,$0.33/ 100g,False
pantry,VH,Marinade -  Pineapple Sauce,VHMarinade -  Pineapple Sauce341 ml,$3.79ea,,$1.11/ 100ml,False
pantry,Suraj,Chickpeas,SurajChickpeas1.8 kg,$5.99ea,,$0.33/ 100g,False
pantry,McCormicks,"Dry Sauce Mix, Hollandaise","McCormicksDry Sauce Mix, Hollandaise56 g",$2.29ea,,$4.09/ 100g,False
pantry,Reddi Bulk,"Pepitas Roasted, Unsalted","Reddi BulkPepitas Roasted, Unsalted350 g",$9.00ea,,$2.57/ 100g,False
pantry,Bertolli,Balsamic Vinegar of Modena,BertolliBalsamic Vinegar of Modena500 ml,$4.99ea,,$1.00/ 100ml,False
pantry,La Bomba Italiana,Bomba Italiana,La Bomba ItalianaBomba Italiana314 ml,$6.49ea,,$2.07/ 100ml,False
pantry,Cool Runnings,"Garlic, Pepper & Herbs","Cool RunningsGarlic, Pepper & Herbs250 g",$4.49ea,,$1.80/ 100g,False
pantry,President's Choice,Gourmet Barbecue Sauce,President's ChoiceGourmet Barbecue Sauce1 l,$4.79ea,,$0.48/ 100ml,False
pantry,President's Choice,Pure Fancy Molasses,President's ChoicePure Fancy Molasses675 g,$3.29ea,,$0.49/ 100g,False
pantry,Rooster,Medium Grain Calrose Rice,RoosterMedium Grain Calrose Rice8 kg,$23.99ea,,$0.30/ 100g,False
pantry,President's Choice,Garlic and Butter Flavour Sourdough Style Croutons,President's ChoiceGarlic and Butter Flavour Sourdough Style Croutons140 g,$3.79ea,,$2.71/ 100g,False
pantry,Suraj,Light Red Kidney Beans,SurajLight Red Kidney Beans1.8 kg,$5.99ea,,$0.33/ 100g,False
pantry,Italpasta,Spaghetti Pasta,ItalpastaSpaghetti Pasta750 g,$2.79ea,,$0.37/ 100g,False
pantry,No Name,Dill Pickles,No NameDill Pickles1 l,$3.29ea,,$0.33/ 100ml,False
pantry,Pure Via,Stevia Liquid,Pure ViaStevia Liquid43 ml,$3.20ea,,$6.67/ 100ml,False
pantry,Kraft,Strawberry Jam,KraftStrawberry Jam500 ml,$4.49ea,,$0.90/ 100ml,False
pantry,PC Blue Menu,Zesty Italian Dressing,PC Blue MenuZesty Italian Dressing475 ml,$3.49ea,,$0.73/ 100ml,False
pantry,Mr Noodles,Instant Noodles Mushroom Flavour,Mr NoodlesInstant Noodles Mushroom Flavour85 g,$0.49ea,,$0.58/ 100g,False
pantry,Mr Noodles,"Noodles in a Bowl, Chicken","Mr NoodlesNoodles in a Bowl, Chicken110 g",$1.79ea,,$1.63/ 100g,False
pantry,Club House,"La Grille, Barbecue Chicken Seasoning","Club HouseLa Grille, Barbecue Chicken Seasoning203 g",$5.99ea,,$2.95/ 100g,False
pantry,Basse,Dark Chocolate Cranberry Mix,BasseDark Chocolate Cranberry Mix480 g,$6.00ea,,$1.25/ 100g,False
pantry,Stagg,Classique Chili With Beans,StaggClassique Chili With Beans425 g,$2.49ea,,$0.59/ 100g,False
pantry,No Name,"Egg Noodles, Medium","No NameEgg Noodles, Medium340 g",$2.79ea,,$0.82/ 100g,False
pantry,Sapporo,"Ichiban Japanese Style Noodles, Original","SapporoIchiban Japanese Style Noodles, Original100 g",$1.00ea,,$1.00/ 100g,False
pantry,PC Black Label,Madagascar Bourbon Pure Vanilla Extract,PC Black LabelMadagascar Bourbon Pure Vanilla Extract120 ml,$16.49ea,,$13.74/ 100ml,False
pantry,GoldSeal,Sardines In Soy Oil   ,GoldSealSardines In Soy Oil   125 g,$1.79ea,,$1.43/ 100g,False
pantry,Old El Paso,Cheesy Blasted Taco Shells,Old El PasoCheesy Blasted Taco Shells153 g,$3.99ea,,$2.61/ 100g,False
pantry,PC Black Label,Tomatillo Salsa,PC Black LabelTomatillo Salsa430 ml,$5.29ea,,$1.23/ 100ml,False
pantry,Kraft,"BBQ Sauce, Chicken & Rib","KraftBBQ Sauce, Chicken & Rib455 ml",$2.69ea,,$0.59/ 100ml,False
pantry,Reddi Bulk,"Unsalted Sunflower Seeds, Hulled","Reddi BulkUnsalted Sunflower Seeds, Hulled165 g",$1.19ea,,$0.72/ 100g,False
pantry,Clover Leaf,Sardines Boneless Fillets Olive Oil,Clover LeafSardines Boneless Fillets Olive Oil106 g,$2.79ea,,$2.63/ 100g,False
pantry,Vlasic,"Kosher Baby Dill Pickles, Garlic","VlasicKosher Baby Dill Pickles, Garlic1 l",$5.79ea,,$0.58/ 100ml,False
pantry,Club House,Cream of Tartar,Club HouseCream of Tartar62 g,$5.29ea,,$8.53/ 100g,False
pantry,Kelloggs,Fun Pac Cereal,KelloggsFun Pac Cereal210 g,$6.49ea,,$3.09/ 100g,False
pantry,Club House,"La Grille, Pork Seasoning","Club HouseLa Grille, Pork Seasoning120 g",$5.99ea,,$4.99/ 100g,False
pantry,President's Choice,Sea Salt   ,President's ChoiceSea Salt   77 g,$3.79ea,,$4.92/ 100g,False
pantry,Campbell's,Ready To Serve Soup Broccoli Cheese,Campbell'sReady To Serve Soup Broccoli Cheese515 ml,$3.49ea,,$0.68/ 100ml,False
pantry,Old El Paso,"Tortilla Bowls, Soft","Old El PasoTortilla Bowls, Soft189 g",$3.99ea,,$2.11/ 100g,False
pantry,PC Blue Menu,Lemon & Herb Seasoning,PC Blue MenuLemon & Herb Seasoning100 g,$3.99ea,,$3.99/ 100g,False
pantry,Habitant,French-Canadian Pea Soup,HabitantFrench-Canadian Pea Soup796 ml,$3.59ea,,$0.45/ 100ml,False
pantry,Knorr,Rice & Vermicelli Chicken Fried Rice side dish without artificial flavours,KnorrRice & Vermicelli Chicken Fried Rice side dish without artificial flavours133 g,$2.49ea,,$1.87/ 100g,False
pantry,Italpasta,"Pasta, Fusilli","ItalpastaPasta, Fusilli750 g",$2.79ea,,$0.37/ 100g,False
pantry,Mr Noodles,Spicy Beef Simulated Flavour Instant Noodles,Mr NoodlesSpicy Beef Simulated Flavour Instant Noodles85 g,$0.49ea,,$0.58/ 100g,False
pantry,Frenchs,Honey Mustard,FrenchsHoney Mustard325 ml,$2.49ea,,$0.77/ 100ml,False
pantry,Hidden Valley,"Original Ranch Salad Dressing & Topping, Gluten Free","Hidden ValleyOriginal Ranch Salad Dressing & Topping, Gluten Free473 ml",$4.79ea,,$1.01/ 100ml,False
pantry,Doritos,Dip Spicy Nacho 283g,DoritosDip Spicy Nacho 283g283 g,$4.99ea,,$1.76/ 100g,False
pantry,Clover Leaf,Pink Salmon Wild Pacific,Clover LeafPink Salmon Wild Pacific142 g,$3.99ea,,$2.81/ 100g,False
pantry,Campbell's,"Cream of Chicken Soup, Low Fat","Campbell'sCream of Chicken Soup, Low Fat284 ml",$2.49ea,,$0.88/ 100ml,False
pantry,Renees,Mediterranean Greek Dressing,ReneesMediterranean Greek Dressing350 ml,$5.49ea,,$1.57/ 100ml,False
pantry,Club House,Ground Cloves,Club HouseGround Cloves37 g,$6.99ea,,$18.89/ 100g,False
pantry,No Name,Chopped Garlic,No NameChopped Garlic250 g,$3.00ea,,$1.20/ 100g,False
pantry,Knorr,Minestrone Soup Delicious Soup Mix  ,KnorrMinestrone Soup Delicious Soup Mix  83 g,$2.29ea,,$2.76/ 100g,False
pantry,Old El Paso,Taco Sauce,Old El PasoTaco Sauce243 ml,$3.99ea,,$1.64/ 100ml,False
pantry,Heinz,Spaghetti in Tomato Sauce with Cheese,HeinzSpaghetti in Tomato Sauce with Cheese398 ml,$1.79ea,,$0.45/ 100ml,False
pantry,Club House,"La Grille, Vegetable Seasoning","Club HouseLa Grille, Vegetable Seasoning148 g",$5.99ea,,$4.05/ 100g,False
pantry,La Costena,Green Pickled Sliced Jalapeño Peppers,La CostenaGreen Pickled Sliced Jalapeño Peppers193 ml,$1.99ea,,$1.03/ 100ml,False
pantry,Knorr,Instant Stock Mix for a great flavour Beef in a practical packaging ,KnorrInstant Stock Mix for a great flavour Beef in a practical packaging 175 g,$4.59ea,,$2.62/ 100g,False
pantry,Wing's,Wonton Wraps      ,Wing'sWonton Wraps      400 g,$2.29ea,,$0.57/ 100g,False
pantry,No Name,Extra Fine Egg Noodles,No NameExtra Fine Egg Noodles340 g,$2.79ea,,$0.82/ 100g,False
pantry,Lawrys,Seasoned Salt,LawrysSeasoned Salt225 g,$4.99ea,,$2.22/ 100g,False
pantry,Kelloggs,Rice Krispies Original,KelloggsRice Krispies Original560 g,$6.99ea,,$1.25/ 100g,False
pantry,Club House,Pure Vanilla,Club HousePure Vanilla46 ml,$7.49ea,,$16.28/ 100ml,False
pantry,Italpasta,Lasagne,ItalpastaLasagne500 g,$3.49ea,,$0.70/ 100g,False
pantry,VH,Marinade - Medium Garlic,VHMarinade - Medium Garlic341 ml,$3.79ea,,$1.11/ 100ml,False
pantry,Fleischmanns,Baking Powder,FleischmannsBaking Powder340 g,$3.89ea,,$1.14/ 100g,False
pantry,President's Choice,Roasted Garlic Mayo Sandwich Spread,President's ChoiceRoasted Garlic Mayo Sandwich Spread300 ml,$3.00ea,,$1.00/ 100ml,False
pantry,Club House,Basil Leaves,Club HouseBasil Leaves37 g,$5.99ea,,$16.19/ 100g,False
pantry,Club House,Italian Seasoning Organic,Club HouseItalian Seasoning Organic11 g,$2.79ea,,$25.36/ 100g,False
pantry,Knorr,Cream of Mushroom Dry Soup Mix,KnorrCream of Mushroom Dry Soup Mix71 g,$2.29ea,,$3.23/ 100g,False
pantry,Club House,Organic Rosemary Leaves,Club HouseOrganic Rosemary Leaves14 g,$2.79ea,,$19.93/ 100g,False
pantry,Robin Hood,Unbleached All Purpose Flour,Robin HoodUnbleached All Purpose Flour5 kg,$12.99ea,,$0.26/ 100g,False
pantry,Quaker,Instant Oatmeal 3 Flavour Variety Pack,QuakerInstant Oatmeal 3 Flavour Variety Pack314 g,$4.99ea,$3.99ea,$1.27/ 100g,True
pantry,Campbell's,Italian Wedding Ready to Serve Soup ,Campbell'sItalian Wedding Ready to Serve Soup 515 ml,$3.49ea,,$0.68/ 100ml,False
pantry,Clover Leaf,Bistro Bowls Mediterranean Pasta,Clover LeafBistro Bowls Mediterranean Pasta170 g,$3.89ea,,$2.29/ 100g,False
pantry,No Name,Elbow Macaroni Pasta,No NameElbow Macaroni Pasta900 g,$1.79ea,,$0.20/ 100g,False
pantry,Hellmanns,Salad dressing for sandwiches and salads Classic Caesar made in Canada,HellmannsSalad dressing for sandwiches and salads Classic Caesar made in Canada475 ml,$4.79ea,,$1.01/ 100ml,False
pantry,President's Choice,Stevia Natural Source Calorie-Free Sweetener,President's ChoiceStevia Natural Source Calorie-Free Sweetener50 ml,$5.29ea,,$10.58/ 100ml,False
pantry,Campbell's,New England Clam Chowder Ready to Serve Soup,Campbell'sNew England Clam Chowder Ready to Serve Soup515 ml,$3.49ea,,$0.68/ 100ml,False
pantry,No Name,Beans with Pork in Tomato Sauce,No NameBeans with Pork in Tomato Sauce398 ml,$1.29ea,,$0.32/ 100ml,False
pantry,President's Choice,Creamy Blue Cheese Dressing ,President's ChoiceCreamy Blue Cheese Dressing 475 ml,$3.49ea,,$0.73/ 100ml,False
pantry,Unico,"Tuna, Light Solid in Oil","UnicoTuna, Light Solid in Oil99 g",$1.69ea,,$1.71/ 100g,False
pantry,Knorr,Rice Side Dish for a quick rice dish Cheddar & Broccoli ,KnorrRice Side Dish for a quick rice dish Cheddar & Broccoli 133 g,$2.49ea,,$1.87/ 100g,False
pantry,No Name,Ranch Dressing,No NameRanch Dressing475 ml,$2.29ea,,$0.48/ 100ml,False
pantry,No Name,"Horseradish, Extra Hot","No NameHorseradish, Extra Hot250 ml",$2.00ea,,$0.80/ 100ml,False
pantry,Club House,Black Peppercorn Grinder,Club HouseBlack Peppercorn Grinder35 g,$4.29ea,,$12.26/ 100g,False
pantry,Shan,Sindhi Biryani Spice Mix,ShanSindhi Biryani Spice Mix65 g,$2.29ea,,$3.52/ 100g,False
pantry,Knorr,"Classic Soup Tomato Vegetable Dry Soup Mix, No Artificial Flavours & Low Fat","KnorrClassic Soup Tomato Vegetable Dry Soup Mix, No Artificial Flavours & Low Fat145 g",$2.89ea,,$1.99/ 100g,False
pantry,President's Choice,Dry Roasted Cashews,President's ChoiceDry Roasted Cashews680 g,$16.97ea,,$2.50/ 100g,False
pantry,Hellmanns,"Vinaigrette Salad Dressing, No Artificial Colours Or Flavours","HellmannsVinaigrette Salad Dressing, No Artificial Colours Or Flavours475 ml",$4.79ea,,$1.01/ 100ml,False
pantry,Campbell's,Cream of Mushroom Condensed Soup,Campbell'sCream of Mushroom Condensed Soup284 ml,$1.49ea,,$0.52/ 100ml,False
pantry,Knorr,Soup Mix with a Flavour Boost Cream Of Vegetable ,KnorrSoup Mix with a Flavour Boost Cream Of Vegetable 83 g,$2.29ea,,$2.76/ 100g,False
pantry,No Name,Ground Thyme,No NameGround Thyme80 g,$2.29ea,,$2.86/ 100g,False
pantry,President's Choice,Ground Cinnamon,President's ChoiceGround Cinnamon51 g,$7.49ea,,$14.69/ 100g,False
pantry,Kelloggs,"Mini-Wheats Cereal, Original","KelloggsMini-Wheats Cereal, Original510 g",$5.99ea,,$1.17/ 100g,False
pantry,Knorr,Bouillon for adding rich deep flavour to soups and stews Beef Sachets ,KnorrBouillon for adding rich deep flavour to soups and stews Beef Sachets 72 g,$2.99ea,,$4.15/ 100g,False
pantry,Pure Via,Stevia Liquid,Pure ViaStevia Liquid43 ml,$3.20ea,,$6.67/ 100ml,False
pantry,Kraft,Strawberry Jam,KraftStrawberry Jam500 ml,$4.49ea,,$0.90/ 100ml,False
pantry,PC Blue Menu,Zesty Italian Dressing,PC Blue MenuZesty Italian Dressing475 ml,$3.49ea,,$0.73/ 100ml,False
pantry,Mr Noodles,Instant Noodles Mushroom Flavour,Mr NoodlesInstant Noodles Mushroom Flavour85 g,$0.49ea,,$0.58/ 100g,False
pantry,Mr Noodles,"Noodles in a Bowl, Chicken","Mr NoodlesNoodles in a Bowl, Chicken110 g",$1.79ea,,$1.63/ 100g,False
pantry,Club House,"La Grille, Barbecue Chicken Seasoning","Club HouseLa Grille, Barbecue Chicken Seasoning203 g",$5.99ea,,$2.95/ 100g,False
pantry,Basse,Dark Chocolate Cranberry Mix,BasseDark Chocolate Cranberry Mix480 g,$6.00ea,,$1.25/ 100g,False
pantry,Stagg,Classique Chili With Beans,StaggClassique Chili With Beans425 g,$2.49ea,,$0.59/ 100g,False
pantry,No Name,"Egg Noodles, Medium","No NameEgg Noodles, Medium340 g",$2.79ea,,$0.82/ 100g,False
pantry,Sapporo,"Ichiban Japanese Style Noodles, Original","SapporoIchiban Japanese Style Noodles, Original100 g",$1.00ea,,$1.00/ 100g,False
pantry,PC Black Label,Madagascar Bourbon Pure Vanilla Extract,PC Black LabelMadagascar Bourbon Pure Vanilla Extract120 ml,$16.49ea,,$13.74/ 100ml,False
pantry,GoldSeal,Sardines In Soy Oil   ,GoldSealSardines In Soy Oil   125 g,$1.79ea,,$1.43/ 100g,False
pantry,Old El Paso,Cheesy Blasted Taco Shells,Old El PasoCheesy Blasted Taco Shells153 g,$3.99ea,,$2.61/ 100g,False
pantry,PC Black Label,Tomatillo Salsa,PC Black LabelTomatillo Salsa430 ml,$5.29ea,,$1.23/ 100ml,False
pantry,Kraft,"BBQ Sauce, Chicken & Rib","KraftBBQ Sauce, Chicken & Rib455 ml",$2.69ea,,$0.59/ 100ml,False
pantry,Reddi Bulk,"Unsalted Sunflower Seeds, Hulled","Reddi BulkUnsalted Sunflower Seeds, Hulled165 g",$1.19ea,,$0.72/ 100g,False
pantry,Clover Leaf,Sardines Boneless Fillets Olive Oil,Clover LeafSardines Boneless Fillets Olive Oil106 g,$2.79ea,,$2.63/ 100g,False
pantry,Vlasic,"Kosher Baby Dill Pickles, Garlic","VlasicKosher Baby Dill Pickles, Garlic1 l",$5.79ea,,$0.58/ 100ml,False
pantry,Quaker,Life Original Cereal,QuakerLife Original Cereal450 g,$5.49ea,$3.99ea,$0.89/ 100g,True
pantry,Amira,"Walnuts, Halves & Pieces","AmiraWalnuts, Halves & Pieces454 g",$11.49ea,,$2.53/ 100g,False
pantry,Club House,"Signature Blends, Roasted Garlic & Pepper","Club HouseSignature Blends, Roasted Garlic & Pepper144 g",$6.99ea,,$4.85/ 100g,False
pantry,Club House,Cream of Tartar,Club HouseCream of Tartar62 g,$5.29ea,,$8.53/ 100g,False
pantry,Hellmanns,Salad dressing for sandwiches and salads Classic Caesar made in Canada,HellmannsSalad dressing for sandwiches and salads Classic Caesar made in Canada475 ml,$4.79ea,,$1.01/ 100ml,False
pantry,President's Choice,Stevia Natural Source Calorie-Free Sweetener,President's ChoiceStevia Natural Source Calorie-Free Sweetener50 ml,$5.29ea,,$10.58/ 100ml,False
pantry,Campbell's,New England Clam Chowder Ready to Serve Soup,Campbell'sNew England Clam Chowder Ready to Serve Soup515 ml,$3.49ea,,$0.68/ 100ml,False
pantry,No Name,Beans with Pork in Tomato Sauce,No NameBeans with Pork in Tomato Sauce398 ml,$1.29ea,,$0.32/ 100ml,False
pantry,President's Choice,Creamy Blue Cheese Dressing ,President's ChoiceCreamy Blue Cheese Dressing 475 ml,$3.49ea,,$0.73/ 100ml,False
pantry,Kelloggs,Fun Pac Cereal,KelloggsFun Pac Cereal210 g,$6.49ea,,$3.09/ 100g,False
pantry,Club House,"La Grille, Pork Seasoning","Club HouseLa Grille, Pork Seasoning120 g",$5.99ea,,$4.99/ 100g,False
pantry,President's Choice,Sea Salt   ,President's ChoiceSea Salt   77 g,$3.79ea,,$4.92/ 100g,False
pantry,Campbell's,Ready To Serve Soup Broccoli Cheese,Campbell'sReady To Serve Soup Broccoli Cheese515 ml,$3.49ea,,$0.68/ 100ml,False
pantry,Old El Paso,"Tortilla Bowls, Soft","Old El PasoTortilla Bowls, Soft189 g",$3.99ea,,$2.11/ 100g,False
pantry,PC Blue Menu,Lemon & Herb Seasoning,PC Blue MenuLemon & Herb Seasoning100 g,$3.99ea,,$3.99/ 100g,False
pantry,Habitant,French-Canadian Pea Soup,HabitantFrench-Canadian Pea Soup796 ml,$3.59ea,,$0.45/ 100ml,False
pantry,Knorr,Rice & Vermicelli Chicken Fried Rice side dish without artificial flavours,KnorrRice & Vermicelli Chicken Fried Rice side dish without artificial flavours133 g,$2.49ea,,$1.87/ 100g,False
pantry,Italpasta,"Pasta, Fusilli","ItalpastaPasta, Fusilli750 g",$2.79ea,,$0.37/ 100g,False
pantry,Mr Noodles,Spicy Beef Simulated Flavour Instant Noodles,Mr NoodlesSpicy Beef Simulated Flavour Instant Noodles85 g,$0.49ea,,$0.58/ 100g,False
pantry,Frenchs,Honey Mustard,FrenchsHoney Mustard325 ml,$2.49ea,,$0.77/ 100ml,False
pantry,Hidden Valley,"Original Ranch Salad Dressing & Topping, Gluten Free","Hidden ValleyOriginal Ranch Salad Dressing & Topping, Gluten Free473 ml",$4.79ea,,$1.01/ 100ml,False
pantry,Doritos,Dip Spicy Nacho 283g,DoritosDip Spicy Nacho 283g283 g,$4.99ea,,$1.76/ 100g,False
pantry,Clover Leaf,Pink Salmon Wild Pacific,Clover LeafPink Salmon Wild Pacific142 g,$3.99ea,,$2.81/ 100g,False
pantry,Campbell's,"Cream of Chicken Soup, Low Fat","Campbell'sCream of Chicken Soup, Low Fat284 ml",$2.49ea,,$0.88/ 100ml,False
pantry,Renees,Mediterranean Greek Dressing,ReneesMediterranean Greek Dressing350 ml,$5.49ea,,$1.57/ 100ml,False
pantry,Club House,Ground Cloves,Club HouseGround Cloves37 g,$6.99ea,,$18.89/ 100g,False
pantry,No Name,Chopped Garlic,No NameChopped Garlic250 g,$3.00ea,,$1.20/ 100g,False
pantry,Knorr,Minestrone Soup Delicious Soup Mix  ,KnorrMinestrone Soup Delicious Soup Mix  83 g,$2.29ea,,$2.76/ 100g,False
pantry,Old El Paso,Taco Sauce,Old El PasoTaco Sauce243 ml,$3.99ea,,$1.64/ 100ml,False
pantry,Heinz,Spaghetti in Tomato Sauce with Cheese,HeinzSpaghetti in Tomato Sauce with Cheese398 ml,$1.79ea,,$0.45/ 100ml,False
pantry,Club House,"La Grille, Vegetable Seasoning","Club HouseLa Grille, Vegetable Seasoning148 g",$5.99ea,,$4.05/ 100g,False
pantry,La Costena,Green Pickled Sliced Jalapeño Peppers,La CostenaGreen Pickled Sliced Jalapeño Peppers193 ml,$1.99ea,,$1.03/ 100ml,False
pantry,Knorr,Instant Stock Mix for a great flavour Beef in a practical packaging ,KnorrInstant Stock Mix for a great flavour Beef in a practical packaging 175 g,$4.59ea,,$2.62/ 100g,False
pantry,Wing's,Wonton Wraps      ,Wing'sWonton Wraps      400 g,$2.29ea,,$0.57/ 100g,False
pantry,No Name,Extra Fine Egg Noodles,No NameExtra Fine Egg Noodles340 g,$2.79ea,,$0.82/ 100g,False
pantry,Lawrys,Seasoned Salt,LawrysSeasoned Salt225 g,$4.99ea,,$2.22/ 100g,False
pantry,Kelloggs,Rice Krispies Original,KelloggsRice Krispies Original560 g,$6.99ea,,$1.25/ 100g,False
pantry,Club House,Pure Vanilla,Club HousePure Vanilla46 ml,$7.49ea,,$16.28/ 100ml,False
pantry,Italpasta,Lasagne,ItalpastaLasagne500 g,$3.49ea,,$0.70/ 100g,False
pantry,VH,Marinade - Medium Garlic,VHMarinade - Medium Garlic341 ml,$3.79ea,,$1.11/ 100ml,False
pantry,Fleischmanns,Baking Powder,FleischmannsBaking Powder340 g,$3.89ea,,$1.14/ 100g,False
pantry,President's Choice,Roasted Garlic Mayo Sandwich Spread,President's ChoiceRoasted Garlic Mayo Sandwich Spread300 ml,$3.00ea,,$1.00/ 100ml,False
pantry,Club House,Basil Leaves,Club HouseBasil Leaves37 g,$5.99ea,,$16.19/ 100g,False
pantry,Club House,Italian Seasoning Organic,Club HouseItalian Seasoning Organic11 g,$2.79ea,,$25.36/ 100g,False
pantry,Knorr,Cream of Mushroom Dry Soup Mix,KnorrCream of Mushroom Dry Soup Mix71 g,$2.29ea,,$3.23/ 100g,False
pantry,Club House,Organic Rosemary Leaves,Club HouseOrganic Rosemary Leaves14 g,$2.79ea,,$19.93/ 100g,False
pantry,Robin Hood,Unbleached All Purpose Flour,Robin HoodUnbleached All Purpose Flour5 kg,$12.99ea,,$0.26/ 100g,False
pantry,Campbell's,No Salt Added Vegetable Broth,Campbell'sNo Salt Added Vegetable Broth900 ml,$1.99ea,,$0.22/ 100ml,False
pantry,Quaker,Instant Oatmeal 3 Flavour Variety Pack,QuakerInstant Oatmeal 3 Flavour Variety Pack314 g,$4.99ea,$3.99ea,$1.27/ 100g,True
pantry,Campbell's,Italian Wedding Ready to Serve Soup ,Campbell'sItalian Wedding Ready to Serve Soup 515 ml,$3.49ea,,$0.68/ 100ml,False
pantry,Clover Leaf,Bistro Bowls Mediterranean Pasta,Clover LeafBistro Bowls Mediterranean Pasta170 g,$3.89ea,,$2.29/ 100g,False
pantry,No Name,Elbow Macaroni Pasta,No NameElbow Macaroni Pasta900 g,$1.79ea,,$0.20/ 100g,False
pantry,Bens,Long Grain & Wild Rice Roasted Garlic Flavour,BensLong Grain & Wild Rice Roasted Garlic Flavour250 g,$3.49ea,,$1.40/ 100g,False
pantry,Ruffles,Onion Flavoured Dip,RufflesOnion Flavoured Dip425 g,$4.79ea,,$1.13/ 100g,False
pantry,Bens,White Basmati Rice Cilantro Lime Flavour,BensWhite Basmati Rice Cilantro Lime Flavour240 g,$3.49ea,,$1.45/ 100g,False
pantry,Bens,Broccoli & Cheddar Flavour Rice,BensBroccoli & Cheddar Flavour Rice240 g,$3.49ea,,$1.45/ 100g,False
pantry,Old El Paso,Stand n' Stuff Taco Shells,Old El PasoStand n' Stuff Taco Shells133 g,$3.99ea,,$3.00/ 100g,False
pantry,No Name,Whole Wheat Flour,No NameWhole Wheat Flour5 kg,$6.99ea,,$0.14/ 100g,False
pantry,Aylmer,Tomatoes Accents Italian,AylmerTomatoes Accents Italian540 ml,$2.49ea,,$0.46/ 100ml,False
pantry,Unico,Diced Tomatoes in Puree No Salt Added,UnicoDiced Tomatoes in Puree No Salt Added796 ml,$2.29ea,,$0.29/ 100ml,False
pantry,Reddi Bulk,Deluxe Treat Mix,Reddi BulkDeluxe Treat Mix550 g,$6.00ea,,$1.09/ 100g,False
pantry,Unico,Red Kidney Beans,UnicoRed Kidney Beans540 ml,$1.49ea,,$0.28/ 100ml,False
pantry,Campbell's,Chunky Steak & Potatoes,Campbell'sChunky Steak & Potatoes515 ml,$3.49ea,,$0.68/ 100ml,False
pantry,Unico,"Red Kidney Beans, No Salt Added","UnicoRed Kidney Beans, No Salt Added540 ml",$1.49ea,,$0.28/ 100ml,False
pantry,Aylmer,Accents Tomatoes Garlic Oil,AylmerAccents Tomatoes Garlic Oil540 ml,$2.49ea,,$0.46/ 100ml,False
pantry,Maggi,"Noodles, Masala","MaggiNoodles, Masala70 g",$0.39ea,,$0.56/ 100g,False
pantry,Hellmanns,"Mayonnaise for Sandwichs, Salads and hamburgers Real gluten-free","HellmannsMayonnaise for Sandwichs, Salads and hamburgers Real gluten-free890 ml",$6.49ea,,$0.73/ 100ml,False
pantry,Kraft,Original Macaroni & Cheese,KraftOriginal Macaroni & Cheese225 g,$1.59ea,,$0.71/ 100g,False
pantry,General Mills,Oatmeal Crisp Maple Nut Flavour Cereal ,General MillsOatmeal Crisp Maple Nut Flavour Cereal 423 g,$4.79ea,,$1.13/ 100g,False
pantry,President's Choice,Mild Salsa,President's ChoiceMild Salsa430 ml,$4.79ea,,$1.11/ 100ml,False
pantry,Betty Crocker,Creamy Deluxe French Vanilla Frosting ,Betty CrockerCreamy Deluxe French Vanilla Frosting 450 g,$2.29ea,,$0.51/ 100g,False
pantry,General Mills,Cheerios Cereal,General MillsCheerios Cereal350 g,$4.79ea,,$1.37/ 100g,False
pantry,Weetabix,Whole Grain Cereal    ,WeetabixWhole Grain Cereal    400 g,$3.99ea,,$1.00/ 100g,False
pantry,President's Choice,Mayonnaise Made with Extra Virgin Olive Oil,President's ChoiceMayonnaise Made with Extra Virgin Olive Oil750 ml,$5.99ea,,$0.80/ 100ml,False
pantry,Old El Paso,Smart Fiesta Burrito Dinner Kit,Old El PasoSmart Fiesta Burrito Dinner Kit510 g,$4.99ea,,$0.98/ 100g,False
pantry,Post,Sugar Crisp Cereal    ,PostSugar Crisp Cereal    365 g,$3.99ea,,$1.09/ 100g,False
pantry,Classico,Mushroom Alfredo Spaghetti Pasta Sauce,ClassicoMushroom Alfredo Spaghetti Pasta Sauce410 ml,$4.49ea,,$1.10/ 100ml,False
pantry,No Name,Crushed Tomatoes,No NameCrushed Tomatoes796 ml,$1.49ea,,$0.19/ 100ml,False
pantry,General Mills,Golden Grahams Crunch Cereal,General MillsGolden Grahams Crunch Cereal331 g,$4.79ea,,$1.45/ 100g,False
pantry,Ocean Spray,"Cranberry Sauce, Whole Berry","Ocean SprayCranberry Sauce, Whole Berry348 ml",$2.49ea,,$0.72/ 100ml,False
pantry,President's Choice,Extra Chunky Medium Salsa,President's ChoiceExtra Chunky Medium Salsa650 ml,$5.00ea,,$0.77/ 100ml,False
pantry,President's Choice,Alfredo Pasta Sauce,President's ChoiceAlfredo Pasta Sauce410 ml,$3.79ea,,$0.92/ 100ml,False
pantry,General Mills,Chex,General MillsChex365 g,$4.79ea,,$1.31/ 100g,False
pantry,No Name,Chunk Light Tuna,No NameChunk Light Tuna170 g,$1.39ea,,$0.82/ 100g,False
pantry,Betty Crocker,Whipped Vanilla Frosting,Betty CrockerWhipped Vanilla Frosting340 g,$2.29ea,,$0.67/ 100g,False
pantry,PC Blue Menu,Blue Menu Alfredo Pasta Sauce,PC Blue MenuBlue Menu Alfredo Pasta Sauce410 ml,$3.79ea,,$0.92/ 100ml,False
pantry,Betty Crocker,SuperMoist French Vanilla Cake Mix,Betty CrockerSuperMoist French Vanilla Cake Mix432 g,$2.29ea,,$0.53/ 100g,False
pantry,President's Choice,Old-Fashioned Cake Donut Baking Mix,President's ChoiceOld-Fashioned Cake Donut Baking Mix500 g,$4.49ea,,$0.90/ 100g,False
pantry,No Name,Thyme Leaves,No NameThyme Leaves45 g,$2.00ea,,$4.44/ 100g,False
pantry,General Mills,"Oatmeal Crisp Almond Cereal, Family Size","General MillsOatmeal Crisp Almond Cereal, Family Size628 g",$4.88ea,,$0.78/ 100g,False
pantry,General Mills,"Oatmeal Crisp Triple Berry Cereal, Family Size","General MillsOatmeal Crisp Triple Berry Cereal, Family Size570 g",$4.88ea,,$0.86/ 100g,False
pantry,Derlea,"Garlic, Minced","DerleaGarlic, Minced1 kg",$7.99ea,,$0.80/ 100g,False
pantry,No Name,Ground Cumin,No NameGround Cumin97 g,$2.49ea,,$2.57/ 100g,False
pantry,No Name,Ground Mustard,No NameGround Mustard100 g,$1.49ea,,$1.49/ 100g,False
pantry,No Name,Basil Leaves,No NameBasil Leaves40 g,$2.00ea,,$5.00/ 100g,False
pantry,No Name,Rosemary Leaves,No NameRosemary Leaves50 g,$2.00ea,,$4.00/ 100g,False
pantry,No Name,Garlic Salt,No NameGarlic Salt1 kg,$5.99ea,,$0.57/ 100g,False
pantry,No Name,Garlic Powder,No NameGarlic Powder700 g,$6.99ea,,$1.00/ 100g,False
pantry,No Name,Chili Powder,No NameChili Powder150 g,$2.29ea,,$1.53/ 100g,False
pantry,No Name,Ground Black Pepper,No NameGround Black Pepper540 g,$11.99ea,,$2.22/ 100g,False
pantry,Club House,"La Grille, Brazillian Style BBQ Seasoning","Club HouseLa Grille, Brazillian Style BBQ Seasoning120 g",$5.99ea,,$4.99/ 100g,False
pantry,Bechtle,Traditional German Egg Pasta Soup Noodles,BechtleTraditional German Egg Pasta Soup Noodles500 g,$3.69ea,,$0.74/ 100g,False
pantry,President's Choice,Garlic Powder,President's ChoiceGarlic Powder67 g,$7.49ea,,$11.18/ 100g,False
pantry,Frenchs,100% Canadian Tomato Ketchup,Frenchs100% Canadian Tomato Ketchup750 ml,$3.99ea,,$0.53/ 100ml,False
pantry,,Marinated Ribs Dry Rub,Marinated Ribs Dry Rub180 g,$6.99ea,,$3.88/ 100g,False
pantry,No Name,Maple-Style Beans ,No NameMaple-Style Beans 398 ml,$1.29ea,,$0.32/ 100ml,False
pantry,Clover Leaf,Clam Juice,Clover LeafClam Juice236 ml,$3.69ea,,$1.56/ 100ml,False
pantry,Kelloggs,Froot Loops,KelloggsFroot Loops480 g,$7.49ea,,$1.56/ 100g,False
pantry,PC Blue Menu,Roasted Garlic Seasoning,PC Blue MenuRoasted Garlic Seasoning110 g,$2.99ea,,$2.72/ 100g,False
pantry,Club House,La Grille All Purpose Seasoning Garlic & Crushed Herbs With Sea Salt & Pepper,Club HouseLa Grille All Purpose Seasoning Garlic & Crushed Herbs With Sea Salt & Pepper155 g,$5.99ea,,$3.86/ 100g,False
pantry,Tamam,Red Kidney Beans,TamamRed Kidney Beans796 ml,$1.69ea,,$0.21/ 100ml,False
pantry,Club House,La Grille Roasted Garlic & Peppers Wet Rub,Club HouseLa Grille Roasted Garlic & Peppers Wet Rub200 ml,$7.29ea,,$3.65/ 100ml,False
pantry,No Name,Beans in Tomato Sauce,No NameBeans in Tomato Sauce398 ml,$1.29ea,,$0.32/ 100ml,False
pantry,Quaker,Regular Instant Oatmeal,QuakerRegular Instant Oatmeal280 g,$4.99ea,$3.99ea,$1.43/ 100g,True
pantry,Shan,Recipe & Seasoning Mix Karahi,ShanRecipe & Seasoning Mix Karahi50 g,$2.29ea,,$4.58/ 100g,False
pantry,Old El Paso,Ranch  Blasted Stand N' Stufftm Taco Shells,Old El PasoRanch  Blasted Stand N' Stufftm Taco Shells153 g,$3.99ea,,$2.61/ 100g,False
pantry,President's Choice,Korean Taco Kit,President's ChoiceKorean Taco Kit421 g,$2.00ea,,$0.48/ 100g,False
pantry,General Mills,Lucky Charms Cereal,General MillsLucky Charms Cereal526 g,$4.88ea,,$0.93/ 100g,False
pantry,President's Choice,Chipotle Crema,President's ChoiceChipotle Crema245 ml,$2.79ea,,$1.14/ 100ml,False
pantry,Post,Spoon Size Shredded Wheat & Bran Cereal,PostSpoon Size Shredded Wheat & Bran Cereal525 g,$3.99ea,,$0.76/ 100g,False
pantry,Lipton,Soup Mix Chicken Noodle,LiptonSoup Mix Chicken Noodle228 g,$3.39ea,,$1.49/ 100g,False
pantry,Post,Oreo O’s® Cereal,PostOreo O’s® Cereal311 g,$3.99ea,,$1.28/ 100g,False
pantry,President's Choice,Tamari-Flavoured Almonds,President's ChoiceTamari-Flavoured Almonds275 g,$7.00ea,,$2.55/ 100g,False
pantry,Kelloggs,Raisin Bran Family Size Cereal,KelloggsRaisin Bran Family Size Cereal625 g,$6.99ea,,$1.12/ 100g,False
pantry,Maggi,Noodles Masala,MaggiNoodles Masala280 g,$1.79ea,,$0.64/ 100g,False
pantry,Unico,Pepper Rings Pickled Hot   ,UnicoPepper Rings Pickled Hot   750 ml,$4.29ea,,$0.57/ 100ml,False
pantry,President's Choice,Sustainably Sourced Wild Albacore Solid White Tuna,President's ChoiceSustainably Sourced Wild Albacore Solid White Tuna170 g,$2.99ea,,$1.76/ 100g,False
pantry,Brunswick,"Seafood Snacks, Louisiana Hot Sauce","BrunswickSeafood Snacks, Louisiana Hot Sauce100 g",$1.99ea,,$1.99/ 100g,False
pantry,Campbell's,30% Less Sodium Beef Broth,Campbell's30% Less Sodium Beef Broth900 ml,$1.99ea,,$0.22/ 100ml,False
pantry,Irini,Kalamata Olives,IriniKalamata Olives2 l,$8.29ea,,$0.55/ 100ml,False
pantry,Old El Paso,Smart Fiesta Tortillas ,Old El PasoSmart Fiesta Tortillas 311 g,$3.99ea,,$1.28/ 100g,False
pantry,Renees,Blue Cheese Dressing,ReneesBlue Cheese Dressing355 ml,$5.49ea,,$1.55/ 100ml,False
pantry,Clover Leaf,Cocktail Shrimp,Clover LeafCocktail Shrimp106 g,$3.99ea,,$3.76/ 100g,False
pantry,Barilla,Pasta Rigatoni,BarillaPasta Rigatoni410 g,$2.29ea,,$0.56/ 100g,False
pantry,Italpasta,Rotini Pasta,ItalpastaRotini Pasta750 g,$2.79ea,,$0.37/ 100g,False
pantry,President's Choice,Paprika,President's ChoicePaprika48 g,$5.99ea,,$12.48/ 100g,False
pantry,Betty Crocker,Hamburger Helper Beef Noodle,Betty CrockerHamburger Helper Beef Noodle200 g,$2.79ea,,$1.40/ 100g,False
pantry,Suraj,Yellow Split Peas,SurajYellow Split Peas1.8 kg,$5.99ea,,$0.33/ 100g,False
pantry,Kelloggs,Strawberry Bites,KelloggsStrawberry Bites400 g,$6.49ea,,$1.62/ 100g,False
pantry,Maggi,Season-Up! Powdered Seasoning Jerk,MaggiSeason-Up! Powdered Seasoning Jerk200 g,$4.99ea,,$2.50/ 100g,False
pantry,No Name,Whole White Potatoes,No NameWhole White Potatoes540 ml,$1.29ea,,$0.24/ 100ml,False
pantry,Bisto,Beef Instant Gravy,BistoBeef Instant Gravy170 g,$5.49ea,,$3.23/ 100g,False
pantry,No Name,Black Beans,No NameBlack Beans540 ml,$1.19ea,,$0.22/ 100ml,False
pantry,Suraj,Tandoori Masala,SurajTandoori Masala100 g,$1.79ea,,$1.79/ 100g,False
pantry,La Costena,Taquera Sauce,La CostenaTaquera Sauce455 ml,$3.29ea,,$0.72/ 100ml,False
pantry,PC Blue Menu,Black-Eyed Beans,PC Blue MenuBlack-Eyed Beans900 g,$3.99ea,,$0.44/ 100g,False
pantry,Shan,Arabic Seasoning Mix Kabuli Rice,ShanArabic Seasoning Mix Kabuli Rice50 g,$2.29ea,,$4.58/ 100g,False
pantry,President's Choice,Cold-Pressed Extra Virgin Olive Oil Spray,President's ChoiceCold-Pressed Extra Virgin Olive Oil Spray155 ml,$4.49ea,,$2.90/ 100ml,False
pantry,PC Black Label,Honeycomb in Wildflower Honey,PC Black LabelHoneycomb in Wildflower Honey400 g,$8.49ea,,$2.12/ 100g,False
pantry,Fish Crisp,Beer Batter Seasoned Coating Mix,Fish CrispBeer Batter Seasoned Coating Mix230 g,$5.99ea,,$2.60/ 100g,False
pantry,Club House,"Dry Sauce Mix, Chicken Gravy, Less Salt","Club HouseDry Sauce Mix, Chicken Gravy, Less Salt25 g",$1.49ea,,$5.96/ 100g,False
pantry,Reddi Bulk,Colorado Sierra Trail Mix,Reddi BulkColorado Sierra Trail Mix550 g,$6.00ea,,$1.09/ 100g,False
pantry,President's Choice,Spread And Dip Joppie,President's ChoiceSpread And Dip Joppie300 ml,$4.49ea,,$1.50/ 100ml,False
pantry,Franks,BBQ Buffalo Thick Sauce,FranksBBQ Buffalo Thick Sauce354 ml,$4.00ea,,$1.13/ 100ml,False
pantry,Kraft,Smooth Light Peanut Butter,KraftSmooth Light Peanut Butter1 kg,$6.49ea,,$0.65/ 100g,False
pantry,Quaker,Quick Oats,QuakerQuick Oats2 kg,$7.99ea,,$0.36/ 100g,False
pantry,No Name,Sliced Ripe Olives,No NameSliced Ripe Olives398 ml,$1.69ea,,$0.42/ 100ml,False
pantry,No Name,Seasoned Croutons,No NameSeasoned Croutons145 g,$2.00ea,,$1.38/ 100g,False
pantry,Hershey's,"Chipits  Toffee Bits Baking Candy, 200G","Hershey'sChipits  Toffee Bits Baking Candy, 200G200 g",$4.39ea,,$2.20/ 100g,False
pantry,Unico,Sunflower Oil,UnicoSunflower Oil3 l,$17.99ea,,$0.60/ 100ml,False
pantry,No Name,Pecan Halves,No NamePecan Halves100 g,$3.49ea,,$3.49/ 100g,False
pantry,Bens,Broccoli & Cheddar Flavour Rice,BensBroccoli & Cheddar Flavour Rice132 g,$1.79ea,$1.49ea,$1.13/ 100g,True
pantry,Suraj,Ground Nutmeg ,SurajGround Nutmeg 100 g,$3.79ea,,$3.79/ 100g,False
pantry,Suraj,Ground Cardamom ,SurajGround Cardamom 75 g,$4.79ea,,$6.39/ 100g,False
pantry,No Name,Chickpeas,No NameChickpeas540 ml,$1.19ea,,$0.22/ 100ml,False
pantry,No Name,Sliced Pineapple in Pineapple Juice,No NameSliced Pineapple in Pineapple Juice540 ml,$1.69ea,,$0.31/ 100ml,False
pantry,PC Organics,"Organic Pasta Sauce, Roasted Garlic & Herb","PC OrganicsOrganic Pasta Sauce, Roasted Garlic & Herb700 ml",$6.00ea,,$0.86/ 100ml,False
pantry,Lantic,Icing Sugar,LanticIcing Sugar500 g,$1.99ea,,$0.40/ 100g,False
pantry,Club House,"Dry Sauce Mix, Poutine Gravy","Club HouseDry Sauce Mix, Poutine Gravy42 g",$1.49ea,,$3.55/ 100g,False
pantry,Kraft,Baker's 100% Pure Unsweetened Chocolate Baking Bar,KraftBaker's 100% Pure Unsweetened Chocolate Baking Bar225 g,$5.79ea,,$2.57/ 100g,False
pantry,Bens,7 Grain Rice,Bens7 Grain Rice420 g,$4.79ea,,$1.14/ 100g,False
pantry,Pure Via,Stevia,Pure ViaStevia50 ea,$3.99ea,,$7.98/ 100ea,False
pantry,Quaker,Apples & Cinnamon Instant Oatmeal,QuakerApples & Cinnamon Instant Oatmeal264 g,$3.99ea,,$1.51/ 100g,False
pantry,President's Choice,Old-Fashioned Dijon Mustard,President's ChoiceOld-Fashioned Dijon Mustard325 ml,$2.00ea,,$0.62/ 100ml,False
pantry,Frenchs,100% Canadian Tomato Ketchup,Frenchs100% Canadian Tomato Ketchup1 l,$3.99ea,,$0.40/ 100ml,False
pantry,In The Raw,Natural Turbinado Sugar,In The RawNatural Turbinado Sugar50 g,$4.19ea,,$1.68/ 100g,False
pantry,Dececco,Pasta Farfalle No. 93,DececcoPasta Farfalle No. 93450 g,$2.99ea,,$0.66/ 100g,False
pantry,Kelloggs,All-Bran Buds Cereal,KelloggsAll-Bran Buds Cereal500 g,$6.99ea,,$1.40/ 100g,False
pantry,General Mills,Cheerios Oat Crunch Oats 'N Honey Cereal,General MillsCheerios Oat Crunch Oats 'N Honey Cereal516 g,$4.88ea,,$0.95/ 100g,False
pantry,Catelli,"Whole Grains, Spaghettini Pasta","CatelliWhole Grains, Spaghettini Pasta375 g",$2.99ea,,$0.80/ 100g,False
pantry,No Name,Onion Recipe and Soup Mix,No NameOnion Recipe and Soup Mix28 g,$1.00ea,,$3.57/ 100g,False
pantry,Hellmanns,Honey Dijon Salad Dressing Gluten-Free ,HellmannsHoney Dijon Salad Dressing Gluten-Free 475 ml,$4.79ea,,$1.01/ 100ml,False
pantry,Club House,"La Grille, No Salt Added Vegetable Seasoning","Club HouseLa Grille, No Salt Added Vegetable Seasoning122 g",$5.99ea,,$4.91/ 100g,False
pantry,President's Choice,Whole Grain Whole Wheat Large Tortillas,President's ChoiceWhole Grain Whole Wheat Large Tortillas334 g,$3.49ea,,$1.04/ 100g,False
pantry,General Mills,Cheerios Cereal Family Size,General MillsCheerios Cereal Family Size570 g,$4.88ea,,$0.86/ 100g,False
pantry,Barilla,Pasta Penne Rigati,BarillaPasta Penne Rigati410 g,$2.29ea,,$0.56/ 100g,False
pantry,No Name,Roasted Garlic Puree,No NameRoasted Garlic Puree125 g,$2.49ea,,$1.99/ 100g,False
pantry,General Mills,"Cheerios Honey Nut Cereal, Jumbo","General MillsCheerios Honey Nut Cereal, Jumbo1300 g",$9.99ea,,$0.77/ 100g,False
pantry,In The Raw,Natural Turbinado Sugar Canister,In The RawNatural Turbinado Sugar Canister500 g,$4.49ea,,$0.90/ 100g,False
pantry,Mrs Dash,Seasoning Blend Original,Mrs DashSeasoning Blend Original70 g,$4.99ea,,$7.13/ 100g,False
pantry,No Name,Thousand Island Dressing,No NameThousand Island Dressing475 ml,$2.29ea,,$0.48/ 100ml,False
pantry,Basse,Mountain Peak Mix    ,BasseMountain Peak Mix    600 g,$6.00ea,,$1.00/ 100g,False
pantry,No Name,Beef Broth Condensed,No NameBeef Broth Condensed284 ml,$1.29ea,,$0.45/ 100ml,False
pantry,Concord,Roasted Potato Seasoning Mix,ConcordRoasted Potato Seasoning Mix35 g,$3.99ea,,$11.40/ 100g,False
pantry,President's Choice,Korean Barbeque Taco Seasoning Mix,President's ChoiceKorean Barbeque Taco Seasoning Mix24 g,$1.00ea,,$4.17/ 100g,False
pantry,President's Choice,Garam Masala Blend,President's ChoiceGaram Masala Blend45 g,$7.99ea,,$17.76/ 100g,False
pantry,Smuckers,Pure Peach Jam,SmuckersPure Peach Jam250 ml,$3.79ea,,$1.52/ 100ml,False
pantry,Club House,Organic Thyme Leaves,Club HouseOrganic Thyme Leaves20 g,$2.79ea,,$13.95/ 100g,False
pantry,General Mills,Cinnamon Toast Crunch Jumbo,General MillsCinnamon Toast Crunch Jumbo830 g,$9.99ea,,$1.20/ 100g,False
pantry,Knorr,Soup Mix Chicken Noodle,KnorrSoup Mix Chicken Noodle71 g,$2.29ea,,$3.23/ 100g,False
pantry,President's Choice,Seafood Taco Seasoning Mix,President's ChoiceSeafood Taco Seasoning Mix24 g,$1.00ea,,$4.17/ 100g,False
pantry,Natursource,Crunch Sriracha Salad Topper   ,NatursourceCrunch Sriracha Salad Topper   575 g,$10.00ea,$9.00ea,$1.57/ 100g,True
pantry,No Name,Onion Recipe and Soup Mix,No NameOnion Recipe and Soup Mix28 g,$2.00ea,,$7.14/ 100g,False
pantry,Watkins,Original Gourmet Baking Vanilla with Pure Vanilla Extract,WatkinsOriginal Gourmet Baking Vanilla with Pure Vanilla Extract59 ml,$6.29ea,,$10.66/ 100ml,False
pantry,No Name,Chocolate Hazelnut Spread,No NameChocolate Hazelnut Spread725 g,$4.00ea,,$0.55/ 100g,False
pantry,President's Choice,Cold-Pressed Extra Virgin Olive Oil Spray,President's ChoiceCold-Pressed Extra Virgin Olive Oil Spray155 ml,$4.49ea,,$2.90/ 100ml,False
pantry,PC Black Label,Honeycomb in Wildflower Honey,PC Black LabelHoneycomb in Wildflower Honey400 g,$8.49ea,,$2.12/ 100g,False
pantry,Fish Crisp,Beer Batter Seasoned Coating Mix,Fish CrispBeer Batter Seasoned Coating Mix230 g,$5.99ea,,$2.60/ 100g,False
pantry,Club House,"Dry Sauce Mix, Chicken Gravy, Less Salt","Club HouseDry Sauce Mix, Chicken Gravy, Less Salt25 g",$1.49ea,,$5.96/ 100g,False
pantry,Reddi Bulk,Colorado Sierra Trail Mix,Reddi BulkColorado Sierra Trail Mix550 g,$6.00ea,,$1.09/ 100g,False
pantry,President's Choice,Spread And Dip Joppie,President's ChoiceSpread And Dip Joppie300 ml,$4.49ea,,$1.50/ 100ml,False
pantry,Franks,BBQ Buffalo Thick Sauce,FranksBBQ Buffalo Thick Sauce354 ml,$4.00ea,,$1.13/ 100ml,False
pantry,Kraft,Smooth Light Peanut Butter,KraftSmooth Light Peanut Butter1 kg,$6.49ea,,$0.65/ 100g,False
pantry,Quaker,Quick Oats,QuakerQuick Oats2 kg,$7.99ea,,$0.36/ 100g,False
pantry,No Name,Sliced Ripe Olives,No NameSliced Ripe Olives398 ml,$1.69ea,,$0.42/ 100ml,False
pantry,No Name,Seasoned Croutons,No NameSeasoned Croutons145 g,$2.00ea,,$1.38/ 100g,False
pantry,Hershey's,"Chipits  Toffee Bits Baking Candy, 200G","Hershey'sChipits  Toffee Bits Baking Candy, 200G200 g",$4.39ea,,$2.20/ 100g,False
pantry,Unico,Sunflower Oil,UnicoSunflower Oil3 l,$17.99ea,,$0.60/ 100ml,False
pantry,No Name,Pecan Halves,No NamePecan Halves100 g,$3.49ea,,$3.49/ 100g,False
pantry,Bens,Broccoli & Cheddar Flavour Rice,BensBroccoli & Cheddar Flavour Rice132 g,$1.79ea,$1.49ea,$1.13/ 100g,True
pantry,Suraj,Ground Nutmeg ,SurajGround Nutmeg 100 g,$3.79ea,,$3.79/ 100g,False
pantry,Suraj,Ground Cardamom ,SurajGround Cardamom 75 g,$4.79ea,,$6.39/ 100g,False
pantry,Minute Rice,Basmati,Minute RiceBasmati500 g,$4.79ea,,$0.96/ 100g,False
pantry,President's Choice,The Decadent Triple Chocolate Brownie Baking Mix,President's ChoiceThe Decadent Triple Chocolate Brownie Baking Mix535 g,$4.49ea,,$0.84/ 100g,False
pantry,Tim Hortons,Mediterranean Lentil Ready To Serve Soup,Tim HortonsMediterranean Lentil Ready To Serve Soup540 ml,$3.49ea,,$0.65/ 100ml,False
pantry,President's Choice,Plant Based Brownie Baking Mix,President's ChoicePlant Based Brownie Baking Mix500 g,$8.49ea,,$1.70/ 100g,False
pantry,President's Choice,Mushroom Pasta Sauce,President's ChoiceMushroom Pasta Sauce1.8 l,$6.99ea,,$0.39/ 100ml,False
pantry,Ox Head,Rice Fragrant,Ox HeadRice Fragrant7 kg,$26.49c01,,$0.38/ 100g,False
pantry,Catelli,Garden Select Country Mushroom Pasta Sauce,CatelliGarden Select Country Mushroom Pasta Sauce640 ml,$2.69ea,,$0.42/ 100ml,False
pantry,Smuckers,Pure Seedless Raspberry Jam,SmuckersPure Seedless Raspberry Jam250 ml,$4.79ea,,$1.92/ 100ml,False
pantry,Betty Crocker,Roasted Garlic Mashed Potatoes,Betty CrockerRoasted Garlic Mashed Potatoes215 g,$2.79ea,,$1.30/ 100g,False
pantry,Catelli,Garden Select Tomato & Basil Pasta Sauce,CatelliGarden Select Tomato & Basil Pasta Sauce640 ml,$2.69ea,,$0.42/ 100ml,False
pantry,Royal Nuts,Dry Roasted Sea Salt Cashews,Royal NutsDry Roasted Sea Salt Cashews350 g,$12.00ea,,$3.43/ 100g,False
pantry,Ocean's Halo,Solid Light Tuna in Olive Oil,Ocean's HaloSolid Light Tuna in Olive Oil240 g,$5.99ea,,$2.50/ 100g,False
pantry,Campbell's,30% Less Sodium Chicken Broth,Campbell's30% Less Sodium Chicken Broth900 ml,$1.99ea,,$0.22/ 100ml,False
pantry,Italpasta,"Pasta, Penne Rigate","ItalpastaPasta, Penne Rigate750 g",$2.79ea,,$0.37/ 100g,False
pantry,President's Choice,Fusilli Pasta,President's ChoiceFusilli Pasta454 g,$2.29ea,,$0.50/ 100g,False
pantry,Italpasta,"Pasta, Alphabets","ItalpastaPasta, Alphabets450 g",$2.19ea,,$0.49/ 100g,False
pantry,No Yolks,Broad Noodle,No YolksBroad Noodle340 g,$2.79ea,,$0.82/ 100g,False
pantry,Kelloggs,Frosted Flakes,KelloggsFrosted Flakes1.06 kg,$9.99ea,,$0.94/ 100g,False
pantry,No Name,"Soup Cups, Beef","No NameSoup Cups, Beef65 g",$1.00ea,,$1.54/ 100g,False
pantry,Clover Leaf,Pink Salmon,Clover LeafPink Salmon150 g,$4.00ea,,$2.67/ 100g,False
pantry,President's Choice,New England-Style Clam Chowder,President's ChoiceNew England-Style Clam Chowder540 ml,$3.29ea,,$0.61/ 100ml,False
pantry,Mrs Dash,Seasoning Blend Garlic & Herb,Mrs DashSeasoning Blend Garlic & Herb70 g,$4.99ea,,$7.13/ 100g,False
pantry,President's Choice,Ground Red Cayenne Pepper ,President's ChoiceGround Red Cayenne Pepper 41 g,$4.99ea,,$12.17/ 100g,False
pantry,No Name,Tricolour Rotini Pasta,No NameTricolour Rotini Pasta1.81 kg,$4.79ea,,$0.26/ 100g,False
pantry,Club House,Pure Peppermint & Mint Extract,Club HousePure Peppermint & Mint Extract43 ml,$3.49ea,,$8.12/ 100ml,False
pantry,No Name,Bay Leaves,No NameBay Leaves20 g,$2.79ea,,$13.95/ 100g,False
pantry,Barilla,Pasta Farfalle,BarillaPasta Farfalle410 g,$2.29ea,,$0.56/ 100g,False
pantry,Chef Boyardee,"Beef Ravioli, Overstuffed","Chef BoyardeeBeef Ravioli, Overstuffed425 g",$1.99ea,,$0.47/ 100g,False
pantry,Tostitos,Salsa - Hot 418ml,TostitosSalsa - Hot 418ml418 ml,$4.49ea,,$1.07/ 100ml,False
pantry,Hormel,Bacon Bits Less Fat,HormelBacon Bits Less Fat100 g,$6.49ea,,$6.49/ 100g,False
pantry,Club House,"La Grille, Montreal Steak Spice Seasoning","Club HouseLa Grille, Montreal Steak Spice Seasoning188 g",$5.99ea,,$3.19/ 100g,False
pantry,Tilda,"Rice, Pure Steamed Basmati","TildaRice, Pure Steamed Basmati250 g",$2.99ea,,$1.20/ 100g,False
pantry,Frenchs,Classic Yellow Mustard,FrenchsClassic Yellow Mustard400 ml,$2.49ea,,$0.62/ 100ml,False
pantry,Shan,Special Bombay Biryani Mix,ShanSpecial Bombay Biryani Mix60 g,$2.29ea,,$3.82/ 100g,False
pantry,President's Choice,Extra-Fluffy Buttermilk Pancake & Waffle Mix,President's ChoiceExtra-Fluffy Buttermilk Pancake & Waffle Mix905 g,$2.49ea,,$0.28/ 100g,False
pantry,Unico,Peperoncini Pepper,UnicoPeperoncini Pepper750 ml,$3.29ea,,$0.44/ 100ml,False
pantry,Campbell's,Condensed Soup Vegetable,Campbell'sCondensed Soup Vegetable284 ml,$1.49ea,,$0.52/ 100ml,False
pantry,Campbell's,Beef Broth,Campbell'sBeef Broth900 ml,$1.99ea,,$0.22/ 100ml,False
pantry,Lantic,Maple Flakes,LanticMaple Flakes170 g,$6.79ea,,$3.99/ 100g,False
pantry,Shan,Chicken Curry Mix,ShanChicken Curry Mix50 g,$2.29ea,,$4.58/ 100g,False
pantry,Campbell's,Pho Broth,Campbell'sPho Broth900 ml,$1.99ea,,$0.22/ 100ml,False
pantry,Campbell's,Condensed Soup Tomato,Campbell'sCondensed Soup Tomato284 ml,$1.49ea,,$0.52/ 100ml,False
pantry,Brunswick,"Sardines, Hot Peppers","BrunswickSardines, Hot Peppers106 g",$1.99ea,,$1.88/ 100g,False
pantry,Kelloggs,Vector Meal Replacement Cereal,KelloggsVector Meal Replacement Cereal400 g,$5.99ea,,$1.50/ 100g,False
pantry,Quaker,Harvest Crunch Original Granola Cereal,QuakerHarvest Crunch Original Granola Cereal475 g,$5.79ea,$3.99ea,$0.84/ 100g,True
pantry,Vegeta,"Food Seasoning, No MSG added","VegetaFood Seasoning, No MSG added500 g",$5.99ea,,$1.20/ 100g,False
pantry,Et Tu,"Salad Kits, Caesar Original","Et TuSalad Kits, Caesar Original132 g",$3.00ea,,$2.27/ 100g,False
pantry,Club House,Poultry Seasoning,Club HousePoultry Seasoning25 g,$4.29ea,,$17.16/ 100g,False
pantry,Italpasta,"Pasta, Alphabets","ItalpastaPasta, Alphabets450 g",$2.19ea,,$0.49/ 100g,False
pantry,No Yolks,Broad Noodle,No YolksBroad Noodle340 g,$2.79ea,,$0.82/ 100g,False
pantry,Kelloggs,Frosted Flakes,KelloggsFrosted Flakes1.06 kg,$9.99ea,,$0.94/ 100g,False
pantry,No Name,"Soup Cups, Beef","No NameSoup Cups, Beef65 g",$1.00ea,,$1.54/ 100g,False
pantry,Clover Leaf,Pink Salmon,Clover LeafPink Salmon150 g,$4.00ea,,$2.67/ 100g,False
pantry,President's Choice,New England-Style Clam Chowder,President's ChoiceNew England-Style Clam Chowder540 ml,$3.29ea,,$0.61/ 100ml,False
pantry,Mrs Dash,Seasoning Blend Garlic & Herb,Mrs DashSeasoning Blend Garlic & Herb70 g,$4.99ea,,$7.13/ 100g,False
pantry,President's Choice,Ground Red Cayenne Pepper ,President's ChoiceGround Red Cayenne Pepper 41 g,$4.99ea,,$12.17/ 100g,False
pantry,No Name,Tricolour Rotini Pasta,No NameTricolour Rotini Pasta1.81 kg,$4.79ea,,$0.26/ 100g,False
pantry,Club House,Pure Peppermint & Mint Extract,Club HousePure Peppermint & Mint Extract43 ml,$3.49ea,,$8.12/ 100ml,False
pantry,No Name,Bay Leaves,No NameBay Leaves20 g,$2.79ea,,$13.95/ 100g,False
pantry,Barilla,Pasta Farfalle,BarillaPasta Farfalle410 g,$2.29ea,,$0.56/ 100g,False
pantry,Chef Boyardee,"Beef Ravioli, Overstuffed","Chef BoyardeeBeef Ravioli, Overstuffed425 g",$1.99ea,,$0.47/ 100g,False
pantry,Tostitos,Salsa - Hot 418ml,TostitosSalsa - Hot 418ml418 ml,$4.49ea,,$1.07/ 100ml,False
pantry,No Name,Dehydrated Chopped Onions,No NameDehydrated Chopped Onions80 g,$2.00ea,,$2.50/ 100g,False
pantry,Dececco,Spaghettini,DececcoSpaghettini450 g,$2.99ea,,$0.66/ 100g,False
pantry,Old El Paso,Tortilla Pockets Kit,Old El PasoTortilla Pockets Kit351 g,$4.99ea,,$1.42/ 100g,False
pantry,Club House,Celery Seed,Club HouseCelery Seed105 g,$7.49ea,,$7.13/ 100g,False
pantry,Weber,Cowboy Seasoning & Rub,WeberCowboy Seasoning & Rub159 g,$6.99ea,,$4.40/ 100g,False
pantry,Clover Leaf,"Tuna Salad Kit, Classic","Clover LeafTuna Salad Kit, Classic90 g",$2.00ea,,$2.22/ 100g,False
pantry,Knorr,"Sidekicks Pasta Side Dish, Creamy Bacon Carbonara No Artificial Flavours","KnorrSidekicks Pasta Side Dish, Creamy Bacon Carbonara No Artificial Flavours134 g",$2.49ea,,$1.86/ 100g,False
pantry,Strubs,Kosher Baby Dills,StrubsKosher Baby Dills750 ml,$4.79ea,,$0.64/ 100ml,False
pantry,Post,Honey Bunches Of Oat Honey Roasted Cereal,PostHoney Bunches Of Oat Honey Roasted Cereal340 g,$3.99ea,,$1.17/ 100g,False
pantry,No Name,Fully Cooked Real Bacon Bits,No NameFully Cooked Real Bacon Bits85 g,$4.99ea,,$5.87/ 100g,False
pantry,Club House,Mustard Seed,Club HouseMustard Seed165 g,$7.49ea,,$4.54/ 100g,False
pantry,Heinz,Zoodles Animal Shaped Pasta With Tomato Sauce,HeinzZoodles Animal Shaped Pasta With Tomato Sauce398 ml,$1.79ea,,$0.45/ 100ml,False
pantry,Quality,Tamarind Without Seeds,QualityTamarind Without Seeds400 g,$3.99ea,,$1.00/ 100g,False
pantry,Frenchs,100% Canadian Tomato Ketchup,Frenchs100% Canadian Tomato Ketchup1 l,$3.99ea,,$0.40/ 100ml,False
pantry,In The Raw,Natural Turbinado Sugar,In The RawNatural Turbinado Sugar50 g,$4.19ea,,$1.68/ 100g,False
pantry,Dececco,Pasta Farfalle No. 93,DececcoPasta Farfalle No. 93450 g,$2.99ea,,$0.66/ 100g,False
pantry,Kelloggs,All-Bran Buds Cereal,KelloggsAll-Bran Buds Cereal500 g,$6.99ea,,$1.40/ 100g,False
pantry,General Mills,Cheerios Oat Crunch Oats 'N Honey Cereal,General MillsCheerios Oat Crunch Oats 'N Honey Cereal516 g,$4.88ea,,$0.95/ 100g,False
pantry,Catelli,"Whole Grains, Spaghettini Pasta","CatelliWhole Grains, Spaghettini Pasta375 g",$2.99ea,,$0.80/ 100g,False
pantry,No Name,Onion Recipe and Soup Mix,No NameOnion Recipe and Soup Mix28 g,$1.00ea,,$3.57/ 100g,False
pantry,Hellmanns,Honey Dijon Salad Dressing Gluten-Free ,HellmannsHoney Dijon Salad Dressing Gluten-Free 475 ml,$4.79ea,,$1.01/ 100ml,False
pantry,Club House,"La Grille, No Salt Added Vegetable Seasoning","Club HouseLa Grille, No Salt Added Vegetable Seasoning122 g",$5.99ea,,$4.91/ 100g,False
pantry,President's Choice,Whole Grain Whole Wheat Large Tortillas,President's ChoiceWhole Grain Whole Wheat Large Tortillas334 g,$3.49ea,,$1.04/ 100g,False
pantry,General Mills,Cheerios Cereal Family Size,General MillsCheerios Cereal Family Size570 g,$4.88ea,,$0.86/ 100g,False
pantry,Barilla,Pasta Penne Rigati,BarillaPasta Penne Rigati410 g,$2.29ea,,$0.56/ 100g,False
pantry,No Name,Roasted Garlic Puree,No NameRoasted Garlic Puree125 g,$2.49ea,,$1.99/ 100g,False
pantry,General Mills,"Cheerios Honey Nut Cereal, Jumbo","General MillsCheerios Honey Nut Cereal, Jumbo1300 g",$9.99ea,,$0.77/ 100g,False
pantry,In The Raw,Natural Turbinado Sugar Canister,In The RawNatural Turbinado Sugar Canister500 g,$4.49ea,,$0.90/ 100g,False
pantry,Mrs Dash,Seasoning Blend Original,Mrs DashSeasoning Blend Original70 g,$4.99ea,,$7.13/ 100g,False
pantry,No Name,Thousand Island Dressing,No NameThousand Island Dressing475 ml,$2.29ea,,$0.48/ 100ml,False
pantry,Basse,Mountain Peak Mix    ,BasseMountain Peak Mix    600 g,$6.00ea,,$1.00/ 100g,False
pantry,No Name,Beef Broth Condensed,No NameBeef Broth Condensed284 ml,$1.29ea,,$0.45/ 100ml,False
pantry,Concord,Roasted Potato Seasoning Mix,ConcordRoasted Potato Seasoning Mix35 g,$3.99ea,,$11.40/ 100g,False
pantry,President's Choice,Korean Barbeque Taco Seasoning Mix,President's ChoiceKorean Barbeque Taco Seasoning Mix24 g,$1.00ea,,$4.17/ 100g,False
pantry,President's Choice,Garam Masala Blend,President's ChoiceGaram Masala Blend45 g,$7.99ea,,$17.76/ 100g,False
pantry,Smuckers,Pure Peach Jam,SmuckersPure Peach Jam250 ml,$3.79ea,,$1.52/ 100ml,False
pantry,Club House,Organic Thyme Leaves,Club HouseOrganic Thyme Leaves20 g,$2.79ea,,$13.95/ 100g,False
pantry,General Mills,Cinnamon Toast Crunch Jumbo,General MillsCinnamon Toast Crunch Jumbo830 g,$9.99ea,,$1.20/ 100g,False
pantry,Knorr,Soup Mix Chicken Noodle,KnorrSoup Mix Chicken Noodle71 g,$2.29ea,,$3.23/ 100g,False
pantry,President's Choice,Seafood Taco Seasoning Mix,President's ChoiceSeafood Taco Seasoning Mix24 g,$1.00ea,,$4.17/ 100g,False
pantry,Natursource,Crunch Sriracha Salad Topper   ,NatursourceCrunch Sriracha Salad Topper   575 g,$10.00ea,$9.00ea,$1.57/ 100g,True
pantry,No Name,Onion Recipe and Soup Mix,No NameOnion Recipe and Soup Mix28 g,$2.00ea,,$7.14/ 100g,False
pantry,Watkins,Original Gourmet Baking Vanilla with Pure Vanilla Extract,WatkinsOriginal Gourmet Baking Vanilla with Pure Vanilla Extract59 ml,$6.29ea,,$10.66/ 100ml,False
pantry,No Name,"Peas, Assorted Sizes ","No NamePeas, Assorted Sizes 398 ml",$1.39ea,,$0.35/ 100ml,False
pantry,No Name,Cream-Style Corn,No NameCream-Style Corn398 ml,$1.39ea,,$0.35/ 100ml,False
pantry,Kelloggs,Pop Tarts Frosted Smore   ,KelloggsPop Tarts Frosted Smore   384 g,$3.49ea,,$0.91/ 100g,False
pantry,President's Choice,Crunchy Chocolate Hazelnut Spread,President's ChoiceCrunchy Chocolate Hazelnut Spread375 g,$3.49ea,,$0.93/ 100g,False
pantry,Bush's Best,Original Baked Beans,Bush's BestOriginal Baked Beans398 ml,$1.99ea,,$0.50/ 100ml,False
pantry,Daawat,Basmati Rice,DaawatBasmati Rice4 kg,$16.99ea,,$0.42/ 100g,False
pantry,Bens,Parmesan & Butter Flavour Rice,BensParmesan & Butter Flavour Rice397 g,$4.79ea,,$1.21/ 100g,False
pantry,La Costena,"Salsa, Medium","La CostenaSalsa, Medium453 g",$3.49ea,,$0.77/ 100g,False
pantry,Minute Rice,Basmati,Minute RiceBasmati500 g,$4.79ea,,$0.96/ 100g,False
pantry,President's Choice,The Decadent Triple Chocolate Brownie Baking Mix,President's ChoiceThe Decadent Triple Chocolate Brownie Baking Mix535 g,$4.49ea,,$0.84/ 100g,False
pantry,Tim Hortons,Mediterranean Lentil Ready To Serve Soup,Tim HortonsMediterranean Lentil Ready To Serve Soup540 ml,$3.49ea,,$0.65/ 100ml,False
pantry,President's Choice,Plant Based Brownie Baking Mix,President's ChoicePlant Based Brownie Baking Mix500 g,$8.49ea,,$1.70/ 100g,False
pantry,President's Choice,Mushroom Pasta Sauce,President's ChoiceMushroom Pasta Sauce1.8 l,$6.99ea,,$0.39/ 100ml,False
pantry,Ox Head,Rice Fragrant,Ox HeadRice Fragrant7 kg,$26.49c01,,$0.38/ 100g,False
pantry,Catelli,Garden Select Country Mushroom Pasta Sauce,CatelliGarden Select Country Mushroom Pasta Sauce640 ml,$2.69ea,,$0.42/ 100ml,False
pantry,Smuckers,Pure Seedless Raspberry Jam,SmuckersPure Seedless Raspberry Jam250 ml,$4.79ea,,$1.92/ 100ml,False
pantry,Betty Crocker,Roasted Garlic Mashed Potatoes,Betty CrockerRoasted Garlic Mashed Potatoes215 g,$2.79ea,,$1.30/ 100g,False
pantry,Catelli,Garden Select Tomato & Basil Pasta Sauce,CatelliGarden Select Tomato & Basil Pasta Sauce640 ml,$2.69ea,,$0.42/ 100ml,False
pantry,No Name,Chocolate Hazelnut Spread,No NameChocolate Hazelnut Spread725 g,$4.00ea,,$0.55/ 100g,False
pantry,McCormicks,"Dry Sauce Mix, Roast Gravy","McCormicksDry Sauce Mix, Roast Gravy32 g",$2.29ea,,$7.16/ 100g,False
pantry,Kraft,Three Cheese Macaroni & Cheese,KraftThree Cheese Macaroni & Cheese200 g,$2.29ea,,$1.15/ 100g,False
pantry,PC Organics,Organic Arrabbiata Sauce,PC OrganicsOrganic Arrabbiata Sauce700 ml,$6.00ea,,$0.86/ 100ml,False
pantry,Capn Crunch,Cap'N Crunch Peanut Butter,Capn CrunchCap'N Crunch Peanut Butter325 g,$5.49ea,$3.99ea,$1.23/ 100g,True
pantry,President's Choice,Extra-Fluffy Buttermilk Pancake & Waffle Mix,President's ChoiceExtra-Fluffy Buttermilk Pancake & Waffle Mix905 g,$2.49ea,,$0.28/ 100g,False
pantry,Unico,Peperoncini Pepper,UnicoPeperoncini Pepper750 ml,$3.29ea,,$0.44/ 100ml,False
pantry,Campbell's,Condensed Soup Vegetable,Campbell'sCondensed Soup Vegetable284 ml,$1.49ea,,$0.52/ 100ml,False
pantry,Campbell's,Beef Broth,Campbell'sBeef Broth900 ml,$1.99ea,,$0.22/ 100ml,False
pantry,Lantic,Maple Flakes,LanticMaple Flakes170 g,$6.79ea,,$3.99/ 100g,False
pantry,Shan,Chicken Curry Mix,ShanChicken Curry Mix50 g,$2.29ea,,$4.58/ 100g,False
pantry,Campbell's,Pho Broth,Campbell'sPho Broth900 ml,$1.99ea,,$0.22/ 100ml,False
pantry,Reddi Bulk,Unsalted Blanched Peanuts,Reddi BulkUnsalted Blanched Peanuts175 g,$1.19ea,,$0.68/ 100g,False
pantry,President's Choice,Butter Chicken Cooking Sauce,President's ChoiceButter Chicken Cooking Sauce400 ml,$4.99ea,,$1.25/ 100ml,False
pantry,Royal Nuts,Dry Roasted Sea Salt Cashews,Royal NutsDry Roasted Sea Salt Cashews350 g,$12.00ea,,$3.43/ 100g,False
pantry,President's Choice,Memories of Korea Korean Barbecue Sauce,President's ChoiceMemories of Korea Korean Barbecue Sauce350 ml,$4.99ea,,$1.43/ 100ml,False
pantry,Club House,"Dry Sauce Mix, Alfredo","Club HouseDry Sauce Mix, Alfredo30 g",$2.29ea,,$7.63/ 100g,False
pantry,Snack and Bec, Instant Dry Yeast,Snack and Bec Instant Dry Yeast100 g,$5.99ea,,$5.99/ 100g,False
pantry,Molino Di Ferro,Instant Polenta,Molino Di FerroInstant Polenta500 g,$3.99ea,,$0.80/ 100g,False
pantry,Bens,Wholegrain Brown Rice Roasted Chicken Flavour,BensWholegrain Brown Rice Roasted Chicken Flavour250 g,$3.49ea,,$1.40/ 100g,False
pantry,Bens,Long Grain & Wild Rice Roasted Chicken,BensLong Grain & Wild Rice Roasted Chicken250 g,$3.49ea,,$1.40/ 100g,False
pantry,Old El Paso,Smart Fiesta Tortillas ,Old El PasoSmart Fiesta Tortillas 311 g,$3.99ea,,$1.28/ 100g,False
pantry,Renees,Blue Cheese Dressing,ReneesBlue Cheese Dressing355 ml,$5.49ea,,$1.55/ 100ml,False
pantry,Clover Leaf,Cocktail Shrimp,Clover LeafCocktail Shrimp106 g,$3.99ea,,$3.76/ 100g,False
pantry,Barilla,Pasta Rigatoni,BarillaPasta Rigatoni410 g,$2.29ea,,$0.56/ 100g,False
pantry,Italpasta,Rotini Pasta,ItalpastaRotini Pasta750 g,$2.79ea,,$0.37/ 100g,False
pantry,President's Choice,Paprika,President's ChoicePaprika48 g,$5.99ea,,$12.48/ 100g,False
pantry,Bens,Long Grain & Wild Rice Mushroom Flavour,BensLong Grain & Wild Rice Mushroom Flavour250 g,$3.49ea,,$1.40/ 100g,False
pantry,Bens,Korean BBQ Flavour,BensKorean BBQ Flavour240 g,$3.49ea,,$1.45/ 100g,False
pantry,Bens,Wholegrain Brown Rice Roasted Chicken Flavour,BensWholegrain Brown Rice Roasted Chicken Flavour250 g,$3.49ea,,$1.40/ 100g,False
pantry,Bens,Long Grain & Wild Rice Roasted Chicken,BensLong Grain & Wild Rice Roasted Chicken250 g,$3.49ea,,$1.40/ 100g,False
pantry,Bens,White Basmati Coconut Rice,BensWhite Basmati Coconut Rice240 g,$3.49ea,,$1.45/ 100g,False
pantry,Bens,Converted Rice,BensConverted Rice250 g,$3.49ea,,$1.40/ 100g,False
pantry,Bens,Wholegrain Brown Rice,BensWholegrain Brown Rice250 g,$3.49ea,,$1.40/ 100g,False
pantry,Bens,Mexican Style Rice,BensMexican Style Rice250 g,$3.49ea,,$1.40/ 100g,False
pantry,Bertolli,Mild Taste-Extra Virgin Olive Oil,BertolliMild Taste-Extra Virgin Olive Oil1 l,$10.99ea,,$1.10/ 100ml,False
pantry,No Name,Seasoning Salt,No NameSeasoning Salt225 g,$2.00ea,,$0.89/ 100g,False
pantry,Unico,"Diced Tomatoes, No Salt Added","UnicoDiced Tomatoes, No Salt Added796 ml",$2.29ea,,$0.29/ 100ml,False
pantry,Unico,Crushed Tomatoes,UnicoCrushed Tomatoes796 ml,$2.29ea,,$0.29/ 100ml,False
pantry,Campbell's,Chunky Ready To Serve Soup Creamy Thai Chicken And Rice,Campbell'sChunky Ready To Serve Soup Creamy Thai Chicken And Rice515 ml,$3.49ea,,$0.68/ 100ml,False
pantry,Unico,Chick Peas,UnicoChick Peas540 ml,$1.49ea,,$0.28/ 100ml,False
pantry,Unico,Black Beans,UnicoBlack Beans540 ml,$1.49ea,,$0.28/ 100ml,False
pantry,Bertolli,Extra Light Taste Olive Oil,BertolliExtra Light Taste Olive Oil1 l,$10.99ea,,$1.10/ 100ml,False
pantry,Campbell's,Chunky Chicken Corn Chowder,Campbell'sChunky Chicken Corn Chowder515 ml,$3.49ea,,$0.68/ 100ml,False
pantry,Classico,Fire Roasted Pizza Sauce,ClassicoFire Roasted Pizza Sauce410 ml,$4.49ea,,$1.10/ 100ml,False
pantry,Kraft,Miracle Whip Original Spread,KraftMiracle Whip Original Spread650 ml,$6.29ea,,$0.97/ 100ml,False
pantry,President's Choice,Bread & Butter Deli Sliced Sweet Pickles,President's ChoiceBread & Butter Deli Sliced Sweet Pickles500 ml,$3.99ea,,$0.80/ 100ml,False
pantry,President's Choice,Medium Salsa,President's ChoiceMedium Salsa650 ml,$5.00ea,,$0.77/ 100ml,False
pantry,President's Choice,Zesty Garlic Deli Sliced Dill Pickles,President's ChoiceZesty Garlic Deli Sliced Dill Pickles500 ml,$3.99ea,,$0.80/ 100ml,False
pantry,Old El Paso,Caribbean Jerk Inspired World Taco Kit,Old El PasoCaribbean Jerk Inspired World Taco Kit331 g,$4.99ea,,$1.51/ 100g,False
pantry,General Mills,Cinnamon Toast Crunch Cereal,General MillsCinnamon Toast Crunch Cereal354 g,$4.79ea,,$1.35/ 100g,False
pantry,Betty Crocker,Creamy Deluxe Chocolate Frosting ,Betty CrockerCreamy Deluxe Chocolate Frosting 450 g,$2.29ea,,$0.51/ 100g,False
pantry,Classico,Di Roma Light Alfredo Pasta Sauce,ClassicoDi Roma Light Alfredo Pasta Sauce410 ml,$4.49ea,,$1.10/ 100ml,False
pantry,President's Choice,Fajita Kit,President's ChoiceFajita Kit427 g,$4.19ea,,$0.98/ 100g,False
pantry,Post,Shreddies Original Cereals,PostShreddies Original Cereals440 g,$3.99ea,,$0.91/ 100g,False
pantry,Betty Crocker,SuperMoist Chocolate Fudge Cake Mix,Betty CrockerSuperMoist Chocolate Fudge Cake Mix432 g,$2.29ea,,$0.53/ 100g,False
pantry,Kraft,Miracle Whip Original Spread,KraftMiracle Whip Original Spread890 ml,$6.29ea,,$0.71/ 100ml,False
pantry,General Mills,Caramel Toast Crunch,General MillsCaramel Toast Crunch340 g,$4.79ea,,$1.41/ 100g,False
pantry,Old El Paso,"Thick n' Chunky Salsa, Mild","Old El PasoThick n' Chunky Salsa, Mild650 ml",$5.29ea,,$0.81/ 100ml,False
pantry,No Name,Macaroni & Cheese Dinner,No NameMacaroni & Cheese Dinner200 g,$0.89ea,,$0.45/ 100g,False
pantry,Campbell's,Franco American Beef Gravy,Campbell'sFranco American Beef Gravy284 ml,$1.99ea,,$0.70/ 100ml,False
pantry,Betty Crocker,SuperMoist Devil's Food Cake Mix,Betty CrockerSuperMoist Devil's Food Cake Mix432 g,$2.29ea,,$0.53/ 100g,False
pantry,French Toast Crunch,Cereal,French Toast CrunchCereal380 g,$4.79ea,,$1.26/ 100g,False
pantry,General Mills,Chocolate Cheerios,General MillsChocolate Cheerios420 g,$4.79ea,,$1.14/ 100g,False
pantry,Betty Crocker,Creamy Deluxe Vanilla Frosting ,Betty CrockerCreamy Deluxe Vanilla Frosting 340 g,$2.29ea,,$0.67/ 100g,False
pantry,Hellmanns,"Mayonnaise Type Dressing condiment for fries, burgers, and salads Light ½ Fat","HellmannsMayonnaise Type Dressing condiment for fries, burgers, and salads Light ½ Fat750 ml",$6.49ea,,$0.87/ 100ml,False
pantry,Betty Crocker,Whipped Fluffy White Frosting,Betty CrockerWhipped Fluffy White Frosting340 g,$2.29ea,,$0.67/ 100g,False
pantry,President's Choice,Pure Vanilla Extract,President's ChoicePure Vanilla Extract46 ml,$6.99ea,,$15.20/ 100ml,False
pantry,No Name,Ground Ginger,No NameGround Ginger100 g,$2.00ea,,$2.00/ 100g,False
pantry,Hellmanns,"Mayonnaise Type Dressing condiment for fries, burgers, and salads Light ½ Fat","HellmannsMayonnaise Type Dressing condiment for fries, burgers, and salads Light ½ Fat750 ml",$6.49ea,,$0.87/ 100ml,False
pantry,Betty Crocker,Whipped Fluffy White Frosting,Betty CrockerWhipped Fluffy White Frosting340 g,$2.29ea,,$0.67/ 100g,False
pantry,Betty Crocker,Creamy Deluxe Vanilla Frosting ,Betty CrockerCreamy Deluxe Vanilla Frosting 340 g,$2.29ea,,$0.67/ 100g,False
pantry,No Name,Parsley Flakes,No NameParsley Flakes15 g,$2.00ea,,$13.33/ 100g,False
pantry,Club House,"One Step Seasoning, Greek","Club HouseOne Step Seasoning, Greek120 g",$6.99ea,,$5.83/ 100g,False
pantry,President's Choice,Loads Of Raisins Raisin Bran Cereal,President's ChoiceLoads Of Raisins Raisin Bran Cereal625 g,$4.99ea,,$0.80/ 100g,False
pantry,Ching's,Secret Instant Noodles Manchurian,Ching'sSecret Instant Noodles Manchurian240 g,$2.49ea,,$1.04/ 100g,False
pantry,No Name,Mayonnaise,No NameMayonnaise445 ml,$3.29ea,,$0.74/ 100ml,False
pantry,No Name,Tomato Sauce,No NameTomato Sauce398 ml,$1.29ea,,$0.32/ 100ml,False
pantry,President's Choice,Memories of Thailand Sweet Chili Pepper Sauce,President's ChoiceMemories of Thailand Sweet Chili Pepper Sauce350 ml,$4.99ea,,$1.43/ 100ml,False
pantry,No Name,Tomato Paste,No NameTomato Paste156 ml,$0.99ea,,$0.63/ 100ml,False
pantry,Kraft,Crunchy Peanut Butter,KraftCrunchy Peanut Butter2 kg,$11.49ea,,$0.57/ 100g,False
pantry,Red Lobster,Cheddar Bay Biscuit Mix,Red LobsterCheddar Bay Biscuit Mix322 g,$4.49ea,,$1.39/ 100g,False
pantry,No Name,Sweet Pickled Onions,No NameSweet Pickled Onions375 ml,$2.49ea,,$0.66/ 100ml,False
pantry,President's Choice,Maple Flavour Marshmallows,President's ChoiceMaple Flavour Marshmallows400 g,$3.49ea,,$0.87/ 100g,False
pantry,No Name,Mayonnaise,No NameMayonnaise890 ml,$4.29ea,,$0.48/ 100ml,False
pantry,Del Monte,"Peach Slices, Water Packed No Sugar Added    ","Del MontePeach Slices, Water Packed No Sugar Added    398 ml",$2.69ea,,$0.68/ 100ml,False
pantry,Goya,Sazon Saffron     ,GoyaSazon Saffron     100 g,$4.79ea,,$4.79/ 100g,False
pantry,No Name,Fruit Salad in Fruit Juice from Concentrate,No NameFruit Salad in Fruit Juice from Concentrate540 ml,$3.99ea,,$0.74/ 100ml,False
pantry,Unico,Red Wine Vinegar,UnicoRed Wine Vinegar500 ml,$2.59ea,,$0.52/ 100ml,False
pantry,Betty Crocker,Au Gratin Scalloped Potatoes,Betty CrockerAu Gratin Scalloped Potatoes141 g,$2.79ea,,$1.98/ 100g,False
pantry,Cheetos,Mac'N Cheese Bold & Cheesy Pasta,CheetosMac'N Cheese Bold & Cheesy Pasta170 g,$1.99ea,,$1.17/ 100g,False
pantry,PC Blue Menu,Cut Green Beans,PC Blue MenuCut Green Beans398 ml,$1.69ea,,$0.42/ 100ml,False
pantry,Smuckers,Pure Seedless Strawberry Jam,SmuckersPure Seedless Strawberry Jam250 ml,$3.79ea,,$1.52/ 100ml,False
pantry,Green Giant,Creamy Style Sweet Corn,Green GiantCreamy Style Sweet Corn398 ml,$1.99ea,,$0.50/ 100ml,False
pantry,VH,Lemon Peri Peri Sauce   ,VHLemon Peri Peri Sauce   341 ml,$3.79ea,,$1.11/ 100ml,False
pantry,Club House,"Dry Sauce Mix, Brown Gravy","Club HouseDry Sauce Mix, Brown Gravy25 g",$1.49ea,,$5.96/ 100g,False
pantry,Suraj,Toor Dal Dry,SurajToor Dal Dry1.81 kg,$5.99ea,,$0.33/ 100g,False
pantry,President's Choice,Whole Sweet Red Peppers,President's ChoiceWhole Sweet Red Peppers300 ml,$2.99ea,,$1.00/ 100ml,False
pantry,PC Blue Menu,100% Whole Grain Steel Cut Oats,PC Blue Menu100% Whole Grain Steel Cut Oats840 g,$4.00ea,$3.00ea,$0.36/ 100g,True
pantry,Club House,"Dry Sauce Mix, Brown Gravy, Less Salt","Club HouseDry Sauce Mix, Brown Gravy, Less Salt25 g",$1.49ea,,$5.96/ 100g,False
pantry,No Name,Chicken Bouillon Concentrate,No NameChicken Bouillon Concentrate500 ml,$5.00ea,,$1.00/ 100ml,False
pantry,President's Choice,Hibiscus Glaze with White Condiment ,President's ChoiceHibiscus Glaze with White Condiment 250 ml,$4.79ea,,$1.92/ 100ml,False
pantry,Fish Crisp,"Seasoned Coating Mix, Original","Fish CrispSeasoned Coating Mix, Original340 g",$5.99ea,,$1.76/ 100g,False
pantry,Fleischmanns,Traditional Yeast,FleischmannsTraditional Yeast24 g,$1.99ea,,$8.29/ 100g,False
pantry,Kelloggs,Strawberry Special Edition Cereal,KelloggsStrawberry Special Edition Cereal439 g,$5.99ea,,$1.36/ 100g,False
pantry,Reddi Bulk,"Roasted Cashews, Salted","Reddi BulkRoasted Cashews, Salted375 g",$10.00ea,,$2.67/ 100g,False
pantry,Campbell's,"Broth, Chicken","Campbell'sBroth, Chicken284 ml",$2.49ea,,$0.88/ 100ml,False
pantry,Kraft,Macaroni & Cheese Spirals,KraftMacaroni & Cheese Spirals175 g,$2.29ea,,$1.31/ 100g,False
pantry,Nupak,Green Lentils,NupakGreen Lentils900 g,$4.19ea,,$0.47/ 100g,False
pantry,Italpasta,"Pasta, Tradizionale Rigatoni Macaroni Products","ItalpastaPasta, Tradizionale Rigatoni Macaroni Products750 g",$2.79ea,,$0.37/ 100g,False
pantry,Del Monte,"Fruit Cocktail, Water Packed No Sugar Added","Del MonteFruit Cocktail, Water Packed No Sugar Added398 ml",$2.69ea,,$0.68/ 100ml,False
pantry,No Name,Slow Cooked Beans with Pork and Molasses,No NameSlow Cooked Beans with Pork and Molasses398 ml,$1.29ea,,$0.32/ 100ml,False
pantry,Betty Crocker,Muffin Top mix Chocolate Chip ,Betty CrockerMuffin Top mix Chocolate Chip 368 g,$3.99ea,,$1.08/ 100g,False
pantry,Unico,Cornmeal,UnicoCornmeal750 g,$2.49ea,,$0.33/ 100g,False
pantry,PC Blue Menu,Brown Rice & Quinoa With Butter & Chives Side Dish,PC Blue MenuBrown Rice & Quinoa With Butter & Chives Side Dish250 g,$2.99ea,,$1.20/ 100g,False
pantry,President's Choice,Memories of Mexico Al Pastor Marinade,President's ChoiceMemories of Mexico Al Pastor Marinade350 ml,$4.99ea,,$1.43/ 100ml,False
pantry,Robin Hood,Almond Flour,Robin HoodAlmond Flour500 g,$17.79ea,,$3.56/ 100g,False
pantry,No Name,Maraschino Cherries With Syrup,No NameMaraschino Cherries With Syrup375 ml,$3.00ea,,$0.80/ 100ml,False
pantry,Pataks,Tandoori Cooking Sauce,PataksTandoori Cooking Sauce400 ml,$4.99ea,,$1.25/ 100ml,False
pantry,President's Choice,"Apricot, Fig, Cherry & Mulberry Dried Fruit Blend","President's ChoiceApricot, Fig, Cherry & Mulberry Dried Fruit Blend200 g",$8.29ea,,$4.15/ 100g,False
pantry,PC Blue Menu,Blue Menu Six Bean Medley,PC Blue MenuBlue Menu Six Bean Medley540 ml,$1.69ea,,$0.31/ 100ml,False
pantry,Unico,"Peppers Flame Roasted, Sliced","UnicoPeppers Flame Roasted, Sliced370 ml",$3.39ea,,$0.92/ 100ml,False
pantry,Reddi Bulk,Colorado Sierra Trail Mix,Reddi BulkColorado Sierra Trail Mix907 g,$9.00ea,,$0.99/ 100g,False
pantry,Pataks,Korma Cooking Sauce,PataksKorma Cooking Sauce400 ml,$4.99ea,,$1.25/ 100ml,False
pantry,President's Choice,Toasted Oat Os Cereal,President's ChoiceToasted Oat Os Cereal570 g,$4.99ea,,$0.88/ 100g,False
pantry,President's Choice,Canola Oil Spray,President's ChoiceCanola Oil Spray170 ml,$4.49ea,,$2.64/ 100ml,False
pantry,Club House,"Dry Sauce Mix, Turkey Gravy, Gluten-Free","Club HouseDry Sauce Mix, Turkey Gravy, Gluten-Free25 g",$1.49ea,,$5.96/ 100g,False
pantry,No Name,"Peas, Assorted Sizes ","No NamePeas, Assorted Sizes 284 ml",$1.29ea,,$0.45/ 100ml,False
pantry,PC Blue Menu,Whole Tomatoes,PC Blue MenuWhole Tomatoes796 ml,$1.19ea,,$0.15/ 100ml,False
pantry,Jell-O,"Raspberry Jelly Powder, Gelatin Mix","Jell-ORaspberry Jelly Powder, Gelatin Mix85 g",$0.99ea,,$1.16/ 100g,False
pantry,Reddi Bulk,Walnut Halves & Pieces,Reddi BulkWalnut Halves & Pieces215 g,$7.00ea,,$3.26/ 100g,False
pantry,Rooster,Oyster Sauce,RoosterOyster Sauce430 ml,$1.99ea,,$0.46/ 100ml,False
pantry,Cool Runnings,All Purpose Seasoning,Cool RunningsAll Purpose Seasoning900 g,$4.29ea,,$0.48/ 100g,False
pantry,PC Blue Menu,Blue Menu Regular Supergrains Oatmeal,PC Blue MenuBlue Menu Regular Supergrains Oatmeal304 g,$3.99ea,,$1.31/ 100g,False
pantry,Crisco,All Vegetables Shortening,CriscoAll Vegetables Shortening454 g,$4.49ea,,$0.99/ 100g,False
pantry,Tilda,Steamed Basmati Rice Sweet Chili & Lime,TildaSteamed Basmati Rice Sweet Chili & Lime250 g,$2.99ea,,$1.20/ 100g,False
pantry,Pataks,Mild Curry Paste,PataksMild Curry Paste284 ml,$5.49ea,,$1.93/ 100ml,False
pantry,Dr Oetker,"Shirriff Pudding & Pie Filling, Coconut","Dr OetkerShirriff Pudding & Pie Filling, Coconut175 g",$2.79ea,,$1.59/ 100g,False
pantry,Magic Baking Powder,Baking Powder 450 gr,Magic Baking PowderBaking Powder 450 gr450 g,$6.29ea,,$1.40/ 100g,False
pantry,Kraft,Shake'n Bake Crispy Chicken Coating Mix,KraftShake'n Bake Crispy Chicken Coating Mix152 g,$3.69ea,,$2.43/ 100g,False
pantry,No Name,Plum Sauce,No NamePlum Sauce750 ml,$3.49ea,,$0.47/ 100ml,False
pantry,Reddi Bulk,Raw Almonds,Reddi BulkRaw Almonds350 g,$10.00ea,,$2.86/ 100g,False
pantry,Kikkoman,Soy Sauce,KikkomanSoy Sauce591 ml,$7.49ea,,$1.27/ 100ml,False
pantry,Windsor,Sea Salt Grinder,WindsorSea Salt Grinder70 g,$4.29ea,,$6.13/ 100g,False
pantry,President's Choice,Citrus Herb Marinade,President's ChoiceCitrus Herb Marinade350 ml,$4.49ea,,$1.28/ 100ml,False
pantry,President's Choice,Honey Garlic Barbecue Sauce,President's ChoiceHoney Garlic Barbecue Sauce1 l,$4.79ea,,$0.48/ 100ml,False
pantry,President's Choice,Smokin' Stampede Beer & Chipotle Barbecue Sauce,President's ChoiceSmokin' Stampede Beer & Chipotle Barbecue Sauce500 ml,$3.49ea,,$0.70/ 100ml,False
pantry,No Name,Rich & Chunky Beef Soup,No NameRich & Chunky Beef Soup540 ml,$2.49ea,,$0.46/ 100ml,False
pantry,No Name,Pure Lard,No NamePure Lard454 g,$3.29ea,,$0.72/ 100g,False
pantry,Quaker,Instant Oatmeal Lightly Sweetened Maple & Brown Sugar,QuakerInstant Oatmeal Lightly Sweetened Maple & Brown Sugar304 g,$4.99ea,$3.99ea,$1.31/ 100g,True
pantry,Suraj,Black Mustard Seed ,SurajBlack Mustard Seed 200 g,$1.49ea,,$0.75/ 100g,False
pantry,La Costena,Whole Tomatillo,La CostenaWhole Tomatillo794 g,$4.49ea,,$0.57/ 100g,False
pantry,PC Blue Menu,Blue Menu Sliced Mushrooms,PC Blue MenuBlue Menu Sliced Mushrooms284 ml,$1.49ea,,$0.52/ 100ml,False
pantry,No Name,Pitted Prunes,No NamePitted Prunes375 g,$5.99ea,,$1.60/ 100g,False
pantry,President's Choice,Plant Based Chocolate Cake Baking Mix,President's ChoicePlant Based Chocolate Cake Baking Mix454 g,$7.49ea,,$1.65/ 100g,False
pantry,Dainty,Jasmine World Classics,DaintyJasmine World Classics1.6 kg,$12.49ea,,$0.78/ 100g,False
pantry,No Name,Unsweetened Medium Coconut,No NameUnsweetened Medium Coconut200 g,$2.00ea,,$1.00/ 100g,False
pantry,President's Choice,Memories Of Szechwan Mild Peanut Satay Sauce,President's ChoiceMemories Of Szechwan Mild Peanut Satay Sauce350 ml,$4.99ea,,$1.43/ 100ml,False
pantry,No Name,Sliced Blanched Almonds ,No NameSliced Blanched Almonds 400 g,$7.79ea,,$1.95/ 100g,False
pantry,President's Choice,All-Natural Puffed Wheat Cereal,President's ChoiceAll-Natural Puffed Wheat Cereal400 g,$4.99ea,,$1.25/ 100g,False
pantry,Betty Crocker,Muffin Top mix Blueberry ,Betty CrockerMuffin Top mix Blueberry 337 g,$3.99ea,,$1.18/ 100g,False
pantry,Diana,Sauce Original,DianaSauce Original500 ml,$2.99ea,,$0.60/ 100ml,False
pantry,Crisco,All-Vegetable Shortening,CriscoAll-Vegetable Shortening1.36 kg,$11.49ea,,$0.84/ 100g,False
pantry,PC Splendido,Passata Di Pomodoro Strained Tomatoes,PC SplendidoPassata Di Pomodoro Strained Tomatoes680 ml,$2.79ea,,$0.41/ 100ml,False
pantry,RO TEL,"Diced Tomatoes, Mild","RO TELDiced Tomatoes, Mild283 g",$2.29ea,,$0.81/ 100g,False
pantry,Unico,"Green Jalapeño Peppers, Nacho","UnicoGreen Jalapeño Peppers, Nacho375 ml",$2.79ea,,$0.74/ 100ml,False
pantry,No Name,Walnut Pieces,No NameWalnut Pieces100 g,$3.29ea,,$3.29/ 100g,False
pantry,Quaker,Oat Flour,QuakerOat Flour700 g,$5.79ea,$3.99ea,$0.57/ 100g,True
pantry,Fire Barns,Hot Sauce Sriracha,Fire BarnsHot Sauce Sriracha250 ml,$4.49ea,,$1.80/ 100ml,False
pantry,Kraft,Crunchy Peanut Butter,KraftCrunchy Peanut Butter1 kg,$6.49ea,,$0.65/ 100g,False
pantry,ED Smith,"Pie Filling, Cherry Light & Fruity","ED SmithPie Filling, Cherry Light & Fruity540 ml",$5.99ea,,$1.11/ 100ml,False
pantry,Nando's,"Peri Peri Sauce, Hot","Nando'sPeri Peri Sauce, Hot250 ml",$6.00ea,,$2.40/ 100ml,False
pantry,Dr Oetker,Butter Tart Filling Mix,Dr OetkerButter Tart Filling Mix180 g,$2.79ea,,$1.55/ 100g,False
pantry,Reddi Bulk,"Roasted Sunflower Seeds, UnSalted","Reddi BulkRoasted Sunflower Seeds, UnSalted375 g",$4.00ea,,$1.07/ 100g,False
pantry,PC Blue Menu,Maple & Brown Sugar Steel Cut Oats,PC Blue MenuMaple & Brown Sugar Steel Cut Oats360 g,$3.99ea,,$1.11/ 100g,False
pantry,M'Lord,Sliced Water Chestnuts,M'LordSliced Water Chestnuts227 ml,$1.99ea,,$0.88/ 100ml,False
pantry,No Name,Creamy Cucumber Dressing,No NameCreamy Cucumber Dressing475 ml,$2.29ea,,$0.48/ 100ml,False
pantry,Kraft,Dinner Spicy Buffalo Macaroni & Cheese Snack Cup,KraftDinner Spicy Buffalo Macaroni & Cheese Snack Cup58 g,$1.99ea,,$3.43/ 100g,False
pantry,Kikkoman,Whole Wheat Panko Bread Crumbs,KikkomanWhole Wheat Panko Bread Crumbs227 g,$3.99ea,,$1.76/ 100g,False
pantry,No Name,Cherry Pie Filling,No NameCherry Pie Filling540 ml,$5.49ea,,$1.02/ 100ml,False
pantry,Hunt's,"Manwich Sauce, Original","Hunt'sManwich Sauce, Original398 ml",$2.59ea,,$0.65/ 100ml,False
pantry,Pataks,Vindaloo Curry Paste,PataksVindaloo Curry Paste284 ml,$5.49ea,,$1.93/ 100ml,False
pantry,Tutto Bene,Pesto Fusilli Cup,Tutto BenePesto Fusilli Cup70 g,$1.59ea,,$2.27/ 100g,False
pantry,Italpasta,"Pasta, Tradizionale Linguine Macaroni Products","ItalpastaPasta, Tradizionale Linguine Macaroni Products750 g",$2.79ea,,$0.37/ 100g,False
pantry,President's Choice,Thaï Green Curry Cooking Sauce,President's ChoiceThaï Green Curry Cooking Sauce400 ml,$3.99ea,,$1.00/ 100ml,False
pantry,Bens,Spanish Style Rice,BensSpanish Style Rice397 g,$4.79ea,,$1.21/ 100g,False
pantry,Fish Crisp,"Seasoned Coating Mix, Original","Fish CrispSeasoned Coating Mix, Original340 g",$5.99ea,,$1.76/ 100g,False
pantry,Fleischmanns,Traditional Yeast,FleischmannsTraditional Yeast24 g,$1.99ea,,$8.29/ 100g,False
pantry,Kelloggs,Strawberry Special Edition Cereal,KelloggsStrawberry Special Edition Cereal439 g,$5.99ea,,$1.36/ 100g,False
pantry,Reddi Bulk,"Roasted Cashews, Salted","Reddi BulkRoasted Cashews, Salted375 g",$10.00ea,,$2.67/ 100g,False
pantry,Campbell's,"Broth, Chicken","Campbell'sBroth, Chicken284 ml",$2.49ea,,$0.88/ 100ml,False
pantry,Kraft,Macaroni & Cheese Spirals,KraftMacaroni & Cheese Spirals175 g,$2.29ea,,$1.31/ 100g,False
pantry,Nupak,Green Lentils,NupakGreen Lentils900 g,$4.19ea,,$0.47/ 100g,False
pantry,Italpasta,"Pasta, Tradizionale Rigatoni Macaroni Products","ItalpastaPasta, Tradizionale Rigatoni Macaroni Products750 g",$2.79ea,,$0.37/ 100g,False
pantry,Del Monte,"Fruit Cocktail, Water Packed No Sugar Added","Del MonteFruit Cocktail, Water Packed No Sugar Added398 ml",$2.69ea,,$0.68/ 100ml,False
pantry,No Name,Slow Cooked Beans with Pork and Molasses,No NameSlow Cooked Beans with Pork and Molasses398 ml,$1.29ea,,$0.32/ 100ml,False
pantry,Betty Crocker,Muffin Top mix Chocolate Chip ,Betty CrockerMuffin Top mix Chocolate Chip 368 g,$3.99ea,,$1.08/ 100g,False
pantry,Unico,Cornmeal,UnicoCornmeal750 g,$2.49ea,,$0.33/ 100g,False
pantry,PC Blue Menu,Brown Rice & Quinoa With Butter & Chives Side Dish,PC Blue MenuBrown Rice & Quinoa With Butter & Chives Side Dish250 g,$2.99ea,,$1.20/ 100g,False
pantry,President's Choice,Memories of Mexico Al Pastor Marinade,President's ChoiceMemories of Mexico Al Pastor Marinade350 ml,$4.99ea,,$1.43/ 100ml,False
pantry,Robin Hood,Almond Flour,Robin HoodAlmond Flour500 g,$17.79ea,,$3.56/ 100g,False
pantry,No Name,Maraschino Cherries With Syrup,No NameMaraschino Cherries With Syrup375 ml,$3.00ea,,$0.80/ 100ml,False
pantry,Pataks,Tandoori Cooking Sauce,PataksTandoori Cooking Sauce400 ml,$4.99ea,,$1.25/ 100ml,False
pantry,President's Choice,"Apricot, Fig, Cherry & Mulberry Dried Fruit Blend","President's ChoiceApricot, Fig, Cherry & Mulberry Dried Fruit Blend200 g",$8.29ea,,$4.15/ 100g,False
pantry,PC Blue Menu,Blue Menu Six Bean Medley,PC Blue MenuBlue Menu Six Bean Medley540 ml,$1.69ea,,$0.31/ 100ml,False
pantry,Unico,"Peppers Flame Roasted, Sliced","UnicoPeppers Flame Roasted, Sliced370 ml",$3.39ea,,$0.92/ 100ml,False
pantry,Tilda,Legendary Rice Coconut Basmati Rice,TildaLegendary Rice Coconut Basmati Rice250 g,$2.99ea,,$1.20/ 100g,False
pantry,President's Choice,Canola Oil Cooking Spray,President's ChoiceCanola Oil Cooking Spray400 g,$5.99ea,,$1.50/ 100g,False
pantry,No Name,Raspberry Jam With Pectin,No NameRaspberry Jam With Pectin500 ml,$4.29ea,,$0.86/ 100ml,False
pantry,Ching's,Secret Instant Noodles Manchurian,Ching'sSecret Instant Noodles Manchurian240 g,$2.49ea,,$1.04/ 100g,False
pantry,No Name,Mayonnaise,No NameMayonnaise445 ml,$3.29ea,,$0.74/ 100ml,False
pantry,No Name,Tomato Sauce,No NameTomato Sauce398 ml,$1.29ea,,$0.32/ 100ml,False
pantry,President's Choice,Memories of Thailand Sweet Chili Pepper Sauce,President's ChoiceMemories of Thailand Sweet Chili Pepper Sauce350 ml,$4.99ea,,$1.43/ 100ml,False
pantry,Post,Cocoa Pebbles,PostCocoa Pebbles311 g,$3.99ea,,$1.28/ 100g,False
pantry,Classico,Roasted Garlic Spaghetti Alfredo Sauce,ClassicoRoasted Garlic Spaghetti Alfredo Sauce410 ml,$4.49ea,,$1.10/ 100ml,False
pantry,Club House,Ground Cumin,Club HouseGround Cumin90 g,$9.49ea,,$10.54/ 100g,False
pantry,No Name,Chopped Garlic,No NameChopped Garlic1 kg,$6.29ea,,$0.63/ 100g,False
pantry,President's Choice,Ground Nutmeg,President's ChoiceGround Nutmeg51 g,$7.49ea,,$14.69/ 100g,False
pantry,Old El Paso,"Pickled, Sliced Jalapeños","Old El PasoPickled, Sliced Jalapeños250 ml",$3.99ea,,$1.60/ 100ml,False
pantry,Club House,Pepper Medley Grinder,Club HousePepper Medley Grinder24 g,$4.29ea,,$17.87/ 100g,False
pantry,Clover Leaf,Sockeye Salmon     ,Clover LeafSockeye Salmon     213 g,$5.79ea,,$2.72/ 100g,False
pantry,Campbell's,"Cream of Chicken, No Salt Added","Campbell'sCream of Chicken, No Salt Added284 ml",$2.49ea,,$0.88/ 100ml,False
pantry,Club House,"Pepper, Black Coarse","Club HousePepper, Black Coarse100 g",$9.99ea,,$9.99/ 100g,False
pantry,President's Choice,Modified Liquid Coconut Oil,President's ChoiceModified Liquid Coconut Oil250 ml,$7.49ea,,$3.00/ 100ml,False
pantry,Clover Leaf,"Flaked Light Tuna, Lemon & Pepper","Clover LeafFlaked Light Tuna, Lemon & Pepper85 g",$1.99ea,,$2.34/ 100g,False
pantry,President's Choice,Udon Noodles,President's ChoiceUdon Noodles800 g,$3.49ea,,$0.44/ 100g,False
pantry,Ocean's Halo,Solid White Tuna,Ocean's HaloSolid White Tuna170 g,$3.49ea,,$2.05/ 100g,False
pantry,Knorr,Pasta Side Dish for a quick meal Creamy Garlic Raffaello ,KnorrPasta Side Dish for a quick meal Creamy Garlic Raffaello 137 g,$2.49ea,,$1.82/ 100g,False
pantry,Flourish,Protein Pancake & Waffle Mix Vanilla,FlourishProtein Pancake & Waffle Mix Vanilla430 g,$9.49ea,,$2.21/ 100g,False
pantry,Allen's,Pickling Vinegar     ,Allen'sPickling Vinegar     4 l,$4.29ea,,$0.11/ 100ml,False
pantry,No Name,Italian Dressing,No NameItalian Dressing475 ml,$2.29ea,,$0.48/ 100ml,False
pantry,General Mills,Cinnamon Toast Crunch Cereal Family Size,General MillsCinnamon Toast Crunch Cereal Family Size591 g,$4.88ea,,$0.83/ 100g,False
pantry,Campbell's,"Everyday Gourmet, Tomato Basil Bisque","Campbell'sEveryday Gourmet, Tomato Basil Bisque500 ml",$3.79ea,,$0.76/ 100ml,False
pantry,Knorr,Pasta Side dish that's easy to prepare Chicken ,KnorrPasta Side dish that's easy to prepare Chicken 133 g,$2.49ea,,$1.87/ 100g,False
pantry,Heinz,Scooby-Doo Shaped Pasta,HeinzScooby-Doo Shaped Pasta398 ml,$1.79ea,,$0.45/ 100ml,False
pantry,President's Choice,Creamy Coleslaw Dressing,President's ChoiceCreamy Coleslaw Dressing475 ml,$3.49ea,,$0.73/ 100ml,False
pantry,Club House,Oregano Leaves,Club HouseOregano Leaves33 g,$6.29ea,,$19.06/ 100g,False
pantry,Old El Paso,Mild Taco Sauce,Old El PasoMild Taco Sauce243 ml,$3.99ea,,$1.64/ 100ml,False
pantry,Fleischmanns, Bread Booster,Fleischmanns Bread Booster100 g,$4.99ea,,$4.99/ 100g,False
pantry,Club House,"One Step Seasoning, Tex Mex","Club HouseOne Step Seasoning, Tex Mex136 g",$6.99ea,,$5.14/ 100g,False
pantry,Club House,"La Grille, Spicy Montreal Steak Spice Seasoning","Club HouseLa Grille, Spicy Montreal Steak Spice Seasoning157 g",$5.99ea,,$3.82/ 100g,False
pantry,Mr Noodles,"Noodles in a Bowl, Beef","Mr NoodlesNoodles in a Bowl, Beef110 g",$1.79ea,,$1.63/ 100g,False
pantry,President's Choice,Nuts Raw California Almonds,President's ChoiceNuts Raw California Almonds907 g,$15.97ea,,$1.76/ 100g,False
pantry,Kelloggs,All-Bran Original Cereal,KelloggsAll-Bran Original Cereal525 g,$5.99ea,,$1.14/ 100g,False
pantry,Shreddies,Original Cereal Family Size   ,ShreddiesOriginal Cereal Family Size   725 g,$5.79ea,,$0.80/ 100g,False
pantry,Club House,"Black Pepper, Whole","Club HouseBlack Pepper, Whole135 g",$8.99ea,,$6.66/ 100g,False
pantry,Rio Mare,In Brine Salmon Fillet,Rio MareIn Brine Salmon Fillet125 g,$8.49ea,,$6.79/ 100g,False
pantry,Barilla,Pasta Rotini,BarillaPasta Rotini410 g,$2.29ea,,$0.56/ 100g,False
pantry,Knorr,Pasta Side Dish that's easy to prepare Chicken & Broccoli ,KnorrPasta Side Dish that's easy to prepare Chicken & Broccoli 133 g,$2.49ea,,$1.87/ 100g,False
pantry,Club House,"Vanilla, Premium Artificial","Club HouseVanilla, Premium Artificial125 ml",$6.99ea,,$5.59/ 100ml,False
pantry,PC Blue Menu,Ranch Dressing,PC Blue MenuRanch Dressing475 ml,$3.49ea,,$0.73/ 100ml,False
pantry,President's Choice,Whole Grain Whole Wheat Medium Tortillas,President's ChoiceWhole Grain Whole Wheat Medium Tortillas297 g,$3.49ea,,$1.18/ 100g,False
pantry,Vlasic,"Kosher Baby Dills, No Garlic","VlasicKosher Baby Dills, No Garlic1 l",$5.79ea,,$0.58/ 100ml,False
pantry,President's Choice,Cilantro Lime Crema,President's ChoiceCilantro Lime Crema245 ml,$2.79ea,,$1.14/ 100ml,False
pantry,Quaker,Harvest Crunch Light & Crisp Raisin Almond Granola Cereal,QuakerHarvest Crunch Light & Crisp Raisin Almond Granola Cereal425 g,$5.79ea,$3.99ea,$0.94/ 100g,True
pantry,GoldSeal,Pink Salmon Skinless Boneless,GoldSealPink Salmon Skinless Boneless120 g,$4.49ea,,$3.74/ 100g,False
pantry,President's Choice,Al Pastor Taco Seasoning Mix,President's ChoiceAl Pastor Taco Seasoning Mix24 g,$1.00ea,,$4.17/ 100g,False
pantry,Knorr,"Rice Noodle Cup Thai Red Curry low fat, Vegetarian","KnorrRice Noodle Cup Thai Red Curry low fat, Vegetarian69 g",$2.79ea,,$4.04/ 100g,False
pantry,PC Blue Menu,Beef Broth,PC Blue MenuBeef Broth900 ml,$1.89ea,,$0.21/ 100ml,False
pantry,No Name,Condensed Beef Consommé ,No NameCondensed Beef Consommé 284 ml,$1.29ea,,$0.45/ 100ml,False
pantry,Heinz,Alphaghetti,HeinzAlphaghetti398 ml,$1.79ea,,$0.45/ 100ml,False
pantry,Club House,Organic Oregano Leaves,Club HouseOrganic Oregano Leaves11 g,$2.79ea,,$25.36/ 100g,False
pantry,Heinz,Maple Style Beans with Pure Quebec Maple Syrup,HeinzMaple Style Beans with Pure Quebec Maple Syrup398 ml,$1.79ea,,$0.45/ 100ml,False
pantry,President's Choice,Pho Broth,President's ChoicePho Broth900 ml,$2.19ea,,$0.24/ 100ml,False
pantry,La Costena,Chipotle Peppers in Adobo Sauce,La CostenaChipotle Peppers in Adobo Sauce186 ml,$2.29ea,,$1.23/ 100ml,False
pantry,Campbell's,Creamy Tomato Ready to Serve Soup,Campbell'sCreamy Tomato Ready to Serve Soup515 ml,$3.49ea,,$0.68/ 100ml,False
pantry,Kraft,Original Macaroni and Cheese Dinner,KraftOriginal Macaroni and Cheese Dinner12x225.0 g,$12.99ea,,$0.48/ 100g,False
pantry,Whole Earth Sweetner Co., Erythritol,Whole Earth Sweetner Co. Erythritol340 g,$4.99ea,,$1.47/ 100g,False
pantry,No Name,French Dressing,No NameFrench Dressing475 ml,$2.29ea,,$0.48/ 100ml,False
pantry,Kelloggs,"Frosted Flakes Cereal, Family Size","KelloggsFrosted Flakes Cereal, Family Size580 g",$6.99ea,,$1.21/ 100g,False
pantry,Quaker,Oatmeal Muffin Mix,QuakerOatmeal Muffin Mix900 g,$4.79ea,$3.99ea,$0.44/ 100g,True
pantry,Barilla,Pasta Spaghetti,BarillaPasta Spaghetti410 g,$2.29ea,,$0.56/ 100g,False
pantry,Campbell's,"Cream of Mushroom, No Salt Added","Campbell'sCream of Mushroom, No Salt Added284 ml",$2.49ea,,$0.88/ 100ml,False
pantry,President's Choice,Greek Vinaigrette,President's ChoiceGreek Vinaigrette350 ml,$3.79ea,,$1.08/ 100ml,False
pantry,GoldSeal,"Wild Smoked Mackerel, Gin & Tonic Flavoured ","GoldSealWild Smoked Mackerel, Gin & Tonic Flavoured 110 g",$3.99ea,,$3.63/ 100g,False
pantry,Splenda,Stevia Jar,SplendaStevia Jar280 g,$8.79ea,,$3.14/ 100g,False
pantry,No Name,Chicken Broth Condensed,No NameChicken Broth Condensed284 ml,$1.29ea,,$0.45/ 100ml,False
pantry,President's Choice,Chicken Bone Broth,President's ChoiceChicken Bone Broth900 ml,$3.99ea,,$0.44/ 100ml,False
pantry,Old El Paso,"Taco Seasoning Mix, Mild","Old El PasoTaco Seasoning Mix, Mild24 g",$1.69ea,,$7.04/ 100g,False
pantry,Tamam,Chickpeas,TamamChickpeas796 ml,$1.69ea,,$0.21/ 100ml,False
pantry,Kelloggs,Cereal,KelloggsCereal340 g,$4.79ea,,$1.41/ 100g,False
pantry,Maple Leaf,"Flakes of Ham, Less Salt by Maple Leaf","Maple LeafFlakes of Ham, Less Salt by Maple Leaf156 g",$3.29ea,,$2.11/ 100g,False
pantry,President's Choice,Large Flour Tortillas,President's ChoiceLarge Flour Tortillas334 g,$3.49ea,,$1.04/ 100g,False
pantry,Clover Leaf,"Flaked Light Tuna, Skip Jack In Water","Clover LeafFlaked Light Tuna, Skip Jack In Water170 g",$1.89ea,,$1.11/ 100g,False
pantry,No Name,Flakes of Ham,No NameFlakes of Ham142 g,$2.19ea,,$1.40/ 100g,False
pantry,Suraj,Bay Leaves,SurajBay Leaves25 g,$1.49ea,,$5.96/ 100g,False
pantry,Club House,Crushed Red Pepper,Club HouseCrushed Red Pepper70 g,$9.99ea,,$14.27/ 100g,False
pantry,Knorr,Soup Mix Noodle with Chicken Vegetable,KnorrSoup Mix Noodle with Chicken Vegetable117 g,$2.89ea,,$2.47/ 100g,False
pantry,Club House,Organic Ground Turmeric Bag,Club HouseOrganic Ground Turmeric Bag39 g,$2.79ea,,$7.15/ 100g,False
pantry,Bertolli,Rich Taste-Extra Virgin Olive Oil,BertolliRich Taste-Extra Virgin Olive Oil1 l,$10.99ea,,$1.10/ 100ml,False
pantry,Campbell's,Chunky Chicken with Noodles ,Campbell'sChunky Chicken with Noodles 515 ml,$3.49ea,,$0.68/ 100ml,False
pantry,Unico,Romano Beans,UnicoRomano Beans540 ml,$1.49ea,,$0.28/ 100ml,False
pantry,Campbell's,Chunky New England Clam Chowder,Campbell'sChunky New England Clam Chowder515 ml,$3.49ea,,$0.68/ 100ml,False
pantry,Unico,Pinto Beans,UnicoPinto Beans540 ml,$1.49ea,,$0.28/ 100ml,False
pantry,Campbell's,Chunky Baked Potato with Bacon,Campbell'sChunky Baked Potato with Bacon515 ml,$3.49ea,,$0.68/ 100ml,False
pantry,Unico,"Chick Peas, No Salt Added","UnicoChick Peas, No Salt Added540 ml",$1.49ea,,$0.28/ 100ml,False
pantry,Campbell's,Texas-Style BBQ Beef Ready to Serve Soup,Campbell'sTexas-Style BBQ Beef Ready to Serve Soup515 ml,$3.49ea,,$0.68/ 100ml,False
pantry,Dr Oetker,"Pudding Supreme, French Vanilla","Dr OetkerPudding Supreme, French Vanilla90 g",$1.79ea,,$1.99/ 100g,False
pantry,Unico,Diced Tomatoes,UnicoDiced Tomatoes796 ml,$2.29ea,,$0.29/ 100ml,False
pantry,Kraft,Catalina Calorie Wise Salad Dressing,KraftCatalina Calorie Wise Salad Dressing475 ml,$3.79ea,,$0.80/ 100ml,False
pantry,Cool Runnings,Seasoning Salt,Cool RunningsSeasoning Salt380 g,$3.99ea,,$1.05/ 100g,False
pantry,Suraj,"Brown Lentils, Whole","SurajBrown Lentils, Whole1.81 kg",$5.99ea,,$0.33/ 100g,False
pantry,Heinz,Garlic Aioli,HeinzGarlic Aioli355 ml,$5.49ea,,$1.55/ 100ml,False
pantry,No Name,Sultana Raisins,No NameSultana Raisins375 g,$4.29ea,,$1.14/ 100g,False
pantry,Del Monte,No Sugar Added Fruit Cocktail,Del MonteNo Sugar Added Fruit Cocktail796 ml,$4.29ea,,$0.54/ 100ml,False
pantry,Suraj,Dark Red Kidney Beans,SurajDark Red Kidney Beans540 ml,$1.49ea,,$0.28/ 100ml,False
pantry,No Name,Walnut Pieces,No NameWalnut Pieces400 g,$7.49ea,,$1.87/ 100g,False
pantry,No Name,Vegetable Concentrate,No NameVegetable Concentrate250 ml,$4.49ea,,$1.80/ 100ml,False
pantry,Hershey's,"Chipits Milk Chocolate Chips, 250G","Hershey'sChipits Milk Chocolate Chips, 250G250 g",$4.39ea,,$1.76/ 100g,False
pantry,Natursource,Crunch Salad Topper    ,NatursourceCrunch Salad Topper    575 g,$10.00ea,$9.00ea,$1.57/ 100g,True
pantry,Catelli,"Smart, Fusilli Pasta","CatelliSmart, Fusilli Pasta375 g",$3.29ea,$2.99ea,$0.80/ 100g,True
pantry,President's Choice,Steak Rub Seasoning,President's ChoiceSteak Rub Seasoning100 g,$4.49ea,,$4.49/ 100g,False
pantry,President's Choice,Fennel Seeds,President's ChoiceFennel Seeds44 g,$5.79ea,,$13.16/ 100g,False
pantry,President's Choice,Stevia Packets,President's ChoiceStevia Packets80 g,$4.99ea,,$6.24/ 100g,False
pantry,Natursource,Original Salad Topper    ,NatursourceOriginal Salad Topper    625 g,$10.00ea,$9.00ea,$1.44/ 100g,True
pantry,No Name,Caesar Dressing,No NameCaesar Dressing475 ml,$2.29ea,,$0.48/ 100ml,False
pantry,GoldSeal,Mackerel in Olive Oil,GoldSealMackerel in Olive Oil115 g,$3.29ea,,$2.86/ 100g,False
pantry,Catelli,"Whole Grains, Spaghetti Pasta","CatelliWhole Grains, Spaghetti Pasta375 g",$3.29ea,$2.99ea,$0.80/ 100g,True
pantry,Club House,Ground Cumin,Club HouseGround Cumin90 g,$9.49ea,,$10.54/ 100g,False
pantry,No Name,Chopped Garlic,No NameChopped Garlic1 kg,$6.29ea,,$0.63/ 100g,False
pantry,President's Choice,Ground Nutmeg,President's ChoiceGround Nutmeg51 g,$7.49ea,,$14.69/ 100g,False
pantry,Old El Paso,"Pickled, Sliced Jalapeños","Old El PasoPickled, Sliced Jalapeños250 ml",$3.99ea,,$1.60/ 100ml,False
pantry,Club House,Pepper Medley Grinder,Club HousePepper Medley Grinder24 g,$4.29ea,,$17.87/ 100g,False
pantry,Clover Leaf,Sockeye Salmon     ,Clover LeafSockeye Salmon     213 g,$5.79ea,,$2.72/ 100g,False
pantry,Campbell's,"Cream of Chicken, No Salt Added","Campbell'sCream of Chicken, No Salt Added284 ml",$2.49ea,,$0.88/ 100ml,False
pantry,Club House,"Pepper, Black Coarse","Club HousePepper, Black Coarse100 g",$9.99ea,,$9.99/ 100g,False
pantry,President's Choice,Modified Liquid Coconut Oil,President's ChoiceModified Liquid Coconut Oil250 ml,$7.49ea,,$3.00/ 100ml,False
pantry,Clover Leaf,"Flaked Light Tuna, Lemon & Pepper","Clover LeafFlaked Light Tuna, Lemon & Pepper85 g",$1.99ea,,$2.34/ 100g,False
pantry,President's Choice,Udon Noodles,President's ChoiceUdon Noodles800 g,$3.49ea,,$0.44/ 100g,False
pantry,Ocean's Halo,Solid White Tuna,Ocean's HaloSolid White Tuna170 g,$3.49ea,,$2.05/ 100g,False
pantry,Knorr,Pasta Side Dish for a quick meal Creamy Garlic Raffaello ,KnorrPasta Side Dish for a quick meal Creamy Garlic Raffaello 137 g,$2.49ea,,$1.82/ 100g,False
pantry,Flourish,Protein Pancake & Waffle Mix Vanilla,FlourishProtein Pancake & Waffle Mix Vanilla430 g,$9.49ea,,$2.21/ 100g,False
pantry,Allen's,Pickling Vinegar     ,Allen'sPickling Vinegar     4 l,$4.29ea,,$0.11/ 100ml,False
pantry,No Name,Italian Dressing,No NameItalian Dressing475 ml,$2.29ea,,$0.48/ 100ml,False
pantry,General Mills,Cinnamon Toast Crunch Cereal Family Size,General MillsCinnamon Toast Crunch Cereal Family Size591 g,$4.88ea,,$0.83/ 100g,False
pantry,Campbell's,"Everyday Gourmet, Tomato Basil Bisque","Campbell'sEveryday Gourmet, Tomato Basil Bisque500 ml",$3.79ea,,$0.76/ 100ml,False
pantry,Knorr,Pasta Side dish that's easy to prepare Chicken ,KnorrPasta Side dish that's easy to prepare Chicken 133 g,$2.49ea,,$1.87/ 100g,False
pantry,Heinz,Scooby-Doo Shaped Pasta,HeinzScooby-Doo Shaped Pasta398 ml,$1.79ea,,$0.45/ 100ml,False
pantry,President's Choice,Creamy Coleslaw Dressing,President's ChoiceCreamy Coleslaw Dressing475 ml,$3.49ea,,$0.73/ 100ml,False
pantry,Club House,Oregano Leaves,Club HouseOregano Leaves33 g,$6.29ea,,$19.06/ 100g,False
pantry,Old El Paso,Mild Taco Sauce,Old El PasoMild Taco Sauce243 ml,$3.99ea,,$1.64/ 100ml,False
pantry,Fleischmanns, Bread Booster,Fleischmanns Bread Booster100 g,$4.99ea,,$4.99/ 100g,False
pantry,Club House,"One Step Seasoning, Tex Mex","Club HouseOne Step Seasoning, Tex Mex136 g",$6.99ea,,$5.14/ 100g,False
pantry,Club House,"La Grille, Spicy Montreal Steak Spice Seasoning","Club HouseLa Grille, Spicy Montreal Steak Spice Seasoning157 g",$5.99ea,,$3.82/ 100g,False
pantry,President's Choice,Nuts Raw California Almonds,President's ChoiceNuts Raw California Almonds907 g,$15.97ea,,$1.76/ 100g,False
pantry,Kelloggs,All-Bran Original Cereal,KelloggsAll-Bran Original Cereal525 g,$5.99ea,,$1.14/ 100g,False
pantry,Shreddies,Original Cereal Family Size   ,ShreddiesOriginal Cereal Family Size   725 g,$5.79ea,,$0.80/ 100g,False
pantry,Club House,"Black Pepper, Whole","Club HouseBlack Pepper, Whole135 g",$8.99ea,,$6.66/ 100g,False
pantry,Rio Mare,In Brine Salmon Fillet,Rio MareIn Brine Salmon Fillet125 g,$8.49ea,,$6.79/ 100g,False
pantry,Barilla,Pasta Rotini,BarillaPasta Rotini410 g,$2.29ea,,$0.56/ 100g,False
pantry,Knorr,Pasta Side Dish that's easy to prepare Chicken & Broccoli ,KnorrPasta Side Dish that's easy to prepare Chicken & Broccoli 133 g,$2.49ea,,$1.87/ 100g,False
pantry,Club House,"Vanilla, Premium Artificial","Club HouseVanilla, Premium Artificial125 ml",$6.99ea,,$5.59/ 100ml,False
pantry,PC Blue Menu,Ranch Dressing,PC Blue MenuRanch Dressing475 ml,$3.49ea,,$0.73/ 100ml,False
pantry,Holiday,Canned Luncheon Meat    ,HolidayCanned Luncheon Meat    340 g,$3.29ea,,$0.97/ 100g,False
pantry,No Name,Whole Kernel Corn,No NameWhole Kernel Corn341 ml,$1.39ea,,$0.41/ 100ml,False
pantry,No Name,All-Vegetable Shortening,No NameAll-Vegetable Shortening454 g,$3.29ea,,$0.72/ 100g,False
pantry,President's Choice,Jasmine Rice,President's ChoiceJasmine Rice750 g,$3.49ea,,$0.47/ 100g,False
pantry,Suraj,Toor Dal Dry,SurajToor Dal Dry1.81 kg,$5.99ea,,$0.33/ 100g,False
pantry,President's Choice,Whole Sweet Red Peppers,President's ChoiceWhole Sweet Red Peppers300 ml,$2.99ea,,$1.00/ 100ml,False
pantry,President's Choice,Smokin' Stampede Beer & Chipotle Barbecue Sauce,President's ChoiceSmokin' Stampede Beer & Chipotle Barbecue Sauce500 ml,$3.49ea,,$0.70/ 100ml,False
pantry,No Name,Rich & Chunky Beef Soup,No NameRich & Chunky Beef Soup540 ml,$2.49ea,,$0.46/ 100ml,False
pantry,No Name,Pure Lard,No NamePure Lard454 g,$3.29ea,,$0.72/ 100g,False
pantry,Quaker,Instant Oatmeal Lightly Sweetened Maple & Brown Sugar,QuakerInstant Oatmeal Lightly Sweetened Maple & Brown Sugar304 g,$4.99ea,$3.99ea,$1.31/ 100g,True
pantry,Suraj,Black Mustard Seed ,SurajBlack Mustard Seed 200 g,$1.49ea,,$0.75/ 100g,False
pantry,La Costena,Whole Tomatillo,La CostenaWhole Tomatillo794 g,$4.49ea,,$0.57/ 100g,False
pantry,PC Blue Menu,Blue Menu Sliced Mushrooms,PC Blue MenuBlue Menu Sliced Mushrooms284 ml,$1.49ea,,$0.52/ 100ml,False
pantry,No Name,Pitted Prunes,No NamePitted Prunes375 g,$5.99ea,,$1.60/ 100g,False
pantry,President's Choice,Plant Based Chocolate Cake Baking Mix,President's ChoicePlant Based Chocolate Cake Baking Mix454 g,$7.49ea,,$1.65/ 100g,False
pantry,Dainty,Jasmine World Classics,DaintyJasmine World Classics1.6 kg,$12.49ea,,$0.78/ 100g,False
pantry,No Name,Unsweetened Medium Coconut,No NameUnsweetened Medium Coconut200 g,$2.00ea,,$1.00/ 100g,False
pantry,President's Choice,Memories Of Szechwan Mild Peanut Satay Sauce,President's ChoiceMemories Of Szechwan Mild Peanut Satay Sauce350 ml,$4.99ea,,$1.43/ 100ml,False
pantry,No Name,Sliced Blanched Almonds ,No NameSliced Blanched Almonds 400 g,$7.79ea,,$1.95/ 100g,False
pantry,President's Choice,All-Natural Puffed Wheat Cereal,President's ChoiceAll-Natural Puffed Wheat Cereal400 g,$4.99ea,,$1.25/ 100g,False
pantry,Betty Crocker,Muffin Top mix Blueberry ,Betty CrockerMuffin Top mix Blueberry 337 g,$3.99ea,,$1.18/ 100g,False
pantry,Diana,Sauce Original,DianaSauce Original500 ml,$2.99ea,,$0.60/ 100ml,False
pantry,Crisco,All-Vegetable Shortening,CriscoAll-Vegetable Shortening1.36 kg,$11.49ea,,$0.84/ 100g,False
pantry,PC Splendido,Passata Di Pomodoro Strained Tomatoes,PC SplendidoPassata Di Pomodoro Strained Tomatoes680 ml,$2.79ea,,$0.41/ 100ml,False
pantry,RO TEL,"Diced Tomatoes, Mild","RO TELDiced Tomatoes, Mild283 g",$2.29ea,,$0.81/ 100g,False
pantry,Unico,"Green Jalapeño Peppers, Nacho","UnicoGreen Jalapeño Peppers, Nacho375 ml",$2.79ea,,$0.74/ 100ml,False
pantry,Reddi Bulk,Walnut Halves & Pieces,Reddi BulkWalnut Halves & Pieces215 g,$7.00ea,,$3.26/ 100g,False
pantry,Rooster,Oyster Sauce,RoosterOyster Sauce430 ml,$1.99ea,,$0.46/ 100ml,False
pantry,Cool Runnings,All Purpose Seasoning,Cool RunningsAll Purpose Seasoning900 g,$4.29ea,,$0.48/ 100g,False
pantry,PC Blue Menu,Blue Menu Regular Supergrains Oatmeal,PC Blue MenuBlue Menu Regular Supergrains Oatmeal304 g,$3.99ea,,$1.31/ 100g,False
pantry,Crisco,All Vegetables Shortening,CriscoAll Vegetables Shortening454 g,$4.49ea,,$0.99/ 100g,False
pantry,Tilda,Steamed Basmati Rice Sweet Chili & Lime,TildaSteamed Basmati Rice Sweet Chili & Lime250 g,$2.99ea,,$1.20/ 100g,False
pantry,Pataks,Mild Curry Paste,PataksMild Curry Paste284 ml,$5.49ea,,$1.93/ 100ml,False
pantry,Dr Oetker,"Shirriff Pudding & Pie Filling, Coconut","Dr OetkerShirriff Pudding & Pie Filling, Coconut175 g",$2.79ea,,$1.59/ 100g,False
pantry,Magic Baking Powder,Baking Powder 450 gr,Magic Baking PowderBaking Powder 450 gr450 g,$6.29ea,,$1.40/ 100g,False
pantry,Kraft,Shake'n Bake Crispy Chicken Coating Mix,KraftShake'n Bake Crispy Chicken Coating Mix152 g,$3.69ea,,$2.43/ 100g,False
pantry,No Name,Plum Sauce,No NamePlum Sauce750 ml,$3.49ea,,$0.47/ 100ml,False
pantry,Reddi Bulk,Raw Almonds,Reddi BulkRaw Almonds350 g,$10.00ea,,$2.86/ 100g,False
pantry,Kikkoman,Soy Sauce,KikkomanSoy Sauce591 ml,$7.49ea,,$1.27/ 100ml,False
pantry,Windsor,Sea Salt Grinder,WindsorSea Salt Grinder70 g,$4.29ea,,$6.13/ 100g,False
pantry,President's Choice,Citrus Herb Marinade,President's ChoiceCitrus Herb Marinade350 ml,$4.49ea,,$1.28/ 100ml,False
pantry,No Name,Thompson Seedless Raisins,No NameThompson Seedless Raisins750 g,$7.29ea,,$0.97/ 100g,False
pantry,No Name,All-Purpose Flour,No NameAll-Purpose Flour2.5 kg,$3.99ea,,$0.16/ 100g,False
pantry,No Name,Clingstone Peach Slices in Juice from Concentrate,No NameClingstone Peach Slices in Juice from Concentrate796 ml,$2.99ea,,$0.38/ 100ml,False
pantry,Aurora,Italian Style Bread Crumbs with Italian Romano Cheese,AuroraItalian Style Bread Crumbs with Italian Romano Cheese680 g,$5.49ea,,$0.81/ 100g,False
pantry,President's Choice,Canola Oil Cooking Spray,President's ChoiceCanola Oil Cooking Spray400 g,$5.99ea,,$1.50/ 100g,False
pantry,Maison Orphee,Extra Virgin Olive Oil for Salads & Pesto,Maison OrpheeExtra Virgin Olive Oil for Salads & Pesto750 ml,$17.99ea,,$2.40/ 100ml,False
pantry,Sunmaid,Raisins,SunmaidRaisins750 g,$7.49ea,,$1.00/ 100g,False
pantry,Bens,Wholegrain Brown Rice,BensWholegrain Brown Rice907 g,$5.49ea,,$0.61/ 100g,False
pantry,General Mills,Reese Puffs Jumbo Cereal,General MillsReese Puffs Jumbo Cereal884 g,$9.99ea,,$1.13/ 100g,False
pantry,Quaker,Apples & Cinnamon Instant Oatmeal,QuakerApples & Cinnamon Instant Oatmeal594 g,$6.99ea,,$1.18/ 100g,False
pantry,Tilda,Pilau Basmati Rice    ,TildaPilau Basmati Rice    250 g,$2.99ea,,$1.20/ 100g,False
pantry,Club House,Crushed Red Pepper,Club HouseCrushed Red Pepper70 g,$9.99ea,,$14.27/ 100g,False
pantry,Knorr,Soup Mix Noodle with Chicken Vegetable,KnorrSoup Mix Noodle with Chicken Vegetable117 g,$2.89ea,,$2.47/ 100g,False
pantry,Club House,Organic Ground Turmeric Bag,Club HouseOrganic Ground Turmeric Bag39 g,$2.79ea,,$7.15/ 100g,False
pantry,Knorr,Bouillon for adding rich deep flavour to soups and stews Chicken Sachets,KnorrBouillon for adding rich deep flavour to soups and stews Chicken Sachets72 g,$2.99ea,,$4.15/ 100g,False
pantry,Quaker,Corn Squares Cereal,QuakerCorn Squares Cereal375 g,$5.49ea,$3.99ea,$1.06/ 100g,True
pantry,Indomie,Instant Noodles Mi Goreng Hot & Spicy 5 Packs X 80 G (),IndomieInstant Noodles Mi Goreng Hot & Spicy 5 Packs X 80 G ()5x425.0 g,$3.49ea,,$0.87/ 100g,False
pantry,Windsor,Seasoning Blend ,WindsorSeasoning Blend 212 g,$5.49ea,,$2.59/ 100g,False
pantry,Bertolli,Rich Taste-Extra Virgin Olive Oil,BertolliRich Taste-Extra Virgin Olive Oil1 l,$10.99ea,,$1.10/ 100ml,False
pantry,Campbell's,Chunky Chicken with Noodles ,Campbell'sChunky Chicken with Noodles 515 ml,$3.49ea,,$0.68/ 100ml,False
pantry,Unico,Romano Beans,UnicoRomano Beans540 ml,$1.49ea,,$0.28/ 100ml,False
pantry,Campbell's,Chunky New England Clam Chowder,Campbell'sChunky New England Clam Chowder515 ml,$3.49ea,,$0.68/ 100ml,False
pantry,Unico,Pinto Beans,UnicoPinto Beans540 ml,$1.49ea,,$0.28/ 100ml,False
pantry,Campbell's,Chunky Baked Potato with Bacon,Campbell'sChunky Baked Potato with Bacon515 ml,$3.49ea,,$0.68/ 100ml,False
pantry,Lady Choice,Sandwich Spread,Lady ChoiceSandwich Spread470 ml,$4.49ea,,$0.96/ 100ml,False
pantry,Campbell's,Chunky Chicken A La King,Campbell'sChunky Chicken A La King515 ml,$3.49ea,,$0.68/ 100ml,False
pantry,Campbell's,Texas-Style BBQ Beef Ready to Serve Soup,Campbell'sTexas-Style BBQ Beef Ready to Serve Soup515 ml,$3.49ea,,$0.68/ 100ml,False
pantry,Dr Oetker,"Pudding Supreme, French Vanilla","Dr OetkerPudding Supreme, French Vanilla90 g",$1.79ea,,$1.99/ 100g,False
pantry,Unico,Diced Tomatoes,UnicoDiced Tomatoes796 ml,$2.29ea,,$0.29/ 100ml,False
pantry,Kraft,Catalina Calorie Wise Salad Dressing,KraftCatalina Calorie Wise Salad Dressing475 ml,$3.79ea,,$0.80/ 100ml,False
pantry,Mr Noodles,"Noodles in a Cup, Beef","Mr NoodlesNoodles in a Cup, Beef64 g",$0.99ea,,$1.55/ 100g,False
pantry,Aylmer,Tomatoes Accents Chili ,AylmerTomatoes Accents Chili 540 ml,$2.49ea,,$0.46/ 100ml,False
pantry,Tostitos,Salsa Con Queso 394ml,TostitosSalsa Con Queso 394ml394 ml,$4.99ea,,$1.27/ 100ml,False
pantry,Mr Noodles,"Noodles in a Cup, Spicy Chicken","Mr NoodlesNoodles in a Cup, Spicy Chicken64 g",$0.99ea,,$1.55/ 100g,False
pantry,Betty Crocker,SuperMoist Rainbow Bit Cake Mix,Betty CrockerSuperMoist Rainbow Bit Cake Mix432 g,$2.29ea,,$0.53/ 100g,False
pantry,No Name,Reduced Sodium Chicken Broth,No NameReduced Sodium Chicken Broth900 ml,$1.49ea,,$0.17/ 100ml,False
pantry,President's Choice,Mild White Corn & Black Beans Salsa,President's ChoiceMild White Corn & Black Beans Salsa650 ml,$5.00ea,,$0.77/ 100ml,False
pantry,No Name,Sliced Stewed Tomatoes,No NameSliced Stewed Tomatoes796 ml,$1.49ea,,$0.19/ 100ml,False
pantry,General Mills,Oatmeal Crisp Almond Cereal,General MillsOatmeal Crisp Almond Cereal437 g,$4.79ea,,$1.10/ 100g,False
pantry,Dr Oetker,"Dessert Mix, Crème Caramel","Dr OetkerDessert Mix, Crème Caramel105 g",$2.79ea,,$2.66/ 100g,False
pantry,General Mills,Lucky Charms,General MillsLucky Charms300 g,$4.79ea,,$1.60/ 100g,False
pantry,Classico,Alfredo Spaghetti Pasta Sauce,ClassicoAlfredo Spaghetti Pasta Sauce410 ml,$4.49ea,,$1.10/ 100ml,False
pantry,Hellmanns,Mayonnaise condiment Real gluten-free and kosher,HellmannsMayonnaise condiment Real gluten-free and kosher750 ml,$6.49ea,,$0.87/ 100ml,False
pantry,Classico,Four Cheese Spaghetti Pasta Sauce,ClassicoFour Cheese Spaghetti Pasta Sauce650 ml,$4.49ea,,$0.69/ 100ml,False
pantry,Betty Crocker,SuperMoist White Cake Mix,Betty CrockerSuperMoist White Cake Mix461 g,$2.29ea,,$0.50/ 100g,False
pantry,No Name,Original Pasta Sauce,No NameOriginal Pasta Sauce680 ml,$1.99ea,,$0.29/ 100ml,False
pantry,Hellmanns,Mayonnaise Type Dressing  Light With Olive Oil,HellmannsMayonnaise Type Dressing  Light With Olive Oil890 ml,$6.49ea,,$0.73/ 100ml,False
pantry,President's Choice,Sweet Basil Pasta Sauce,President's ChoiceSweet Basil Pasta Sauce650 ml,$3.79ea,,$0.58/ 100ml,False
pantry,President's Choice,Extra Chunky Hot Salsa,President's ChoiceExtra Chunky Hot Salsa650 ml,$5.00ea,,$0.77/ 100ml,False
pantry,General Mills,Strawberry Banana,General MillsStrawberry Banana317 g,$4.79ea,,$1.51/ 100g,False
pantry,General Mills,Apple Cinnamon ,General MillsApple Cinnamon 340 g,$4.79ea,,$1.41/ 100g,False
pantry,President's Choice,Old-Fashioned Chocolate Cake Donut Baking Mix,President's ChoiceOld-Fashioned Chocolate Cake Donut Baking Mix500 g,$4.49ea,,$0.90/ 100g,False
pantry,Classico,Four Cheese Alfredo Spaghetti Pasta Sauce,ClassicoFour Cheese Alfredo Spaghetti Pasta Sauce410 ml,$4.49ea,,$1.10/ 100ml,False
pantry,Hellmanns,Mayonnaise Type Dressing condiment Light 1/2 Fat,HellmannsMayonnaise Type Dressing condiment Light 1/2 Fat890 ml,$6.49ea,,$0.73/ 100ml,False
pantry,General Mills,"Cheerios Cereal, Multi-Grain","General MillsCheerios Cereal, Multi-Grain342 g",$4.79ea,,$1.40/ 100g,False
pantry,Old El Paso,Korean BBQ Inspired World Taco Kit,Old El PasoKorean BBQ Inspired World Taco Kit331 g,$4.99ea,,$1.51/ 100g,False
pantry,No Name,Reduced Sodium Beef Broth,No NameReduced Sodium Beef Broth900 ml,$1.49ea,,$0.17/ 100ml,False
pantry,PC Blue Menu,Blue Menu Roasted Garlic Alfredo Pasta Sauce,PC Blue MenuBlue Menu Roasted Garlic Alfredo Pasta Sauce410 ml,$3.79ea,,$0.92/ 100ml,False
pantry,Hellmanns,Mayonnaise for sandwiches and salads Olive Oil gluten-free,HellmannsMayonnaise for sandwiches and salads Olive Oil gluten-free890 ml,$6.49ea,,$0.73/ 100ml,False
pantry,Old El Paso,"Thick n' Chunky Salsa, Medium    ","Old El PasoThick n' Chunky Salsa, Medium    650 ml",$5.29ea,,$0.81/ 100ml,False
pantry,President's Choice,Mayonnaise ,President's ChoiceMayonnaise 750 ml,$5.99ea,,$0.80/ 100ml,False
pantry,Post,Cocoa Pebbles,PostCocoa Pebbles311 g,$3.99ea,,$1.28/ 100g,False
pantry,Classico,Roasted Garlic Spaghetti Alfredo Sauce,ClassicoRoasted Garlic Spaghetti Alfredo Sauce410 ml,$4.49ea,,$1.10/ 100ml,False
pantry,No Name,Oregano Leaves,No NameOregano Leaves30 g,$2.00ea,,$6.67/ 100g,False
pantry,No Name,Garlic Salt,No NameGarlic Salt250 g,$2.49ea,,$1.00/ 100g,False
pantry,No Name,Garlic Powder,No NameGarlic Powder150 g,$2.00ea,,$1.33/ 100g,False
pantry,Club House,"La Grille, Montreal Steak Spice Seasoning","Club HouseLa Grille, Montreal Steak Spice Seasoning825 g",$12.79ea,,$1.55/ 100g,False
pantry,No Name,Parsley Flakes ,No NameParsley Flakes 85 g,$3.99ea,,$4.69/ 100g,False
pantry,No Name,Artificial Vanilla Extract,No NameArtificial Vanilla Extract125 ml,$2.99ea,,$2.39/ 100ml,False
pantry,No Name,Nutmeg Ground,No NameNutmeg Ground125 g,$4.49ea,,$3.59/ 100g,False
pantry,Windsor,"Kosher Salt, Coarse","WindsorKosher Salt, Coarse1.36 kg",$5.29ea,,$0.39/ 100g,False
pantry,Windsor,Iodized Salt & Pepper,WindsorIodized Salt & Pepper155 g,$4.79ea,,$3.09/ 100g,False
