category,brand,product_text,product_name,price_text,sale_price,per_unit_price_text,is_sale,ranking,sale_valid_to
produce,,"Bananas, Bunch","Bananas, Bunch",$1.50(est.)ea,,$1.30/ 1kg,False,1.0,
produce,,Strawberries 1LB,Strawberries 1LB454 g,$5.99ea,$3.99ea,$0.88/ 100g,True,2.0,saleEnds 03/15
produce,,English Cucumber,English Cucumber1 ea,$1.49ea,$0.79ea,$0.79/ 1ea,True,3.0,saleEnds 03/15
produce,,Green Onion,Green Onion1 bunch,$1.49ea,$0.99ea,$0.99/ 1ea,True,4.0,saleEnds 03/15
produce,,Green Seedless Grapes,Green Seedless Grapes,$6.72(est.)ea,,$6.59/ 1kg,False,5.0,
produce,Farmer's Market,Yellow Onions,Farmer's MarketYellow Onions3 lb bag,$2.49ea,,$0.18/ 100g,False,6.0,
produce,,Avocados Bag,Avocados Bag1 bag,$3.99ea,,$0.80/ 1ea,False,7.0,
produce,,Celery Stalks,Celery Stalks1 ea,$3.99ea,,$3.99/ 1ea,False,8.0,
produce,,Roma Tomatoes,Roma Tomatoes,$0.53(est.)ea,$0.26(est.)ea,$2.18/ 1kg,True,9.0,saleEnds 03/15
produce,,Lemon,Lemon1 ea,$0.99ea,,$0.99/ 1ea,False,10.0,
produce,,Blueberries 1 pint,Blueberries 1 pint340 g,$5.99ea,,$1.76/ 100g,False,11.0,
produce,,Red Seedless Grapes,Red Seedless Grapes,$6.52(est.)ea,,$6.59/ 1kg,False,12.0,
produce,,Tomato On The Vine Red (1 Bunch),Tomato On The Vine Red (1 Bunch),$5.46(est.)ea,,$7.69/ 1kg,False,13.0,
produce,,Broccoli Crown,Broccoli Crown1 ea,$1.99ea,,$1.99/ 1ea,False,14.0,
produce,,Lettuce Iceberg,Lettuce Iceberg1 ea,$2.99ea,$1.99ea,$1.99/ 1ea,True,15.0,saleEnds 03/15
produce,Farmer's Market,Sweet Baby Peppers,Farmer's MarketSweet Baby Peppers4 pack,$4.99ea,,$1.25/ 1ea,False,16.0,
produce,,Cantaloupe,Cantaloupe1 ea,$2.99ea,$2.49ea,$2.49/ 1ea,True,17.0,saleEnds 03/15
produce,,Tomato Beefsteak  Red,Tomato Beefsteak  Red,$1.77(est.)ea,,$6.59/ 1kg,False,18.0,
produce,,Broccoli,Broccoli1 ea,$3.99ea,,$3.99/ 1ea,False,19.0,
produce,,Cilantro,Cilantro1 bunch,$0.99ea,,$0.99/ 1ea,False,20.0,
produce,,Red Peppers    ,Red Peppers    ,$2.11(est.)ea,,$8.80/ 1kg,False,21.0,
produce,Farmer's Market,Grape Tomatoes,Farmer's MarketGrape Tomatoes283 g,$2.99ea,$2.49ea,$0.88/ 100g,True,22.0,saleEnds 03/15
produce,,Red Onion,Red Onion,$1.62(est.)ea,,$4.39/ 1kg,False,23.0,
produce,,Mandarin,Mandarin4 lb,$6.99ea,$5.99ea,$0.33/ 100g,True,24.0,saleEnds 03/15
produce,,Sweet Green Peppers,Sweet Green Peppers,$2.15(est.)ea,,$7.69/ 1kg,False,25.0,
produce,,Sweet Potato,Sweet Potato,$2.07(est.)ea,,$3.28/ 1kg,False,26.0,
produce,Farmer's Market,Carrots,Farmer's MarketCarrots3 lb bag,$3.49ea,,$0.26/ 100g,False,27.0,
produce,PC Organics,"Organic Bananas, Bunch","PC OrganicsOrganic Bananas, Bunch",$2.40(est.)ea,,$2.18/ 1kg,False,28.0,
produce,,Pineapple,Pineapple1 ea,$2.99ea,,$2.99/ 1ea,False,29.0,
produce,Farmer's Market,Russet Potatoes,Farmer's MarketRusset Potatoes10 lb bag,$3.99ea,,$0.09/ 100g,False,30.0,
produce,,Avocado,Avocado1 ea,$1.69ea,,$1.69/ 1ea,False,31.0,
produce,,Limes,Limes1 ea,$0.89ea,,$0.89/ 1ea,False,32.0,
produce,Rooster,"Garlic Bulbs, 3-count","RoosterGarlic Bulbs, 3-count90 g",$0.99ea,,$0.33/ 1ea,False,33.0,
produce,President's Choice,Whole White Mushrooms,President's ChoiceWhole White Mushrooms454 g,$4.99ea,,$1.10/ 100g,False,34.0,
produce,,Ginger,Ginger,$1.38(est.)ea,,$6.59/ 1kg,False,35.0,
produce,,Royal Gala Apples,Royal Gala Apples,$1.15(est.)ea,,$5.49/ 1kg,False,36.0,
produce,,Raspberries 1/2 pint,Raspberries 1/2 pint170 g,$4.99ea,,$2.94/ 100g,False,37.0,
produce,,Cauliflower,Cauliflower1 ea,$4.99ea,,$4.99/ 1ea,False,38.0,
produce,,Strawberries 2LB,Strawberries 2LB907 g,$7.49ea,,$0.83/ 100g,False,39.0,
produce,,Bartlett Pears,Bartlett Pears,$1.38(est.)ea,,$6.59/ 1kg,False,40.0,
produce,,Romaine Hearts,Romaine Hearts1 ea,$3.49ea,,$1.75/ 1ea,False,41.0,
produce,,Mango,Mango1 ea,$0.99ea,,$0.99/ 1ea,False,42.0,
produce,,Colossal Garlic,Colossal Garlic,$1.54(est.)ea,,$15.41/ 1kg,False,43.0,
produce,Farmer's Market,Mini Cucumbers,Farmer's MarketMini Cucumbers6 pack,$3.99ea,,$0.67/ 1ea,False,44.0,
produce,No Name,Naturally Imperfect Mixed Sweet Peppers 2.5lb Bag,No NameNaturally Imperfect Mixed Sweet Peppers 2.5lb Bag1.113 kg,$7.00ea,,$0.63/ 100g,False,45.0,
produce,,LoBok (Daikon Radish),LoBok (Daikon Radish),$2.67(est.)ea,,$2.84/ 1kg,False,46.0,
produce,No Name,Brown Mushrooms,No NameBrown Mushrooms680 g,$5.00ea,,$0.74/ 100g,False,47.0,
produce,,Organic Raspberries 1/2 pint,Organic Raspberries 1/2 pint170 g,$5.99ea,,$3.52/ 100g,False,48.0,
produce,President's Choice,Whole Cremini Mushrooms,President's ChoiceWhole Cremini Mushrooms454 g,$4.99ea,,$1.10/ 100g,False,49.0,
produce,,LoBok (Daikon Radish),LoBok (Daikon Radish),$2.67(est.)ea,,$2.84/ 1kg,False,50.0,
produce,,Organic Raspberries 1/2 pint,Organic Raspberries 1/2 pint170 g,$5.99ea,,$3.52/ 100g,False,51.0,
produce,Remedy,Organic Mango Passionfruit Kombucha,RemedyOrganic Mango Passionfruit Kombucha700 ml,$4.99ea,,$0.71/ 100ml,False,52.0,
produce,,Long Beans,Long Beans,$0.44/50 g,,$0.88/ 100g,False,53.0,
produce,,"Fresh Dill, Baby","Fresh Dill, Baby1 bunch",$2.49ea,,$2.49/ 1ea,False,54.0,
produce,PC Organics,Organic Grape Tomatoes,PC OrganicsOrganic Grape Tomatoes255 g,$3.99ea,,$1.56/ 100g,False,55.0,
produce,,French Beans,French Beans400 g,$4.99ea,,$1.25/ 100g,False,56.0,
produce,,Jalapeno Peppers,Jalapeno Peppers,$0.44(est.)ea,,$8.80/ 1kg,False,57.0,
produce,,Papaya,Papaya,$3.69(est.)ea,,$2.84/ 1kg,False,58.0,
produce,No Name,Sweet Potato,No NameSweet Potato4540 g,$5.00ea,,$0.11/ 100g,False,59.0,
produce,Farmer's Market,Carrots 5lb Bag,Farmer's MarketCarrots 5lb Bag5 lb,$4.79ea,$3.99ea,$0.18/ 100g,True,60.0,saleEnds 03/15
produce,President's Choice,Bay Leaf,President's ChoiceBay Leaf28 g,$2.49ea,,,False,61.0,
produce,President's Choice,Mint,President's ChoiceMint28 g,$2.49ea,,,False,62.0,
produce,President's Choice,Thyme ,President's ChoiceThyme 28 g,$2.49ea,,,False,63.0,
produce,Farmer's Market,Red Potatoes 10lb Bag,Farmer's MarketRed Potatoes 10lb Bag10 lb bag,$5.99ea,,$0.13/ 100g,False,64.0,
produce,,Kiwis,Kiwis1 ea,$0.89ea,$0.59ea,$0.59/ 1ea,True,65.0,saleEnds 03/15
produce,Bolthouse,Green Goodness,BolthouseGreen Goodness1.54 l,$8.49ea,,$0.55/ 100ml,False,66.0,
produce,,Baby Bok Choy Jr,Baby Bok Choy Jr,$3.68(est.)ea,,$5.49/ 1kg,False,67.0,
produce,Farmer's Market,Roma Tomatoes,Farmer's MarketRoma Tomatoes1 ea,$6.00ea,,$0.44/ 100g,False,68.0,
produce,PC Organics,Organic Tomato On The Vine Red (1 Bunch),PC OrganicsOrganic Tomato On The Vine Red (1 Bunch),$7.13(est.)ea,,$9.90/ 1kg,False,69.0,
produce,,Honey Pitted Dates,Honey Pitted Dates350 g,$2.99ea,,$0.85/ 100g,False,70.0,
produce,No Name,Naturally Imperfect English Cucumber 3lb Bag,No NameNaturally Imperfect English Cucumber 3lb Bag1.36 kg,$6.00ea,,$0.44/ 100g,False,71.0,
produce,Bolthouse,Blue Goodness,BolthouseBlue Goodness946 ml,$6.49ea,,$0.69/ 100ml,False,72.0,
produce,President's Choice,Mixed Little Gems,President's ChoiceMixed Little Gems0.68 kg,$2.99ea,,$0.44/ 100g,False,73.0,
produce,,Dried Turkish Apricots,Dried Turkish Apricots200 g,$2.99ea,,$1.50/ 100g,False,74.0,
produce,POM Wonderful,100% Pomegranate Juice,POM Wonderful100% Pomegranate Juice1.4 l,$12.99ea,,$0.93/ 100ml,False,75.0,
produce,Marzetti,"Veggie Dip, Ranch","MarzettiVeggie Dip, Ranch340 g",$4.99ea,,$1.47/ 100g,False,76.0,
produce,Renees,Dill Refrigerated Dip,ReneesDill Refrigerated Dip283 g,$4.99ea,,$1.76/ 100g,False,77.0,
produce,,Black Plums,Black Plums,$0.66(est.)ea,$0.55(est.)ea,$5.49/ 1kg,True,78.0,saleEnds 03/15
produce,,Green Beans,Green Beans,$0.44/50 g,,$0.88/ 100g,False,79.0,
produce,,Italian Parsley,Italian Parsley1 bunch,$1.99ea,,$1.99/ 1ea,False,80.0,
produce,,Curly Parsley,Curly Parsley1 bunch,$1.99ea,,$1.99/ 1ea,False,81.0,
produce,President's Choice,Salad Kit Chopped Sesame Wonton ,President's ChoiceSalad Kit Chopped Sesame Wonton 347 g,$4.99ea,,$1.44/ 100g,False,82.0,
produce,President's Choice,Vegetable Medley,President's ChoiceVegetable Medley340 g,$4.99ea,$3.49ea,$1.03/ 100g,True,83.0,saleEnds 03/15
produce,,Taiwanese Flat Cabbage,Taiwanese Flat Cabbage,$3.71(est.)ea,,$3.28/ 1kg,False,84.0,
produce,PC Organics,Organic Garlic,PC OrganicsOrganic Garlic115 g,$3.79ea,,$3.30/ 100g,False,85.0,
produce,President's Choice,Spring Mix,President's ChoiceSpring Mix0.142 kg,$3.99ea,,$2.81/ 100g,False,86.0,
produce,No Name,Naturally Imperfect Avocados,No NameNaturally Imperfect Avocados3 lb bag,$7.00ea,,$0.51/ 100g,False,87.0,
produce,Taylor Farms,Broccoli Crunch Salad Kit,Taylor FarmsBroccoli Crunch Salad Kit360 g,$4.99ea,,$1.39/ 100g,False,88.0,
produce,President's Choice,Mixed Greens,President's ChoiceMixed Greens0.34 kg,$3.99ea,,$1.17/ 100g,False,89.0,
produce,PC Organics,Organics Baby Spinach,PC OrganicsOrganics Baby Spinach142 g,$4.49ea,,$3.16/ 100g,False,90.0,
produce,President's Choice,Spring Mix,President's ChoiceSpring Mix0.312 kg,$5.99ea,$3.99ea,$1.28/ 100g,True,91.0,saleEnds 03/15
produce,Taylor Farms,Guacamole Crunch Chopped Salad Kit,Taylor FarmsGuacamole Crunch Chopped Salad Kit319 g,$4.99ea,,$1.56/ 100g,False,92.0,
produce,PC Organics,Organic Cucumber Mini,PC OrganicsOrganic Cucumber Mini342 g,$4.49ea,,$0.75/ 1ea,False,93.0,
produce,PC Organics,Granny Smith Apples 3Lb Bag,PC OrganicsGranny Smith Apples 3Lb Bag3 lb bag,$7.99ea,,$0.59/ 100g,False,94.0,
produce,Farmer's Market,Ambrosia Apples,Farmer's MarketAmbrosia Apples1.814 kg,$5.99ea,$4.99ea,$0.28/ 100g,True,95.0,saleEnds 03/15
produce,Farmer's Market,Granny Smith Apples,Farmer's MarketGranny Smith Apples4 lb bag,$8.99ea,,$0.50/ 100g,False,96.0,
produce,,Celery Hearts,Celery Hearts2 pack,$4.49ea,,$2.25/ 1ea,False,97.0,
produce,PC Organics,Organic Baby King Oyster Mushrooms,PC OrganicsOrganic Baby King Oyster Mushrooms200 g,$4.99ea,,$2.50/ 100g,False,98.0,
produce,PC Organics,Organic Cauliflower,PC OrganicsOrganic Cauliflower1 ea,$5.99ea,,$5.99/ 1ea,False,99.0,
produce,President's Choice,Broccoli Slaw,President's ChoiceBroccoli Slaw340 g,$3.49ea,,$1.03/ 100g,False,100.0,
produce,,"Red Beets, Bunched","Red Beets, Bunched1 bunch",$3.99ea,,$3.99/ 1ea,False,101.0,
produce,,Clementine Stem & Leaf,Clementine Stem & Leaf,$0.92(est.)ea,,$8.80/ 1kg,False,102.0,
produce,Farmer's Market,Red Grapefruit,Farmer's MarketRed Grapefruit3 lb bag,$5.99ea,,$0.44/ 100g,False,103.0,
produce,Farmer's Market,Yellow Potato 10lb Bag,Farmer's MarketYellow Potato 10lb Bag10 lb bag,$5.99ea,,$0.13/ 100g,False,104.0,
produce,,Black Mission Figs,Black Mission Figs227 g,$4.99ea,,$2.20/ 100g,False,105.0,
produce,Bolthouse,Berry Boost,BolthouseBerry Boost946 ml,$6.49ea,,$0.69/ 100ml,False,106.0,
produce,President's Choice,Tarragon,President's ChoiceTarragon28 g,$2.49ea,,,False,107.0,
produce,,Villagio Marzano Tomatoes,Villagio Marzano Tomatoes681 g,$7.00ea,,$10.28/ 1kg,False,108.0,
produce,President's Choice,Live Lettuce Boston,President's ChoiceLive Lettuce Boston1 ea,$2.49ea,,$2.49/ 1ea,False,109.0,
produce,President's Choice,Dill,President's ChoiceDill28 g,$2.49ea,,,False,110.0,
produce,PC Organics,Organic Peppers,PC OrganicsOrganic Peppers2 pack,$4.99ea,,$2.50/ 1ea,False,111.0,
produce,,Fresh Coconut Young,Fresh Coconut Young1 ea,$3.99ea,,$3.99/ 1ea,False,112.0,
produce,Renees,Ranch Refrigerated Dip,ReneesRanch Refrigerated Dip283 g,$4.99ea,,$1.76/ 100g,False,113.0,
produce,Farmer's Market,Red Onions,Farmer's MarketRed Onions3 lb bag,$3.99ea,,$0.29/ 100g,False,114.0,
produce,PC Organics,Organics Whole Cremini Mushrooms,PC OrganicsOrganics Whole Cremini Mushrooms227 g,$2.99ea,$1.99ea,$0.88/ 100g,True,115.0,saleEnds 03/15
produce,President's Choice,Finger Hot Hot Peppers,President's ChoiceFinger Hot Hot Peppers226 g,$4.00ea,,$1.77/ 100g,False,116.0,
produce,Taylor Farms,"Chopped Salad Kit, Steakhouse","Taylor FarmsChopped Salad Kit, Steakhouse365 g",$4.99ea,,$1.37/ 100g,False,117.0,
produce,,"Garlic, Peeled","Garlic, Peeled250 g",$2.99ea,,$1.20/ 100g,False,118.0,
produce,President's Choice,Sliced Cremini Mushrooms,President's ChoiceSliced Cremini Mushrooms227 g,$2.99ea,,$1.32/ 100g,False,119.0,
produce,Marzetti,"Veggie Dip, Spinach","MarzettiVeggie Dip, Spinach340 g",$4.99ea,,$1.47/ 100g,False,120.0,
produce,,Japanese Yams,Japanese Yams,$5.22(est.)ea,,$5.49/ 1kg,False,121.0,
produce,Aurora,Sundried Tomatoes,AuroraSundried Tomatoes85 g,$2.49ea,,$2.77/ 100g,False,122.0,
produce,,"Chinese Carrots, Jumbo","Chinese Carrots, Jumbo",$3.58(est.)ea,,$4.83/ 1kg,False,123.0,
produce,,Hami Melons,Hami Melons,$9.58(est.)ea,,$3.28/ 1kg,False,124.0,
produce,PC Organics,Organic Field Greens & Baby Spinach - Salad Mix,PC OrganicsOrganic Field Greens & Baby Spinach - Salad Mix142 g,$4.49ea,,$3.16/ 100g,False,125.0,
produce,Manns,Snap Peas,MannsSnap Peas227 g,$3.99ea,,$1.76/ 100g,False,126.0,
produce,,Baby Bok Choy,Baby Bok Choy,$3.33(est.)ea,,$5.05/ 1kg,False,127.0,
produce,President's Choice,Portobello Mushroom Caps,President's ChoicePortobello Mushroom Caps4 pack,$4.99ea,,$2.38/ 100g,False,128.0,
produce,Paramount,Pistachios No Shells Honey Roasted,ParamountPistachios No Shells Honey Roasted155 g,$7.99ea,,$5.15/ 100g,False,129.0,
produce,President's Choice,Savory,President's ChoiceSavory28 g,$2.49ea,,,False,130.0,
produce,President's Choice,Whole Cremini Mushrooms,President's ChoiceWhole Cremini Mushrooms227 g,$2.79ea,,$1.23/ 100g,False,131.0,
produce,,Rutabaga,Rutabaga,$3.47(est.)ea,,$2.18/ 1kg,False,132.0,
produce,Wholly Guacamole,Minis,Wholly GuacamoleMinis227 g,$4.99ea,,$2.20/ 100g,False,133.0,
produce,,Packaged Yellow Peaches,Packaged Yellow Peaches907 g,$5.99ea,,$0.66/ 100g,False,134.0,
produce,Paramount,"Pistachios, Roasted Salted","ParamountPistachios, Roasted Salted450 g",$10.99ea,,$2.44/ 100g,False,135.0,
produce,,Flavour Burst Sungold Golden Kiwi,Flavour Burst Sungold Golden Kiwi454 g,$6.49ea,,$1.43/ 100g,False,136.0,
produce,President's Choice,Whole Button Mushrooms,President's ChoiceWhole Button Mushrooms227 g,$3.49ea,,$1.54/ 100g,False,137.0,
produce,Marzetti,"Veggie Dip, Light Ranch","MarzettiVeggie Dip, Light Ranch340 g",$4.99ea,,$1.47/ 100g,False,138.0,
produce,President's Choice,Green Thai Hot Peppers,President's ChoiceGreen Thai Hot Peppers75 g,$4.00ea,,$5.33/ 100g,False,139.0,
produce,,Spaghetti Squash,Spaghetti Squash,$5.53(est.)ea,,$4.39/ 1kg,False,140.0,
produce,President's Choice,Sliced White Mushrooms,President's ChoiceSliced White Mushrooms227 g,$2.99ea,,$1.32/ 100g,False,141.0,
produce,,Organic Grape Tomatoes,Organic Grape Tomatoes680 g,$7.99ea,,$1.18/ 100g,False,142.0,
produce,,Butternut Squash,Butternut Squash,$7.07(est.)ea,,$4.39/ 1kg,False,143.0,
produce,President's Choice,Chopped Mexican Style Street Corn Salad Kit,President's ChoiceChopped Mexican Style Street Corn Salad Kit285 g,$4.99ea,,$1.75/ 100g,False,144.0,
produce,,Flavour Burst Sungold Golden Kiwi,Flavour Burst Sungold Golden Kiwi454 g,$6.49ea,,$1.43/ 100g,False,145.0,
produce,Marzetti,"Veggie Dip, Light Ranch","MarzettiVeggie Dip, Light Ranch340 g",$4.99ea,,$1.47/ 100g,False,146.0,
produce,President's Choice,Green Thai Hot Peppers,President's ChoiceGreen Thai Hot Peppers75 g,$4.00ea,,$5.33/ 100g,False,147.0,
produce,,Baby Corn,Baby Corn284 g,$4.99ea,,$1.76/ 100g,False,148.0,
produce,PC Organics,Baby Arugula,PC OrganicsBaby Arugula142 g,$4.49ea,,$3.16/ 100g,False,149.0,
produce,President's Choice,Garden Salad,President's ChoiceGarden Salad0.34 kg,$3.99ea,,$1.17/ 100g,False,150.0,
produce,President's Choice,Broccoli Florets,President's ChoiceBroccoli Florets340 g,$3.97ea,$3.49ea,$1.03/ 100g,True,151.0,saleEnds 03/15
produce,Taylor Farms,"Chopped Salad Kit, Dill Pickle","Taylor FarmsChopped Salad Kit, Dill Pickle341 g",$4.99ea,,$1.50/ 100g,False,152.0,
produce,President's Choice,Caesar Salad Kit,President's ChoiceCaesar Salad Kit282 g,$4.99ea,,$1.77/ 100g,False,153.0,
produce,President's Choice,Green Beans,President's ChoiceGreen Beans340 g,$4.99ea,$3.49ea,$1.03/ 100g,True,154.0,saleEnds 03/15
produce,,Cooking Spinach,Cooking Spinach227 g,$1.99ea,,$0.88/ 100g,False,155.0,
produce,President's Choice,Bacon Caesar Chop Salad Kit,President's ChoiceBacon Caesar Chop Salad Kit326 g,$4.99ea,,$1.53/ 100g,False,156.0,
produce,President's Choice,Chopped Romaine,President's ChoiceChopped Romaine0.907 kg,$6.99ea,,$0.77/ 100g,False,157.0,
produce,,Japanese Yams,Japanese Yams,$5.22(est.)ea,,$5.49/ 1kg,False,158.0,
produce,President's Choice,Oregano,President's ChoiceOregano28 g,$2.49ea,,,False,159.0,
produce,No Name,"Roasted Peanuts, No Salt","No NameRoasted Peanuts, No Salt907 g",$5.50ea,,$0.61/ 100g,False,160.0,
produce,,"Carrots, Bunched","Carrots, Bunched1 bunch",$2.99ea,,$2.99/ 1ea,False,161.0,
produce,,Pomegranate,Pomegranate1 ea,$2.49ea,,$2.49/ 1ea,False,162.0,
produce,PC Organics,Romaine Lettuce Hearts,PC OrganicsRomaine Lettuce Hearts3 ea,$5.99ea,,$2.00/ 1ea,False,163.0,
produce,,Honeydew Melon,Honeydew Melon1 ea,$5.99ea,,$5.99/ 1ea,False,164.0,
produce,Farmer's Market,Cortland Apples,Farmer's MarketCortland Apples4 lb bag,$6.99ea,,$0.39/ 100g,False,165.0,
produce,Farmer's Market,Honeycrisp Apples,Farmer's MarketHoneycrisp Apples4 lb bag,$7.99ea,,$0.44/ 100g,False,166.0,
produce,Farmer's Market,Macintosh Apples,Farmer's MarketMacintosh Apples1 ea,$6.99ea,,,False,167.0,
produce,,Nectarines,Nectarines,$1.23(est.)ea,,$8.80/ 1kg,False,168.0,
produce,,Collard Greens,Collard Greens1 bunch,$3.99ea,,$3.99/ 1ea,False,169.0,
produce,,D'Anjou Pears,D'Anjou Pears,$1.58(est.)ea,,$6.59/ 1kg,False,170.0,
produce,,"Greenhouse Peppers, Yellow","Greenhouse Peppers, Yellow",$2.20(est.)ea,,$8.80/ 1kg,False,171.0,
produce,PC Organics,Gala Apples 3Lb Bag,PC OrganicsGala Apples 3Lb Bag3 lb bag,$7.99ea,,$0.59/ 100g,False,172.0,
produce,,Golden Delicious Apples,Golden Delicious Apples,$1.21(est.)ea,,$5.49/ 1kg,False,173.0,
produce,PC Blue Menu,Blue Menu Unsalted Virginia Peanuts,PC Blue MenuBlue Menu Unsalted Virginia Peanuts454 g,$3.50ea,,$0.77/ 100g,False,174.0,
produce,,Organic Mandarin Oranges,Organic Mandarin Oranges2 lb bag,$5.99ea,,$0.66/ 100g,False,175.0,
produce,Paramount,Pistachios No Shells Roasted Light Salt,ParamountPistachios No Shells Roasted Light Salt170 g,$7.99ea,,$4.70/ 100g,False,176.0,
produce,,Leeks,Leeks1 bunch,$4.99ea,,$4.99/ 1ea,False,177.0,
produce,,"Mint, Fresh","Mint, Fresh1 bunch",$1.49ea,,$1.49/ 1ea,False,178.0,
produce,No Name,Naturally Imperfect Lemons 3lb Bag,No NameNaturally Imperfect Lemons 3lb Bag1.36 kg,$6.00ea,,$0.44/ 100g,False,179.0,
produce,,Fenugreek,Fenugreek1 bunch,$1.99ea,,$1.99/ 1ea,False,180.0,
produce,President's Choice,Adora Seedless® Black Grapes,President's ChoiceAdora Seedless® Black Grapes,$12.06(est.)ea,,$8.80/ 1kg,False,181.0,
produce,Farmer's Market,Grape Tomato 907G    ,Farmer's MarketGrape Tomato 907G    908 g,$6.00ea,,$0.66/ 100g,False,182.0,
produce,,Tamarinds,Tamarinds500 g,$4.99ea,,$1.00/ 100g,False,183.0,
produce,,Yellow Yams,Yellow Yams,$4.40(est.)ea,$4.18(est.)ea,$8.36/ 1kg,True,184.0,saleEnds 03/15
produce,Gourmet Garden,Lightly Dried Cilantro,Gourmet GardenLightly Dried Cilantro10 g,$4.99ea,,$49.90/ 100g,False,185.0,
produce,,Carrots,Carrots,$0.51(est.)ea,,$3.95/ 1kg,False,186.0,
produce,,Kohlrabi,Kohlrabi,$2.69(est.)ea,,$5.49/ 1kg,False,187.0,
produce,,"Portobello Mushrooms, Bulk","Portobello Mushrooms, Bulk",$1.59(est.)ea,,$13.21/ 1kg,False,188.0,
produce,,Star Fruit,Star Fruit1 ea,$1.99ea,,$1.99/ 1ea,False,189.0,
produce,President's Choice,Fresh Poultry Herb Blend,President's ChoiceFresh Poultry Herb Blend28 g,$2.49ea,,,False,190.0,
produce,,Jamaican Aloe,Jamaican Aloe,$1.74(est.)ea,,$3.28/ 1kg,False,191.0,
produce,,Snow Peas,Snow Peas200 g,$2.99ea,,$1.50/ 100g,False,192.0,
produce,Bolthouse,Daily Greens,BolthouseDaily Greens946 ml,$6.49ea,,$0.69/ 100ml,False,193.0,
produce,No Name,"Raw, Unsalted Pumpkin Seeds","No NameRaw, Unsalted Pumpkin Seeds100 g",$2.00ea,,$2.00/ 100g,False,194.0,
produce,Renees,French Onion Refrigerated Dip,ReneesFrench Onion Refrigerated Dip283 g,$4.99ea,,$1.76/ 100g,False,195.0,
produce,,Sweet Nantes Carrots,Sweet Nantes Carrots467 g,$3.39ea,,$0.73/ 100g,False,196.0,
produce,Paramount,No shell BBQ Pistachios,ParamountNo shell BBQ Pistachios155 g,$7.99ea,,$5.15/ 100g,False,197.0,
produce,Wholly Guacamole,Chunky Bowl ,Wholly GuacamoleChunky Bowl 213 g,$4.99ea,,$2.34/ 100g,False,198.0,
produce,No Name,Naturally Imperfect Potatoes 15lb,No NameNaturally Imperfect Potatoes 15lb6804 g,$6.00ea,,$0.09/ 100g,False,199.0,
produce,POM Wonderful,100% Pomegranate Juice,POM Wonderful100% Pomegranate Juice473 ml,$5.99ea,,$1.27/ 100ml,False,200.0,
produce,,Dates Medjool,Dates Medjool907 g,$12.99ea,,$1.43/ 100g,False,201.0,
produce,,Caribbean Avocado,Caribbean Avocado1 ea,$3.99ea,$2.49ea,$2.49/ 1ea,True,202.0,saleEnds 03/15
produce,,"Eggplant, Baby","Eggplant, Baby",$0.44(est.)ea,,$4.39/ 1kg,False,203.0,
produce,Bolthouse,100% Carrot,Bolthouse100% Carrot946 ml,$6.49ea,,$0.69/ 100ml,False,204.0,
produce,,Packaged Yellow Nectarine,Packaged Yellow Nectarine907 g,$5.99ea,,$0.66/ 100g,False,205.0,
produce,Aurora,Dried Turkish Figs,AuroraDried Turkish Figs200 g,$2.99ea,,$1.50/ 100g,False,206.0,
produce,,Karela (1Pack),Karela (1Pack),$2.77(est.)ea,,$8.80/ 1kg,False,207.0,
produce,,Green Peppers,Green Peppers1 ea,$2.99ea,,$0.75/ 1ea,False,208.0,
produce,Farmer's Market,Mandarin Orange 1.5LBs,Farmer's MarketMandarin Orange 1.5LBs681 g,$3.99ea,,$0.59/ 100g,False,209.0,
produce,President's Choice,Kale Slaw,President's ChoiceKale Slaw340 g,$3.49ea,,$1.03/ 100g,False,210.0,
produce,President's Choice,Salted California Pistachios,President's ChoiceSalted California Pistachios225 g,$4.99ea,,$2.22/ 100g,False,211.0,
produce,Farmer's Market,Yellow Onions,Farmer's MarketYellow Onions10 lb bag,$3.99ea,,$0.09/ 100g,False,212.0,
produce,,Granadilla,Granadilla1 ea,$1.99ea,,$1.99/ 1ea,False,213.0,
produce,,Organic Orange,Organic Orange907 g,$5.99ea,,$0.66/ 100g,False,214.0,
produce,PC Organics,Organics Yellow Onions,PC OrganicsOrganics Yellow Onions2 lb bag,$3.49ea,,$0.38/ 100g,False,215.0,
produce,President's Choice,Live Lettuce Tri Mix - 1 Unit,President's ChoiceLive Lettuce Tri Mix - 1 Unit350 g,$2.99ea,,$2.99/ 1ea,False,216.0,
produce,Remedy,Kombucha Lemon Lime & Mint  ,RemedyKombucha Lemon Lime & Mint  700 ml,$4.99ea,,$0.71/ 100ml,False,217.0,
produce,PC Organics,Organics Baby Cut Carrots,PC OrganicsOrganics Baby Cut Carrots2 lb,$5.79ea,,$0.64/ 100g,False,218.0,
produce,,Turnips,Turnips,$2.09(est.)ea,,$5.49/ 1kg,False,219.0,
produce,President's Choice,Southwest Salad Kit,President's ChoiceSouthwest Salad Kit369 g,$4.99ea,,$1.35/ 100g,False,220.0,
produce,Dole,Chop Chop Kit Everything Caesar,DoleChop Chop Kit Everything Caesar0.301 kg,$4.99ea,,$1.66/ 100g,False,221.0,
produce,President's Choice,Crumbled Cauliflower,President's ChoiceCrumbled Cauliflower340 g,$3.99ea,,$1.17/ 100g,False,222.0,
produce,Taylor Farms,"Chopped Salad Kit, Thai Style Chili Mango","Taylor FarmsChopped Salad Kit, Thai Style Chili Mango319 g",$4.99ea,,$1.56/ 100g,False,223.0,
produce,,Popeye Select Spinach,Popeye Select Spinach1 kg,$8.99ea,,$0.80/ 100g,False,224.0,
produce,President's Choice,Salad Kit Sweet Kale Club Size,President's ChoiceSalad Kit Sweet Kale Club Size0.68 g,$6.99ea,,$1.03/ 100g,False,225.0,
produce,President's Choice,Romaine Salad,President's ChoiceRomaine Salad0.255 kg,$3.99ea,,$1.56/ 100g,False,226.0,
produce,,Sweet Broccoli Tender Stems,Sweet Broccoli Tender Stems340 g,$4.99ea,,$1.47/ 100g,False,227.0,
produce,,Opo Squash,Opo Squash,$1.79(est.)ea,,$2.84/ 1kg,False,228.0,
produce,,Ataulfo Mango,Ataulfo Mango1 ea,$1.79ea,$0.99ea,$0.99/ 1ea,True,229.0,saleEnds 03/15
produce,,Blackberries 1 pint,Blackberries 1 pint340 g,$6.99ea,,$2.06/ 100g,False,230.0,
produce,President's Choice,Salted Virginia Peanuts,President's ChoiceSalted Virginia Peanuts454 g,$3.50ea,,$0.77/ 100g,False,231.0,
produce,,Red Prince Apple,Red Prince Apple,$1.32(est.)ea,,$6.59/ 1kg,False,232.0,
produce,President's Choice,Ambrosia Apples,President's ChoiceAmbrosia Apples,$1.21(est.)ea,,$5.49/ 1kg,False,233.0,
produce,,White Onion,White Onion,$1.95(est.)ea,,$5.27/ 1kg,False,234.0,
produce,,Yellow Potatoes,Yellow Potatoes,$1.32(est.)ea,,$4.39/ 1kg,False,235.0,
produce,PC Organics,Organics Baby Spinach,PC OrganicsOrganics Baby Spinach312 g,$6.49ea,,$2.08/ 100g,False,236.0,
produce,,Cortland Apples,Cortland Apples,$1.15(est.)ea,,$5.49/ 1kg,False,237.0,
produce,,Red Delicious Apples,Red Delicious Apples,$1.15(est.)ea,,$5.49/ 1kg,False,238.0,
produce,,Romaine Lettuce,Romaine Lettuce1 ea,$2.99ea,,$2.99/ 1ea,False,239.0,
