category,brand,product_text,product_name,price_text,sale_price,per_unit_price_text,is_sale,ranking,sale_valid_to
snacks,No Name,Regular Ripple Cut Potato Chips,No NameRegular Ripple Cut Potato Chips200 g,$1.49ea,,$0.75/ 100g,False,1.0,
snacks,No Name, Lightly Salted Rippled Potato Chips ,No Name Lightly Salted Rippled Potato Chips 200 g,$1.49ea,,$0.75/ 100g,False,2.0,
snacks,No Name,Regular Potato Chips ,No NameRegular Potato Chips 200 g,$1.49ea,,$0.75/ 100g,False,3.0,
snacks,No Name,Ketchup Potato Chips,No NameKetchup Potato Chips200 g,$1.49ea,,$0.75/ 100g,False,4.0,
snacks,No Name,Sesame Rice Crackers,No NameSesame Rice Crackers100 g,$1.25ea,$1.00ea,$1.00/ 100g,True,5.0,saleEnds 03/15
snacks,President's Choice,Unsweetened Apple Sauce,President's ChoiceUnsweetened Apple Sauce6x100.0 ml,$2.29ea,,$0.38/ 100ml,False,6.0,
snacks,Doritos,Sweet Chili Heat! flavoured tortilla chips,DoritosSweet Chili Heat! flavoured tortilla chips235 g,$4.29ea,,$1.83/ 100g,False,7.0,
snacks,Tostitos,Multigrain Rounds Tortilla Chips 270g,TostitosMultigrain Rounds Tortilla Chips 270g270 g,$3.99ea,,$1.48/ 100g,False,8.0,
snacks,Ruffles,Sour Cream 'n Onion Flavoured Potato Chips,RufflesSour Cream 'n Onion Flavoured Potato Chips200 g,$4.49ea,$3.99ea,$2.00/ 100g,True,9.0,saleEnds 03/22
snacks,No Name,Cheese Rice Crackers,No NameCheese Rice Crackers100 g,$1.25ea,$1.00ea,$1.00/ 100g,True,10.0,saleEnds 03/15
snacks,Vicenzi,Millefoglie Mini Snack,VicenziMillefoglie Mini Snack125 g,$2.99ea,,$2.39/ 100g,False,11.0,
snacks,Crispers,Bits & Bites Original Snacks,CrispersBits & Bites Original Snacks145 g,$2.69ea,,$1.86/ 100g,False,12.0,
snacks,President's Choice,Tropical Fruits Squeeze Fruit Snacks,President's ChoiceTropical Fruits Squeeze Fruit Snacks4x90.0 g,$2.49ea,,$0.69/ 100g,False,13.0,
snacks,President's Choice,Garlic Crackers,President's ChoiceGarlic Crackers185 g,$3.49ea,,$1.89/ 100g,False,14.0,
snacks,No Name,Cheese Sandwich Crackers,No NameCheese Sandwich Crackers180 g,$3.29ea,,$1.83/ 100g,False,15.0,
snacks,No Name,Vanilla Pudding Cups 4 Pack,No NameVanilla Pudding Cups 4 Pack4x99.0 g,$1.39ea,,$0.35/ 100g,False,16.0,
snacks,LA IDA,Large Sugar Taralli,LA IDALarge Sugar Taralli360 g,$3.79ea,,$1.05/ 100g,False,17.0,
snacks,Maynards,Sour Patch Kids  Soft Candy,MaynardsSour Patch Kids  Soft Candy185 g,$2.49ea,,$1.35/ 100g,False,18.0,
snacks,Snyders,"Pretzel Pieces, Honey Mustard & Onion","SnydersPretzel Pieces, Honey Mustard & Onion240 g",$3.99ea,,$1.66/ 100g,False,19.0,
snacks,Cadbury,Mini Eggs Assorted Chocolate Eggs Mini,CadburyMini Eggs Assorted Chocolate Eggs Mini33 g,$1.49ea,,$4.52/ 100g,False,20.0,
snacks,Hershey's,Eggies Milk Chocolate,Hershey'sEggies Milk Chocolate400 g,$8.99ea,,$2.25/ 100g,False,21.0,
snacks,T&T,Ready-to-Eat Organic Chestnuts,T&TReady-to-Eat Organic Chestnuts100 g,$1.29ea,,$1.29/ 100g,False,22.0,
snacks,GoGo squeez, Fruit Sauce 16 Pouches,GoGo squeez Fruit Sauce 16 Pouches16x90.0 g,$12.99ea,,$0.90/ 100g,False,23.0,
snacks,FERRERO ROCHER,"Hollow Hazelnut Milk Chocolate Squirrel, Easter Gift","FERRERO ROCHERHollow Hazelnut Milk Chocolate Squirrel, Easter Gift90 g",$5.99ea,,$6.66/ 100g,False,24.0,
snacks,No Name,Microwave Butter Flavour Popcorn,No NameMicrowave Butter Flavour Popcorn493 g,$3.29ea,,$0.67/ 100g,False,25.0,
snacks,Christie,Ritz Original Crackers,ChristieRitz Original Crackers900 g,$9.49ea,,$1.05/ 100g,False,26.0,
snacks,No Name,Regular Potato Crisps,No NameRegular Potato Crisps150 g,$1.49ea,,$0.99/ 100g,False,27.0,
snacks,Podravka,Cokolino Cereal,PodravkaCokolino Cereal200 g,$3.29ea,,$1.65/ 100g,False,28.0,
snacks,Cineplex, Butter Microwave Popcorn - 3 Pack,Cineplex Butter Microwave Popcorn - 3 Pack255 g,$3.19ea,,$1.25/ 100g,False,29.0,
snacks,Reese's, Peanut Butter Cups Candy,Reese's Peanut Butter Cups Candy46 g,$1.49ea,,$3.24/ 100g,False,30.0,
snacks,Voortman,Coconut Cookies,VoortmanCoconut Cookies350 g,$3.29ea,,$0.94/ 100g,False,31.0,
snacks,Finn Crisp,"Crispbread, Multigrain","Finn CrispCrispbread, Multigrain175 g",$3.89ea,,$2.22/ 100g,False,32.0,
snacks,Pringles,Cheddar & Sour Cream Flavour Potato Chips,PringlesCheddar & Sour Cream Flavour Potato Chips156 g,$2.99ea,,$1.92/ 100g,False,33.0,
snacks,Tremarie, Milk Chocolate And Almonds Cream Filled Wafers,Tremarie Milk Chocolate And Almonds Cream Filled Wafers140 g,$2.99ea,,$2.14/ 100g,False,34.0,
snacks,SS Frutas,Spicy Plantain Crunchy Crisps,SS FrutasSpicy Plantain Crunchy Crisps85 g,$1.79ea,,$2.11/ 100g,False,35.0,
snacks,Predilecta,Creamy Guava Paste,PredilectaCreamy Guava Paste320 g,$3.29ea,,$1.03/ 100g,False,36.0,
snacks,Salzburg,Hazelnut Mignon,SalzburgHazelnut Mignon350 g,$4.79ea,,$1.37/ 100g,False,37.0,
snacks,Skittles,"Original Chewy Candy, Bowl Size Bag","SkittlesOriginal Chewy Candy, Bowl Size Bag320 g",$5.79ea,,$1.81/ 100g,False,38.0,
snacks,GoGo squeez,"Squeeze, Apple Blueberry","GoGo squeezSqueeze, Apple Blueberry90 g",$3.99ea,,$1.11/ 100g,False,39.0,
snacks,Predilecta,Guava Paste,PredilectaGuava Paste300 g,$1.99ea,,$0.66/ 100g,False,40.0,
snacks,Colussi,Caffélatte Biscuits,ColussiCaffélatte Biscuits500 g,$5.79ea,,$1.16/ 100g,False,41.0,
snacks,Dare,Breaktime Oatmeal Cookies,DareBreaktime Oatmeal Cookies250 g,$1.49ea,,$0.60/ 100g,False,42.0,
snacks,Balocco,Cruschelle Cookies,BaloccoCruschelle Cookies700 g,$6.99ea,,$1.00/ 100g,False,43.0,
snacks,GoGo squeez,Fruit Sauce 16 Pouches,GoGo squeezFruit Sauce 16 Pouches16x90.0 g,$12.99ea,,$0.90/ 100g,False,44.0,
snacks,Mott's,"Fruitsations, Unsweetened Strawberry Kiwi","Mott'sFruitsations, Unsweetened Strawberry Kiwi6x111.0 g",$2.99ea,,$0.45/ 100g,False,45.0,
snacks,No Name,Fruit Salad with Cherries in Light Syrup,No NameFruit Salad with Cherries in Light Syrup4x107.0 ml,$2.29ea,,$0.54/ 100ml,False,46.0,
snacks,Haitai,Honey Butter Chip Sweet Honey Flavour,HaitaiHoney Butter Chip Sweet Honey Flavour60 g,$3.49ea,,$5.82/ 100g,False,47.0,
snacks,Nong Shim,Onion Rings,Nong ShimOnion Rings50 g,$1.49ea,,$2.98/ 100g,False,48.0,
snacks,Ryvita,Thins Three Cheese Flatbreads,RyvitaThins Three Cheese Flatbreads125 g,$4.99ea,,$3.99/ 100g,False,49.0,
snacks,Christie,Premium Plus Salted Crackers,ChristiePremium Plus Salted Crackers900 g,$7.99ea,,$0.89/ 100g,False,50.0,
snacks,No Name,Mandarin Oranges in Light Syrup,No NameMandarin Oranges in Light Syrup4x107.0 ml,$2.29ea,,$0.54/ 100ml,False,51.0,
snacks,Mott's,"Fruitsations + Veggies, Unsweetened Peach Apple Carrot","Mott'sFruitsations + Veggies, Unsweetened Peach Apple Carrot6x111.0 g",$2.99ea,,$0.45/ 100g,False,52.0,
snacks,President's Choice,Sugar Cones ,President's ChoiceSugar Cones 142 g,$3.00ea,,$2.11/ 100g,False,53.0,
snacks,Dare,Bold ‘n Baked Sweet Chili,DareBold ‘n Baked Sweet Chili150 g,$3.49ea,,$2.33/ 100g,False,54.0,
snacks,No Name,Cheese Flavoured Crunchy Snacks,No NameCheese Flavoured Crunchy Snacks200 g,$2.29ea,,$1.15/ 100g,False,55.0,
snacks,Lay's,Cucumber Flavoured Potato Chips,Lay'sCucumber Flavoured Potato Chips165 g,$3.29ea,$2.49ea,$1.51/ 100g,True,56.0,saleEnds 03/15
snacks,Wrigley,"Fresh Mint Flavoured Mints, 4 Packs","WrigleyFresh Mint Flavoured Mints, 4 Packs4 ea",$4.79ea,,$1.20/ 1ea,False,57.0,
snacks,TRIDENT,Splash Strawberry Kiwi,TRIDENTSplash Strawberry Kiwi3 pack,$4.29ea,,$1.43/ 1pk,False,58.0,
snacks,Starburst,Gummies Original     ,StarburstGummies Original     164 g,$3.49ea,,$2.13/ 100g,False,59.0,
snacks,Jack Links,Steak Strips,Jack LinksSteak Strips74 g,$6.99ea,,$9.45/ 100g,False,60.0,
snacks,Werther's,Original Creamy Caramel Filled Hard Candy,Werther'sOriginal Creamy Caramel Filled Hard Candy135 g,$2.79ea,,$2.07/ 100g,False,61.0,
snacks,Carnaby Sweet,Mixed Berries,Carnaby SweetMixed Berries500 g,$3.99ea,,$0.80/ 100g,False,62.0,
snacks,Quaker,Chewy Granola Cereal Or Fruit Bars Strawberry Fruit Crumble,QuakerChewy Granola Cereal Or Fruit Bars Strawberry Fruit Crumble120 g,$2.49ea,$1.79ea,$1.49/ 100g,True,63.0,saleEnds 03/15
snacks,Kelloggs,"Special K Fruit Crisps, Strawberry Flavour, 10 Bars","KelloggsSpecial K Fruit Crisps, Strawberry Flavour, 10 Bars125 g",$3.49ea,,$2.79/ 100g,False,64.0,
snacks,Haldiram,Indian Snacks Pani Puri Water Balls,HaldiramIndian Snacks Pani Puri Water Balls275 g,$6.49ea,,$2.36/ 100g,False,65.0,
snacks,President's Choice,The World's Best Shortbread Cookies,President's ChoiceThe World's Best Shortbread Cookies200 g,$4.99ea,,$2.50/ 100g,False,66.0,
snacks,Nature Valley,"Crunchy Granola Bars, Roasted Almond","Nature ValleyCrunchy Granola Bars, Roasted Almond230 g",$2.99ea,,$1.30/ 100g,False,67.0,
snacks,Freeyumm,Cheezy Cracker Bites,FreeyummCheezy Cracker Bites120 g,$5.49ea,,$4.58/ 100g,False,68.0,
snacks,Twizzler,Strawberry Twists Candy,TwizzlerStrawberry Twists Candy454 g,$4.49ea,,$0.99/ 100g,False,69.0,
snacks,Leclerc,Go Pure Oatmeal Bars Brown Sugar & Maple,LeclercGo Pure Oatmeal Bars Brown Sugar & Maple5x175.0 g,$2.79ea,,$0.32/ 100g,False,70.0,
snacks,Nestle,KitKat Snack Size,NestleKitKat Snack Size112 g,$2.59ea,,$2.31/ 100g,False,71.0,
snacks,Kinder,"Surprise Chocolate Eggs with Toys, Pink Edition, 3 Pack","KinderSurprise Chocolate Eggs with Toys, Pink Edition, 3 Pack60 g",$3.49ea,,$5.82/ 100g,False,72.0,
snacks,President's Choice,Raisins Almonds Cashews Cranberries Trail Mix,President's ChoiceRaisins Almonds Cashews Cranberries Trail Mix700 g,$13.99ea,,$2.00/ 100g,False,73.0,
snacks,Kozy Shack,Rice Pudding Tubs,Kozy ShackRice Pudding Tubs624 g,$4.00ea,,$0.64/ 100g,False,74.0,
snacks,President's Choice,Creme Filled Salted Caramel Sandwich Cookies,President's ChoiceCreme Filled Salted Caramel Sandwich Cookies300 g,$3.99ea,,$1.33/ 100g,False,75.0,
snacks,Excel,"Bubblemint Flavoured Sugar Free Chewing Gum, 18 Pieces, 3 Packs","ExcelBubblemint Flavoured Sugar Free Chewing Gum, 18 Pieces, 3 Packs77 g",$4.29ea,,$5.57/ 100g,False,76.0,
snacks,Skittles,"Wild Berry Gummy Candy, Bag","SkittlesWild Berry Gummy Candy, Bag165 g",$3.49ea,,$2.12/ 100g,False,77.0,
snacks,Mott's,Fruitsations + Veggie Assorted Fruit,Mott'sFruitsations + Veggie Assorted Fruit226 g,$2.99ea,,$1.32/ 100g,False,78.0,
snacks,No Name,Original Trail Mix,No NameOriginal Trail Mix1 kg,$10.49ea,,$1.05/ 100g,False,79.0,
snacks,Kuehne,Sauerkraut,KuehneSauerkraut796 ml,$4.99ea,,$0.63/ 100ml,False,80.0,
snacks,Dare,Ultimate Maple Crème Cookies,DareUltimate Maple Crème Cookies300 g,$2.99ea,,$1.00/ 100g,False,81.0,
snacks,Blue Diamond,"Almonds, Smokehouse","Blue DiamondAlmonds, Smokehouse170 g",$6.49ea,,$3.82/ 100g,False,82.0,
snacks,Werther's,Original Caramel Hard Candy,Werther'sOriginal Caramel Hard Candy135 g,$2.79ea,,$2.07/ 100g,False,83.0,
snacks,Nature Valley,Lunchbox Caramel Chocolate Granola Bar,Nature ValleyLunchbox Caramel Chocolate Granola Bar130 g,$2.99ea,,$2.30/ 100g,False,84.0,
snacks,Lotus,Biscoff Biscuit,LotusBiscoff Biscuit250 g,$3.99ea,,$1.60/ 100g,False,85.0,
snacks,Kelloggs,Special K Cereal Bars 2 Flavours,KelloggsSpecial K Cereal Bars 2 Flavours500 g,$9.99ea,,$2.00/ 100g,False,86.0,
snacks,Betty Crocker,Paw Patrol Special Edition Fruit Flavoured Snacks,Betty CrockerPaw Patrol Special Edition Fruit Flavoured Snacks226 g,$2.99ea,,$1.32/ 100g,False,87.0,
snacks,Cadbury,Cadbury Chocolate Premium Dark Chocolate Bar,CadburyCadbury Chocolate Premium Dark Chocolate Bar100 g,$2.49ea,,$2.49/ 100g,False,88.0,
snacks,Wrigley,"Peppermint-Cobalt Flavoured Sugar Free Chewing Gum, 15 Sticks, 3 Packs","WrigleyPeppermint-Cobalt Flavoured Sugar Free Chewing Gum, 15 Sticks, 3 Packs3 ea",$4.99ea,,$1.66/ 1ea,False,89.0,
snacks,Cadbury,Dairy Milk Milk Chocolate Chocolate Bar,CadburyDairy Milk Milk Chocolate Chocolate Bar100 g,$2.49ea,,$2.49/ 100g,False,90.0,
snacks,President's Choice,Unsalted Peanuts,President's ChoiceUnsalted Peanuts700 g,$5.99ea,,$0.86/ 100g,False,91.0,
snacks,Dare,Ultimate Lemon Crème Cookies,DareUltimate Lemon Crème Cookies290 g,$2.99ea,,$1.03/ 100g,False,92.0,
snacks,Christie,Chips Ahoy! Original Cookies,ChristieChips Ahoy! Original Cookies460 g,$4.99ea,,$1.08/ 100g,False,93.0,
snacks,Dentyne,Fire Cinnamon Gum,DentyneFire Cinnamon Gum4 ea,$4.29ea,,$1.07/ 1ea,False,94.0,
snacks,Nature Valley,Biscuits with Peanut Butter,Nature ValleyBiscuits with Peanut Butter190 g,$3.49ea,,$1.84/ 100g,False,95.0,
snacks,Loacker,"Wafer, Vanilla","LoackerWafer, Vanilla175 g",$3.79ea,,$2.17/ 100g,False,96.0,
snacks,Nestle,Kitkat Gooey Salted Caramel Bar,NestleKitkat Gooey Salted Caramel Bar112 g,$2.59ea,,$2.31/ 100g,False,97.0,
snacks,No Name,Mandarin Oranges in Light Syrup,No NameMandarin Oranges in Light Syrup4x107.0 ml,$2.29ea,,$0.54/ 100ml,False,98.0,
snacks,Nature Valley,Lunchbox Caramel Chocolate Granola Bar,Nature ValleyLunchbox Caramel Chocolate Granola Bar130 g,$2.99ea,,$2.30/ 100g,False,99.0,
snacks,Werther's,Original Caramel Hard Candy,Werther'sOriginal Caramel Hard Candy135 g,$2.79ea,,$2.07/ 100g,False,100.0,
snacks,Lotus,Biscoff Biscuit,LotusBiscoff Biscuit250 g,$3.99ea,,$1.60/ 100g,False,101.0,
snacks,Kelloggs,Special K Cereal Bars 2 Flavours,KelloggsSpecial K Cereal Bars 2 Flavours500 g,$9.99ea,,$2.00/ 100g,False,102.0,
snacks,Betty Crocker,Paw Patrol Special Edition Fruit Flavoured Snacks,Betty CrockerPaw Patrol Special Edition Fruit Flavoured Snacks226 g,$2.99ea,,$1.32/ 100g,False,103.0,
snacks,Cadbury,Cadbury Chocolate Premium Dark Chocolate Bar,CadburyCadbury Chocolate Premium Dark Chocolate Bar100 g,$2.49ea,,$2.49/ 100g,False,104.0,
snacks,Wrigley,"Peppermint-Cobalt Flavoured Sugar Free Chewing Gum, 15 Sticks, 3 Packs","WrigleyPeppermint-Cobalt Flavoured Sugar Free Chewing Gum, 15 Sticks, 3 Packs3 ea",$4.99ea,,$1.66/ 1ea,False,105.0,
snacks,Cadbury,Dairy Milk Milk Chocolate Chocolate Bar,CadburyDairy Milk Milk Chocolate Chocolate Bar100 g,$2.49ea,,$2.49/ 100g,False,106.0,
snacks,President's Choice,Unsalted Peanuts,President's ChoiceUnsalted Peanuts700 g,$5.99ea,,$0.86/ 100g,False,107.0,
snacks,Dare,Ultimate Lemon Crème Cookies,DareUltimate Lemon Crème Cookies290 g,$2.99ea,,$1.03/ 100g,False,108.0,
snacks,Christie,Chips Ahoy! Original Cookies,ChristieChips Ahoy! Original Cookies460 g,$4.99ea,,$1.08/ 100g,False,109.0,
snacks,Dentyne,Fire Cinnamon Gum,DentyneFire Cinnamon Gum4 ea,$4.29ea,,$1.07/ 1ea,False,110.0,
snacks,Nature Valley,Biscuits with Peanut Butter,Nature ValleyBiscuits with Peanut Butter190 g,$3.49ea,,$1.84/ 100g,False,111.0,
snacks,Loacker,"Wafer, Vanilla","LoackerWafer, Vanilla175 g",$3.79ea,,$2.17/ 100g,False,112.0,
snacks,President's Choice,Sweet Chili Purple Kernel Corn Crisps,President's ChoiceSweet Chili Purple Kernel Corn Crisps110 g,$2.49ea,,$2.26/ 100g,False,113.0,
snacks,Excel,"Spearmint Flavoured Sugar Free Chewing Gum, 18 Pieces, 3 Packs","ExcelSpearmint Flavoured Sugar Free Chewing Gum, 18 Pieces, 3 Packs77 g",$4.29ea,,$5.57/ 100g,False,114.0,
snacks,Tostitos,Simply Yellow Corn Tortilla Chips 240g,TostitosSimply Yellow Corn Tortilla Chips 240g240 g,$4.99ea,,$2.08/ 100g,False,115.0,
snacks,Mr. Cookies,Mr. Mini Vanilla Flavoured Cookies with Chocolate Drizzle,Mr. CookiesMr. Mini Vanilla Flavoured Cookies with Chocolate Drizzle150 g,$2.29ea,,$1.53/ 100g,False,116.0,
snacks,Christie,Oreo Mega Stuff Cookies,ChristieOreo Mega Stuff Cookies374 g,$4.99ea,,$1.33/ 100g,False,117.0,
snacks,Nature Valley,Lunchbox - Double Chocolate Flavour,Nature ValleyLunchbox - Double Chocolate Flavour130 g,$2.99ea,,$2.30/ 100g,False,118.0,
snacks,Nature Valley,Sweet & Salty Peanut,Nature ValleySweet & Salty Peanut525 g,$5.99ea,,$1.14/ 100g,False,119.0,
snacks,The Snack Factory,"Pretzel Crisps, Garlic Parmesan    ","The Snack FactoryPretzel Crisps, Garlic Parmesan    200 g",$5.99ea,,$3.00/ 100g,False,120.0,
snacks,President's Choice,Extra Butter Flavour Purple Kernel Microwave Popcorn,President's ChoiceExtra Butter Flavour Purple Kernel Microwave Popcorn247 g,$3.79ea,,$1.53/ 100g,False,121.0,
snacks,President's Choice,Loads of Sour Cream & Onion Rippled Potato Chips,President's ChoiceLoads of Sour Cream & Onion Rippled Potato Chips200 g,$2.79ea,,$1.40/ 100g,False,122.0,
snacks,Old Dutch,Popcorn Twists,Old DutchPopcorn Twists175 g,$3.49ea,,$1.99/ 100g,False,123.0,
snacks,Christie,Crispers Ketchup Crackers,ChristieCrispers Ketchup Crackers145 g,$2.59ea,,$1.79/ 100g,False,124.0,
snacks,Surati,Spicy Chilli Crunch Tubes   ,SuratiSpicy Chilli Crunch Tubes   80 g,$1.49ea,,$1.86/ 100g,False,125.0,
snacks,Aero,Nestlé Dark Mint Chocolate,AeroNestlé Dark Mint Chocolate95 g,$2.59ea,,$2.73/ 100g,False,126.0,
snacks,Christie,Premium Plus Unsalted Crackers,ChristiePremium Plus Unsalted Crackers900 g,$7.99ea,,$0.89/ 100g,False,127.0,
snacks,Dare,Real Hoppy Marshmallow Rabbits,DareReal Hoppy Marshmallow Rabbits220 g,$2.99ea,,$1.36/ 100g,False,128.0,
snacks,President's Choice,Water Crackers,President's ChoiceWater Crackers125 g,$3.49ea,,$2.79/ 100g,False,129.0,
snacks,Kinder,"Bueno Mini Chocolate and Hazelnut Cream Candy Bars, 27 Individually Wrapped Chocolates Per Bag","KinderBueno Mini Chocolate and Hazelnut Cream Candy Bars, 27 Individually Wrapped Chocolates Per Bag145 g",$3.75ea,$3.49ea,$2.41/ 100g,True,130.0,saleEnds 03/15
snacks,Wrigley,"Polar Ice Flavoured Sugar Free Chewing Gum, 12 Pieces, 1 Pack","WrigleyPolar Ice Flavoured Sugar Free Chewing Gum, 12 Pieces, 1 Pack12 ea",$1.29ea,$0.89ea,$0.07/ 1ea,True,131.0,saleEnds 04/05
snacks,Wrigley,"Spearmint Flavoured Sugar Free Chewing Gum, 12 Pieces, 1 Pack","WrigleySpearmint Flavoured Sugar Free Chewing Gum, 12 Pieces, 1 Pack12 ea",$1.29ea,$0.89ea,$0.07/ 1ea,True,132.0,saleEnds 04/05
snacks,Keebler,Town House Oven Baked Crackers Light and Buttery Flavour Original,KeeblerTown House Oven Baked Crackers Light and Buttery Flavour Original391 g,$3.99ea,,$1.02/ 100g,False,133.0,
snacks,President's Choice,Apple Strawberry Squeeze Fruit Snacks,President's ChoiceApple Strawberry Squeeze Fruit Snacks4x90.0 g,$2.49ea,,$0.69/ 100g,False,134.0,
snacks,Dare,Veggie Crisps Zesty Ranch,DareVeggie Crisps Zesty Ranch100 g,$2.49ea,,$2.49/ 100g,False,135.0,
snacks,President's Choice,Extra Cheesy Little Penguins Snack Crackers,President's ChoiceExtra Cheesy Little Penguins Snack Crackers840 g,$13.99ea,,$1.67/ 100g,False,136.0,
snacks,No Name,Salted Tops Soda Crackers,No NameSalted Tops Soda Crackers454 g,$3.29ea,,$0.72/ 100g,False,137.0,
snacks,President's Choice,Loads Of All Dressed Rippled Potato Chips,President's ChoiceLoads Of All Dressed Rippled Potato Chips200 g,$2.79ea,,$1.40/ 100g,False,138.0,
snacks,President's Choice,Barbecue Flavour Kettle Cooked Chips,President's ChoiceBarbecue Flavour Kettle Cooked Chips200 g,$2.49ea,,$1.25/ 100g,False,139.0,
snacks,President's Choice,Original Melba Toast,President's ChoiceOriginal Melba Toast200 g,$2.49ea,,$1.25/ 100g,False,140.0,
snacks,Dole,"Fruit Bowls Pears, Diced","DoleFruit Bowls Pears, Diced4x107.0 ml",$3.29ea,,$0.77/ 100ml,False,141.0,
snacks,Dare,Breton Morning Toasts Everything,DareBreton Morning Toasts Everything225 g,$3.49ea,,$1.55/ 100g,False,142.0,
snacks,Doritos,Sweet & Tangy BBQ Tortilla Chips,DoritosSweet & Tangy BBQ Tortilla Chips210 g,$4.29ea,,$2.04/ 100g,False,143.0,
snacks,Leclerc,Go Pure Oatmeal Bars Banana Bread Chocolate Chip,LeclercGo Pure Oatmeal Bars Banana Bread Chocolate Chip175 g,$3.29ea,$2.79ea,$1.59/ 100g,True,144.0,saleEnds 03/15
snacks,Voortman,"Turnover Cookie, Strawberry","VoortmanTurnover Cookie, Strawberry300 g",$4.29ea,,$1.43/ 100g,False,145.0,
snacks,Grace,Plantain Chips Sweet Chili Flavoured,GracePlantain Chips Sweet Chili Flavoured85 g,$1.29ea,,$1.52/ 100g,False,146.0,
snacks,Cheez-It,"Crunch, Sharp White Cheddar, Baked Snack Crackers","Cheez-ItCrunch, Sharp White Cheddar, Baked Snack Crackers191 g",$2.75ea,$2.49ea,$1.30/ 100g,True,147.0,saleEnds 03/15
snacks,Christie,Crispers Ranch Crackers,ChristieCrispers Ranch Crackers145 g,$2.59ea,,$1.79/ 100g,False,148.0,
snacks,Mentos,Fruit,MentosFruit4 ea,$3.59ea,,$0.90/ 1ea,False,149.0,
snacks,PC Blue Menu," Natural Flavour Microwave Popcorn, Mini Bags","PC Blue Menu Natural Flavour Microwave Popcorn, Mini Bags8x32.0 g",$4.49ea,,$1.75/ 100g,False,150.0,
snacks,No Name,Ice Cream Cups,No NameIce Cream Cups1 ea,$2.00ea,,$2.50/ 100g,False,151.0,
snacks,SunRype,Apple Strawberry 100% Fruit Snack,SunRypeApple Strawberry 100% Fruit Snack14 g,$0.39ea,,$2.79/ 100g,False,152.0,
snacks,Quaker,"Chewy Harvest Granola Bars, Yogourt - 3 Flavour 30 bar - Variety pack","QuakerChewy Harvest Granola Bars, Yogourt - 3 Flavour 30 bar - Variety pack1.05 kg",$14.99ea,,$1.43/ 100g,False,153.0,
snacks,President's Choice,Extra Cheesy Little Penguins Snack Crackers,President's ChoiceExtra Cheesy Little Penguins Snack Crackers840 g,$13.99ea,,$1.67/ 100g,False,154.0,
snacks,President's Choice,Original Melba Toast,President's ChoiceOriginal Melba Toast200 g,$2.49ea,,$1.25/ 100g,False,155.0,
snacks,Dole,"Fruit Bowls Pears, Diced","DoleFruit Bowls Pears, Diced4x107.0 ml",$3.29ea,,$0.77/ 100ml,False,156.0,
snacks,Dare,Breton Morning Toasts Everything,DareBreton Morning Toasts Everything225 g,$3.49ea,,$1.55/ 100g,False,157.0,
snacks,Doritos,Sweet & Tangy BBQ Tortilla Chips,DoritosSweet & Tangy BBQ Tortilla Chips210 g,$4.29ea,,$2.04/ 100g,False,158.0,
snacks,Ritz,Cheese Nibs Cheddar/Jalapeno Crackers,RitzCheese Nibs Cheddar/Jalapeno Crackers200 g,$5.49ea,,$2.75/ 100g,False,159.0,
snacks,No Name,Salted Tops Soda Crackers,No NameSalted Tops Soda Crackers454 g,$3.29ea,,$0.72/ 100g,False,160.0,
snacks,President's Choice,Loads Of All Dressed Rippled Potato Chips,President's ChoiceLoads Of All Dressed Rippled Potato Chips200 g,$2.79ea,,$1.40/ 100g,False,161.0,
snacks,President's Choice,Barbecue Flavour Kettle Cooked Chips,President's ChoiceBarbecue Flavour Kettle Cooked Chips200 g,$2.49ea,,$1.25/ 100g,False,162.0,
snacks,President's Choice,Extra Butter Flavour Purple Kernel Microwave Popcorn,President's ChoiceExtra Butter Flavour Purple Kernel Microwave Popcorn247 g,$3.79ea,,$1.53/ 100g,False,163.0,
snacks,President's Choice,Loads of Sour Cream & Onion Rippled Potato Chips,President's ChoiceLoads of Sour Cream & Onion Rippled Potato Chips200 g,$2.79ea,,$1.40/ 100g,False,164.0,
snacks,Christie,Premium Plus Unsalted Crackers,ChristiePremium Plus Unsalted Crackers900 g,$7.99ea,,$0.89/ 100g,False,165.0,
snacks,Spitz,"Sunflower Seeds, Salted","SpitzSunflower Seeds, Salted227 g",$3.19ea,,$1.52/ 100g,False,166.0,
snacks,Trophy,Almonds Roasted with Sea Salt,TrophyAlmonds Roasted with Sea Salt200 g,$4.99ea,,$2.50/ 100g,False,167.0,
snacks,GoGo squeez,Fruit Sauce Apple Mango Guava,GoGo squeezFruit Sauce Apple Mango Guava360 g,$3.99ea,,$1.11/ 100g,False,168.0,
snacks,Lindt,GOLD BUNNY Hazelnut Milk Chocolate Easter Bunny,LindtGOLD BUNNY Hazelnut Milk Chocolate Easter Bunny100 g,$5.99ea,,$5.99/ 100g,False,169.0,
snacks,Leclerc,Go Pure Oatmeal Bars Banana Bread Chocolate Chip,LeclercGo Pure Oatmeal Bars Banana Bread Chocolate Chip175 g,$3.29ea,$2.79ea,$1.59/ 100g,True,170.0,saleEnds 03/15
snacks,President's Choice,Mini Crisp & Thin Vegetable Crackers,President's ChoiceMini Crisp & Thin Vegetable Crackers200 g,$3.49ea,,$1.75/ 100g,False,171.0,
snacks,Snackpack,Fanta Orange Snack Pack,SnackpackFanta Orange Snack Pack594 g,$3.49ea,,$0.59/ 100g,False,172.0,
snacks,Humpty Dumpty,Potato Snack Bbq Flavoured,Humpty DumptyPotato Snack Bbq Flavoured280 g,$3.99ea,,$1.43/ 100g,False,173.0,
snacks,Dare,Veggie Crisps Zesty Ranch,DareVeggie Crisps Zesty Ranch100 g,$2.49ea,,$2.49/ 100g,False,174.0,
snacks,Christie,Crispers Ketchup Crackers,ChristieCrispers Ketchup Crackers145 g,$2.59ea,,$1.79/ 100g,False,175.0,
snacks,Neilson,Jersey Milk,NeilsonJersey Milk180 g,$4.79ea,,$2.66/ 100g,False,176.0,
snacks,Excel,"Winterfresh Flavoured Sugar Free Chewing Gum, 18 Pieces, 3 Packs","ExcelWinterfresh Flavoured Sugar Free Chewing Gum, 18 Pieces, 3 Packs77 g",$4.29ea,,$5.57/ 100g,False,177.0,
snacks,Smart Food,Jalapeño & Cheddar Flavour Seasoned Popcorn 180g,Smart FoodJalapeño & Cheddar Flavour Seasoned Popcorn 180g180 g,$4.29ea,,$2.38/ 100g,False,178.0,
snacks,President's Choice,Peanut Butter Filled Pretzels ,President's ChoicePeanut Butter Filled Pretzels 680 g,$8.99ea,,$1.32/ 100g,False,179.0,
snacks,Nestle,"Aero Miniature Milk Chocolate Bars, 9 Pack","NestleAero Miniature Milk Chocolate Bars, 9 Pack66 g",$2.59ea,,$3.92/ 100g,False,180.0,
snacks,Hawkins,Cheezies,HawkinsCheezies210 g,$3.79ea,,$1.80/ 100g,False,181.0,
snacks,Fritos,Original Corn Chips 340g,FritosOriginal Corn Chips 340g340 g,$4.19ea,,$1.23/ 100g,False,182.0,
snacks,Tostitos,Multigrain Rounds Chips    ,TostitosMultigrain Rounds Chips    430 g,$5.49ea,,$1.28/ 100g,False,183.0,
snacks,President's Choice,Original Thick Cut Rippled Potato Chips ,President's ChoiceOriginal Thick Cut Rippled Potato Chips 200 g,$2.79ea,,$1.40/ 100g,False,184.0,
snacks,Tostitos,Hint of Jalapeño flavour tortilla chips 275g,TostitosHint of Jalapeño flavour tortilla chips 275g275 g,$3.99ea,,$1.45/ 100g,False,185.0,
snacks,Ruffles,Sour Cream 'n Bacon Flavoured Potato Chips,RufflesSour Cream 'n Bacon Flavoured Potato Chips200 g,$4.49ea,$3.99ea,$2.00/ 100g,True,186.0,saleEnds 03/22
snacks,No Name,Corn Chips,No NameCorn Chips200 g,$1.99ea,,$1.00/ 100g,False,187.0,
snacks,JUICY FRUIT,"Fruit Flavoured Chewing Gum, 18 Pieces, 3 Packs","JUICY FRUITFruit Flavoured Chewing Gum, 18 Pieces, 3 Packs77 g",$4.29ea,,$5.57/ 100g,False,188.0,
snacks,M&M's,"Caramel Milk Chocolate Candies, Sharing Bag","M&M'sCaramel Milk Chocolate Candies, Sharing Bag185 g",$4.99ea,,$2.70/ 100g,False,189.0,
snacks,Nature Valley,Trail Mix Dark Chocolate Chewy Granola Bars,Nature ValleyTrail Mix Dark Chocolate Chewy Granola Bars175 g,$2.99ea,,$1.71/ 100g,False,190.0,
snacks,Reese's,Peanut Butter Bar,Reese'sPeanut Butter Bar120 g,$2.59ea,,$2.16/ 100g,False,191.0,
snacks,Betty Crocker,Fruit By The Foot Strawberry and Berry Tie Dye Family Pack ,Betty CrockerFruit By The Foot Strawberry and Berry Tie Dye Family Pack 340 g,$6.49ea,$5.99ea,$1.76/ 100g,True,192.0,saleEnds 03/15
snacks,Dare,Realfruit Superfruits,DareRealfruit Superfruits180 g,$3.19ea,,$1.77/ 100g,False,193.0,
snacks,No Name,Salted Blanched Peanuts,No NameSalted Blanched Peanuts2 kg,$12.49ea,,$0.62/ 100g,False,194.0,
snacks,Voortman,Fudge Striped Shortbread,VoortmanFudge Striped Shortbread320 g,$3.29ea,,$1.03/ 100g,False,195.0,
snacks,Wrigley,"Peppermint-Cobalt Flavoured Sugar Free Chewing Gum, 15 Sticks, 1 Pack","WrigleyPeppermint-Cobalt Flavoured Sugar Free Chewing Gum, 15 Sticks, 1 Pack1 ea",$2.29ea,,$2.29/ 1ea,False,196.0,
snacks,Betty Crocker,Scooby-Doo - Fruit Flavoured Snacks,Betty CrockerScooby-Doo - Fruit Flavoured Snacks226 g,$2.99ea,,$1.32/ 100g,False,197.0,
snacks,Mott's,Veggie Berry	Petits Fruits,Mott'sVeggie Berry	Petits Fruits907 g,$10.99ea,,$1.21/ 100g,False,198.0,
snacks,Spitz,"Sunflower Seeds, Salted","SpitzSunflower Seeds, Salted227 g",$3.19ea,,$1.52/ 100g,False,199.0,
snacks,Trophy,Almonds Roasted with Sea Salt,TrophyAlmonds Roasted with Sea Salt200 g,$4.99ea,,$2.50/ 100g,False,200.0,
snacks,GoGo squeez,Fruit Sauce Apple Mango Guava,GoGo squeezFruit Sauce Apple Mango Guava360 g,$3.99ea,,$1.11/ 100g,False,201.0,
snacks,GoGo squeez,"Squeeze, Apple","GoGo squeezSqueeze, Apple4x90.0 g",$3.99ea,,$1.11/ 100g,False,202.0,
snacks,Neilson,Jersey Milk,NeilsonJersey Milk180 g,$4.79ea,,$2.66/ 100g,False,203.0,
snacks,Excel,"Winterfresh Flavoured Sugar Free Chewing Gum, 18 Pieces, 3 Packs","ExcelWinterfresh Flavoured Sugar Free Chewing Gum, 18 Pieces, 3 Packs77 g",$4.29ea,,$5.57/ 100g,False,204.0,
snacks,Smart Food,Jalapeño & Cheddar Flavour Seasoned Popcorn 180g,Smart FoodJalapeño & Cheddar Flavour Seasoned Popcorn 180g180 g,$4.29ea,,$2.38/ 100g,False,205.0,
snacks,President's Choice,Peanut Butter Filled Pretzels ,President's ChoicePeanut Butter Filled Pretzels 680 g,$8.99ea,,$1.32/ 100g,False,206.0,
snacks,Nestle,"Aero Miniature Milk Chocolate Bars, 9 Pack","NestleAero Miniature Milk Chocolate Bars, 9 Pack66 g",$2.59ea,,$3.92/ 100g,False,207.0,
snacks,Hardbite,Handcrafted-Style Chips Black Truffle Sea Salt Potato Chips,HardbiteHandcrafted-Style Chips Black Truffle Sea Salt Potato Chips128 g,$4.49ea,,$3.59/ 100g,False,208.0,
snacks,Aero,Truffle Milk Chocolate Tablet,AeroTruffle Milk Chocolate Tablet105 g,$2.59ea,,$2.47/ 100g,False,209.0,
snacks,Sunchips,Harvest Cheddar Flavour Multigrain Snacks 205g,SunchipsHarvest Cheddar Flavour Multigrain Snacks 205g205 g,$4.19ea,,$2.04/ 100g,False,210.0,
snacks,Tostitos,Multigrain Rounds Chips    ,TostitosMultigrain Rounds Chips    430 g,$5.49ea,,$1.28/ 100g,False,211.0,
snacks,President's Choice,Original Thick Cut Rippled Potato Chips ,President's ChoiceOriginal Thick Cut Rippled Potato Chips 200 g,$2.79ea,,$1.40/ 100g,False,212.0,
snacks,Ruffles,Flamin’ Hot Bar-B-Q Flavoured Potato Chips,RufflesFlamin’ Hot Bar-B-Q Flavoured Potato Chips190 g,$3.99ea,,$2.10/ 100g,False,213.0,
snacks,Wrigley,"Spearmint Flavoured Sugar Free Chewing Gum, 60 Pieces, 1 Bottle","WrigleySpearmint Flavoured Sugar Free Chewing Gum, 60 Pieces, 1 Bottle83 g",$4.79ea,,$5.77/ 100g,False,214.0,
snacks,Excel,"Winterfresh Flavoured Sugar Free Chewing Gum, 12 Pieces, 4 Packs","ExcelWinterfresh Flavoured Sugar Free Chewing Gum, 12 Pieces, 4 Packs1 ea",$1.29ea,$0.89ea,$0.89/ 1ea,True,215.0,saleEnds 04/05
snacks,Haldiram,Indian Snacks Chatpata Masala Namkeen,HaldiramIndian Snacks Chatpata Masala Namkeen115 g,$1.79ea,,$1.56/ 100g,False,216.0,
snacks,SS Frutas,Naturally Sweet Plantain Crunchy Crisps,SS FrutasNaturally Sweet Plantain Crunchy Crisps85 g,$1.79ea,,$2.11/ 100g,False,217.0,
snacks,Kinder,"Surprise Chocolate Egg with Toy, Pink Edition","KinderSurprise Chocolate Egg with Toy, Pink Edition20 g",$1.49ea,,$7.45/ 100g,False,218.0,
snacks,President's Choice,Waffle Cones  ,President's ChoiceWaffle Cones  1 ea,$4.59ea,,$2.24/ 100g,False,219.0,
snacks,Carnaby Sweet,Real Milk Chocolate Solid Bunny,Carnaby SweetReal Milk Chocolate Solid Bunny350 g,$4.49ea,,$1.28/ 100g,False,220.0,
snacks,Haldiram,Indian Snacks Chatpata Dal,HaldiramIndian Snacks Chatpata Dal150 g,$1.99ea,,$1.33/ 100g,False,221.0,
snacks,Dare,Breton Garden Vegetable Crackers,DareBreton Garden Vegetable Crackers200 g,$3.49ea,,$1.75/ 100g,False,222.0,
snacks,Dentyne,Ice Spearmint Gum,DentyneIce Spearmint Gum1 ea,$1.39ea,,$1.39/ 1ea,False,223.0,
snacks,Ruffles,All Dressed Flavoured Potato Chips (small bag),RufflesAll Dressed Flavoured Potato Chips (small bag)66 g,$2.19ea,,$3.32/ 100g,False,224.0,
snacks,GoGo squeez,Fruit Sauce Apple Lime Orange Lemon,GoGo squeezFruit Sauce Apple Lime Orange Lemon360 g,$3.99ea,,$1.11/ 100g,False,225.0,
snacks,Kinder,Happy Moments Assorted Easter Eggs,KinderHappy Moments Assorted Easter Eggs184 g,$4.99ea,,$2.71/ 100g,False,226.0,
snacks,Dare,Breton Gluten Free Herb and Garlic ,DareBreton Gluten Free Herb and Garlic 135 g,$2.49ea,,$1.84/ 100g,False,227.0,
snacks,GoGo squeez,"Squeeze, Fruit Mix Variety","GoGo squeezSqueeze, Fruit Mix Variety16x90.0 g",$12.99ea,,$0.90/ 100g,False,228.0,
snacks,Munchies,Original Snack Mix 250g,MunchiesOriginal Snack Mix 250g250 g,$3.99ea,$3.49ea,$1.40/ 100g,True,229.0,saleEnds 03/15
snacks,Sun Rype,Classic Coconut Bites,Sun RypeClassic Coconut Bites120 g,$4.49ea,,$3.74/ 100g,False,230.0,
snacks,President's Choice,Peanut and Sunflower Seed Popcorn Bars,President's ChoicePeanut and Sunflower Seed Popcorn Bars150 g,$3.29ea,,$2.19/ 100g,False,231.0,
snacks,Nestle,Kit Kat Easter Break Chocolate And Wafer Bunnies ,NestleKit Kat Easter Break Chocolate And Wafer Bunnies 132 g,$5.99ea,,$4.54/ 100g,False,232.0,
snacks,Christie,Ritz Original Crackers,ChristieRitz Original Crackers350 g,$4.49ea,,$1.28/ 100g,False,233.0,
snacks,Nestle,Smarties Lil' Eggs Easter Chocolate,NestleSmarties Lil' Eggs Easter Chocolate400 g,$10.49ea,,$2.62/ 100g,False,234.0,
snacks,Snickers,"Peanut Milk Chocolate Candy Bar, Full Size Bar","SnickersPeanut Milk Chocolate Candy Bar, Full Size Bar52 g",$1.00ea,$0.89ea,$1.71/ 100g,True,235.0,saleEnds 04/05
snacks,President's Choice,Loads of Cheesy Garlic Bread Flavour Rippled Potato Chips,President's ChoiceLoads of Cheesy Garlic Bread Flavour Rippled Potato Chips200 g,$2.79ea,,$1.40/ 100g,False,236.0,
snacks,Cadbury,Dairy Milk Mini Eggs Chocolate Bar,CadburyDairy Milk Mini Eggs Chocolate Bar100 g,$2.49ea,,$2.49/ 100g,False,237.0,
snacks,Cool Runnings,"Plantain Chips, Salted","Cool RunningsPlantain Chips, Salted200 g",$3.99ea,,$2.00/ 100g,False,238.0,
snacks,Cheez-It,Crackers Double Cheese Flavour Snack,Cheez-ItCrackers Double Cheese Flavour Snack213 g,$3.99ea,,$1.87/ 100g,False,239.0,
snacks,Haldiram,Fried Indian Snacks Mixture,HaldiramFried Indian Snacks Mixture150 g,$1.99ea,,$1.33/ 100g,False,240.0,
snacks,Cheez-It,Crackers Double Cheese Flavour Snack,Cheez-ItCrackers Double Cheese Flavour Snack213 g,$3.99ea,,$1.87/ 100g,False,241.0,
snacks,Haldiram,Fried Indian Snacks Mixture,HaldiramFried Indian Snacks Mixture150 g,$1.99ea,,$1.33/ 100g,False,242.0,
snacks,Dare,Breton Veggie Bites,DareBreton Veggie Bites200 g,$2.49ea,,$1.25/ 100g,False,243.0,
snacks,President's Choice,Dipped & Chewy Chocolate Fudge & Chocolate Chip Granola Bars,President's ChoiceDipped & Chewy Chocolate Fudge & Chocolate Chip Granola Bars172 g,$2.29ea,,$1.33/ 100g,False,244.0,
snacks,President's Choice,Milk Chocolate Bar With Hazelnuts,President's ChoiceMilk Chocolate Bar With Hazelnuts300 g,$5.00ea,,$1.67/ 100g,False,245.0,
snacks,SunRype,Apple Wildberry 100% Fruit Snack,SunRypeApple Wildberry 100% Fruit Snack14 g,$0.39ea,,$2.79/ 100g,False,246.0,
snacks,Dare,Veggie Crisps Sea Salt,DareVeggie Crisps Sea Salt100 g,$2.49ea,,$2.49/ 100g,False,247.0,
snacks,President's Choice,Yogurt and Raspberry Popcorn Bars,President's ChoiceYogurt and Raspberry Popcorn Bars150 g,$3.29ea,,$2.19/ 100g,False,248.0,
snacks,PC Blue Menu,Butter Flavour Microwave Popcorn,PC Blue MenuButter Flavour Microwave Popcorn6x80.0 g,$4.69ea,,$0.98/ 100g,False,249.0,
snacks,Ryvita,"Wholegrain Rye Crispbread, Sesame Rye","RyvitaWholegrain Rye Crispbread, Sesame Rye250 g",$4.99ea,,$2.00/ 100g,False,250.0,
snacks,M&M's,"Milk Chocolate Candies, Sharing Bag","M&M'sMilk Chocolate Candies, Sharing Bag120 g",$3.29ea,,$2.74/ 100g,False,251.0,
snacks,GoGo squeez,Fruit Sauce Apple Pineapple Passion Fruit,GoGo squeezFruit Sauce Apple Pineapple Passion Fruit360 g,$3.99ea,,$1.11/ 100g,False,252.0,
snacks,Cadbury,Chocolate Assorted Mini Eggs Chocolate,CadburyChocolate Assorted Mini Eggs Chocolate745 g,$16.99ea,,$2.28/ 100g,False,253.0,
snacks,La Vista,Pork Crackling,La VistaPork Crackling170 g,$4.79ea,,$2.82/ 100g,False,254.0,
snacks,Orville,"Popcorn Bowl, Buttery","OrvillePopcorn Bowl, Buttery3x82.0 g",$3.99ea,$3.79ea,$1.54/ 100g,True,255.0,saleEnds 03/15
snacks,Lay's,Classic potato chips (small bag),Lay'sClassic potato chips (small bag)66 g,$2.19ea,,$3.32/ 100g,False,256.0,
snacks,Dole,Fruit Bowls Extra Cherries,DoleFruit Bowls Extra Cherries4x107.0 ml,$3.29ea,,$0.77/ 100ml,False,257.0,
snacks,SunRype,100% Fruit and Veggie Bar Pack,SunRype100% Fruit and Veggie Bar Pack12x37.0 g,$10.99ea,,$2.48/ 100g,False,258.0,
snacks,Lay's,Magic Masala ridged flavoured potato chips,Lay'sMagic Masala ridged flavoured potato chips165 g,$3.29ea,$2.49ea,$1.51/ 100g,True,259.0,saleEnds 03/15
snacks,President's Choice,Sea Salt Crackers,President's ChoiceSea Salt Crackers185 g,$3.49ea,,$1.89/ 100g,False,260.0,
snacks,Dare,Breton Veggie Bites On the Go Packs,DareBreton Veggie Bites On the Go Packs132 g,$2.49ea,,$1.89/ 100g,False,261.0,
snacks,Dare,Bold ‘n Baked Nacho Cheese ,DareBold ‘n Baked Nacho Cheese 150 g,$3.49ea,,$2.33/ 100g,False,262.0,
snacks,Cadbury,Micro Mini Eggs Assorted Chocolate Eggs,CadburyMicro Mini Eggs Assorted Chocolate Eggs90 g,$2.99ea,,$3.32/ 100g,False,263.0,
snacks,Nature Valley,Double Chocolate,Nature ValleyDouble Chocolate728 g,$10.99ea,,$1.51/ 100g,False,264.0,
snacks,The Snack Factory,"Pretzel Crisps, Everything    ","The Snack FactoryPretzel Crisps, Everything    200 g",$5.99ea,,$3.00/ 100g,False,265.0,
snacks,Aero,Foil Wrapped Bunny,AeroFoil Wrapped Bunny94 g,$5.99ea,,$6.37/ 100g,False,266.0,
snacks,GoGo squeez,"Squeeze, Apple Grape","GoGo squeezSqueeze, Apple Grape90 g",$3.99ea,,$1.11/ 100g,False,267.0,
snacks,Kozy Shack,Tapioca Pudding Tubs,Kozy ShackTapioca Pudding Tubs624 g,$4.00ea,,$0.64/ 100g,False,268.0,
snacks,SunRype,Apple Blueberry Pomegranate 100% Fruit Bar,SunRypeApple Blueberry Pomegranate 100% Fruit Bar37 g,$0.99ea,,$2.68/ 100g,False,269.0,
snacks,Sun Rype,Coconut Lemon Bites,Sun RypeCoconut Lemon Bites120 g,$4.49ea,,$3.74/ 100g,False,270.0,
snacks,Cadbury,Caramilk Original Chocolate Bar,CadburyCaramilk Original Chocolate Bar50 g,$1.19ea,,$2.38/ 100g,False,271.0,
snacks,Orville,"Mini Bags, Buttery","OrvilleMini Bags, Buttery8x43.0 g",$5.49ea,,$1.61/ 100g,False,272.0,
snacks,Cadbury,Creme Egg Cream Filled Chocolate Egg,CadburyCreme Egg Cream Filled Chocolate Egg34 g,$1.49ea,,$4.38/ 100g,False,273.0,
snacks,President's Choice,Sea Salt and Cracked Pepper Kettle Cooked Chips,President's ChoiceSea Salt and Cracked Pepper Kettle Cooked Chips200 g,$2.49ea,,$1.25/ 100g,False,274.0,
snacks,GoGo squeez,"Apple Raspberry Lemon Twist, Pouch","GoGo squeezApple Raspberry Lemon Twist, Pouch4x90.0 g",$3.99ea,,$1.11/ 100g,False,275.0,
snacks,GoGo squeez,"Squeeze, Apple Berries","GoGo squeezSqueeze, Apple Berries90 g",$3.99ea,,$1.11/ 100g,False,276.0,
snacks,GoGo squeez,Fruit Sauce 16 Pouches,GoGo squeezFruit Sauce 16 Pouches16x90.0 g,$12.99ea,,$0.90/ 100g,False,277.0,
snacks,President's Choice,Crisp & Thin Vegetable Crackers,President's ChoiceCrisp & Thin Vegetable Crackers225 g,$3.49ea,,$1.55/ 100g,False,278.0,
snacks,Surati,Spicy Bhungra Ready To Eat Snack,SuratiSpicy Bhungra Ready To Eat Snack80 g,$1.49ea,,$1.86/ 100g,False,279.0,
snacks,Orville,"Popcorn Bowl, Smart Pop!","OrvillePopcorn Bowl, Smart Pop!6x70.0 g",$5.49ea,,$1.31/ 100g,False,280.0,
snacks,Finn Crisp,"Crispbread, Original Rye","Finn CrispCrispbread, Original Rye200 g",$3.89ea,,$1.95/ 100g,False,281.0,
snacks,Haldiram,Indian Snacks Nimbu Masala,HaldiramIndian Snacks Nimbu Masala150 g,$1.99ea,,$1.33/ 100g,False,282.0,
snacks,Jell-O,"Refrigerated Gelatin Snacks, Orange (4 X 96G)","Jell-ORefrigerated Gelatin Snacks, Orange (4 X 96G)4x96.0 g",$3.99ea,,$1.04/ 100g,False,283.0,
snacks,No Name,Original Snack Crackers,No NameOriginal Snack Crackers225 g,$2.79ea,,$1.24/ 100g,False,284.0,
snacks,Hershey's," Creamy Milk Chocolate With Whole Almonds, Full Size Bar","Hershey's Creamy Milk Chocolate With Whole Almonds, Full Size Bar43 g",$1.49ea,,$3.47/ 100g,False,285.0,
snacks,President's Choice,Apple Cinnamon Apple Sauce ,President's ChoiceApple Cinnamon Apple Sauce 6x100.0 ml,$2.29ea,,$0.38/ 100ml,False,286.0,
snacks,Hostess,Hostess Original Flavour Potato Sticks 275g,HostessHostess Original Flavour Potato Sticks 275g275 g,$4.39ea,,$1.60/ 100g,False,287.0,
snacks,President's Choice,Sweet & Salty Kettle Corn ,President's ChoiceSweet & Salty Kettle Corn 220 g,$3.99ea,,$1.81/ 100g,False,288.0,
snacks,President's Choice,Milk Chocolate Covered Almonds,President's ChoiceMilk Chocolate Covered Almonds340 g,$6.00ea,,$1.76/ 100g,False,289.0,
snacks,Carnaby Sweet,Gummy Worms,Carnaby SweetGummy Worms500 g,$3.99ea,,$0.80/ 100g,False,290.0,
snacks,Fibre 1,Chewy Bars Oats & Chocolate ,Fibre 1Chewy Bars Oats & Chocolate 840 g,$10.99ea,,$1.31/ 100g,False,291.0,
snacks,Leclerc,Celebration Milk Chocolate Cake,LeclercCelebration Milk Chocolate Cake240 g,$2.99ea,,$1.25/ 100g,False,292.0,
snacks,Betty Crocker,Dunkaroos Vanilla Cookies with Rainbow Sprinkles Frosting,Betty CrockerDunkaroos Vanilla Cookies with Rainbow Sprinkles Frosting42 g,$1.79ea,,$4.26/ 100g,False,293.0,
snacks,Dare,Bear Paws Chocolate Chip Cookies,DareBear Paws Chocolate Chip Cookies480 g,$6.29ea,,$1.31/ 100g,False,294.0,
snacks,Hershey's,Candy Cookies 'N' Creme,Hershey'sCandy Cookies 'N' Creme108 g,$2.59ea,,$2.40/ 100g,False,295.0,
snacks,Doritos,Zesty Cheese flavoured tortilla chips,DoritosZesty Cheese flavoured tortilla chips235 g,$4.29ea,,$1.83/ 100g,False,296.0,
snacks,Leclerc,Go Pure Fruit & Oat Bars Fieldberry,LeclercGo Pure Fruit & Oat Bars Fieldberry5x140.0 g,$2.79ea,,$0.40/ 100g,False,297.0,
snacks,Reese Puffs,Reese Midsize,Reese PuffsReese Midsize384 g,$6.49ea,$5.99ea,$1.56/ 100g,True,298.0,saleEnds 03/15
snacks,Haldiram,Tasty Nuts Peanuts,HaldiramTasty Nuts Peanuts150 g,$1.99ea,,$1.33/ 100g,False,299.0,
snacks,Haldiram,All In One Snack Mix,HaldiramAll In One Snack Mix160 g,$1.99ea,,$1.24/ 100g,False,300.0,
snacks,Betty Crocker,Fruit Gushers Super Sour Gushers,Betty CrockerFruit Gushers Super Sour Gushers138 g,$2.99ea,,$2.17/ 100g,False,301.0,
snacks,No Name,Milk Chocolate with Hazelnuts,No NameMilk Chocolate with Hazelnuts100 g,$1.00ea,,$1.00/ 100g,False,302.0,
snacks,President's Choice,The Decadent Peanut Butter Chunk Cookies,President's ChoiceThe Decadent Peanut Butter Chunk Cookies300 g,$2.99ea,,$1.00/ 100g,False,303.0,
snacks,Kozy Shack,Rice Pudding Cups,Kozy ShackRice Pudding Cups6x113.0 g,$5.49ea,,$0.81/ 100g,False,304.0,
snacks,Kelloggs,"Krispies Squares Bars, Original Jumbo Pack 30 Bars","KelloggsKrispies Squares Bars, Original Jumbo Pack 30 Bars660 g",$9.99ea,,$1.51/ 100g,False,305.0,
snacks,Quaker,Crispy Minis Sour Cream & Onion flavour brown rice chips,QuakerCrispy Minis Sour Cream & Onion flavour brown rice chips100 g,$2.79ea,,$2.79/ 100g,False,306.0,
snacks,President's Choice,Extra Cheesy Little Penguins,President's ChoiceExtra Cheesy Little Penguins200 g,$3.29ea,,$1.65/ 100g,False,307.0,
snacks,President's Choice,Sweet Potato Veggie Snaps,President's ChoiceSweet Potato Veggie Snaps180 g,$5.49ea,,$3.05/ 100g,False,308.0,
snacks,Old Dutch,Arriba Nacho Cheese Flavour Tortilla Chips,Old DutchArriba Nacho Cheese Flavour Tortilla Chips245 g,$3.99ea,,$1.63/ 100g,False,309.0,
snacks,Dole,Fruit Bowls Diced Peaches in Light Syrup,DoleFruit Bowls Diced Peaches in Light Syrup4x107.0 ml,$3.29ea,,$0.77/ 100ml,False,310.0,
snacks,Humpty Dumpty,Corn Snack ,Humpty DumptyCorn Snack 290 g,$3.99ea,,$1.38/ 100g,False,311.0,
snacks,Ritz,Cheese Nibs Sweet Chili & Sour Cream Crackers,RitzCheese Nibs Sweet Chili & Sour Cream Crackers200 g,$5.49ea,,$2.75/ 100g,False,312.0,
snacks,Trophy,Almonds Natural Whole,TrophyAlmonds Natural Whole200 g,$4.99ea,,$2.50/ 100g,False,313.0,
snacks,Pringles,Original Potato Chips,PringlesOriginal Potato Chips148 g,$3.19ea,$2.99ea,$2.02/ 100g,True,314.0,saleEnds 03/15
snacks,Quaker,Dipps Salted Butterscotch Crunch Flavour Granola Bars,QuakerDipps Salted Butterscotch Crunch Flavour Granola Bars155 g,$2.49ea,$1.79ea,$1.15/ 100g,True,315.0,saleEnds 03/15
snacks,President's Choice,"Mini Pita Crackers, White Cheddar Flavour","President's ChoiceMini Pita Crackers, White Cheddar Flavour142 g",$3.49ea,,$2.46/ 100g,False,316.0,
snacks,Hershey's,Eggies Milk Chocolate,Hershey'sEggies Milk Chocolate220 g,$5.49ea,,$2.50/ 100g,False,317.0,
snacks,SunRype,Apple Raspberry 100% Fruit Snack,SunRypeApple Raspberry 100% Fruit Snack14 g,$0.39ea,,$2.79/ 100g,False,318.0,
snacks,Christie,Premium Plus Unsalted Crackers,ChristiePremium Plus Unsalted Crackers450 g,$3.49ea,,$0.78/ 100g,False,319.0,
snacks,Pringles,BBQ Flavour Potato Chips,PringlesBBQ Flavour Potato Chips156 g,$3.19ea,$2.99ea,$1.92/ 100g,True,320.0,saleEnds 03/15
snacks,Keebler,Town House Pretzel FlipSides Oven Baked Crackers Original,KeeblerTown House Pretzel FlipSides Oven Baked Crackers Original260 g,$3.99ea,,$1.53/ 100g,False,321.0,
snacks,Grace,Plantain Chips,GracePlantain Chips85 g,$1.19ea,,$1.40/ 100g,False,322.0,
snacks,Dare,Bold ‘n Baked Tangy Ranch,DareBold ‘n Baked Tangy Ranch150 g,$3.49ea,,$2.33/ 100g,False,323.0,
snacks,SunRype,Apple Mango 100% Fruit Snack,SunRypeApple Mango 100% Fruit Snack14 g,$0.39ea,,$2.79/ 100g,False,324.0,
snacks,President's Choice,Red Chili Pepper Crackers ,President's ChoiceRed Chili Pepper Crackers 185 g,$3.49ea,,$1.89/ 100g,False,325.0,
snacks,No Name,Mixed Fruit in Cherry Gel,No NameMixed Fruit in Cherry Gel4x123.0 g,$2.29ea,,$0.47/ 100g,False,326.0,
snacks,Ryvita,"Wholegrain Rye Crispbread, Multi-Grain","RyvitaWholegrain Rye Crispbread, Multi-Grain250 g",$4.99ea,,$2.00/ 100g,False,327.0,
snacks,Cheez-It,"Hot & Spicy, Baked Snack Crackers ","Cheez-ItHot & Spicy, Baked Snack Crackers 200 g",$2.75ea,$2.49ea,$1.25/ 100g,True,328.0,saleEnds 03/15
snacks,PC Blue Menu,Natural Flavour Microwave Popcorn,PC Blue MenuNatural Flavour Microwave Popcorn6x80.0 g,$4.99ea,,$1.04/ 100g,False,329.0,
snacks,Pringles,Scorchin' Potato Chips Cheddar Flavour,PringlesScorchin' Potato Chips Cheddar Flavour156 g,$2.99ea,,$1.92/ 100g,False,330.0,
snacks,Hershey's,Mix COOKIES 'N' CRÈME candy,Hershey'sMix COOKIES 'N' CRÈME candy43 g,$1.49ea,,$3.47/ 100g,False,331.0,
snacks,President's Choice,Loads Of White Cheddar Cheese Crackers,President's ChoiceLoads Of White Cheddar Cheese Crackers200 g,$3.49ea,,$1.75/ 100g,False,332.0,
snacks,Cheez-It,Crackers Cheddar Sour Cream & Onion Flavour Snack ,Cheez-ItCrackers Cheddar Sour Cream & Onion Flavour Snack 213 g,$3.99ea,,$1.87/ 100g,False,333.0,
snacks,Kinder,"Surprise Chocolate Egg with Toy, Easter Egg, Classic Edition, Large Gift","KinderSurprise Chocolate Egg with Toy, Easter Egg, Classic Edition, Large Gift100 g",$4.99ea,,$4.99/ 100g,False,334.0,
snacks,Grissol,Melba Toast Original,GrissolMelba Toast Original400 g,$5.99ea,,$1.50/ 100g,False,335.0,
snacks,No Name,Banana Flavoured Pudding Cups 4 Pack,No NameBanana Flavoured Pudding Cups 4 Pack4x99.0 g,$1.39ea,,$0.35/ 100g,False,336.0,
snacks,President's Choice,Crisp & Thin Crackers with Flax & Honey,President's ChoiceCrisp & Thin Crackers with Flax & Honey225 g,$3.49ea,,$1.55/ 100g,False,337.0,
snacks,President's Choice,Devon Custard,President's ChoiceDevon Custard400 g,$3.39ea,,$0.85/ 100g,False,338.0,
snacks,GoGo squeez,"Squeeze, Applesauce Apple Banana","GoGo squeezSqueeze, Applesauce Apple Banana4x90.0 g",$3.99ea,,$1.11/ 100g,False,339.0,
snacks,Kinder,"Surprise Chocolate Egg with Toy, Easter Egg, Pink Edition, Large Gift","KinderSurprise Chocolate Egg with Toy, Easter Egg, Pink Edition, Large Gift100 g",$4.99ea,,$4.99/ 100g,False,340.0,
snacks,Quaker,Crispy Minis Sweet Chili flavour brown rice chips,QuakerCrispy Minis Sweet Chili flavour brown rice chips100 g,$2.79ea,,$2.79/ 100g,False,341.0,
snacks,Excel,"Mint Flavoured Sugar Free Chewing Gum, 18 Pieces, 3 Packs","ExcelMint Flavoured Sugar Free Chewing Gum, 18 Pieces, 3 Packs75 g",$4.29ea,,$5.72/ 100g,False,342.0,
snacks,Tostitos,Simply Blue Corn Tortilla Chips 240g,TostitosSimply Blue Corn Tortilla Chips 240g240 g,$4.99ea,,$2.08/ 100g,False,343.0,
snacks,Dare,Whippet Sticks Coconut Cookies,DareWhippet Sticks Coconut Cookies250 g,$2.99ea,,$1.20/ 100g,False,344.0,
snacks,President's Choice,Belgian Chocolate and Toffee Cookies,President's ChoiceBelgian Chocolate and Toffee Cookies150 g,$3.49ea,,$2.33/ 100g,False,345.0,
snacks,Haldiram,Boondi,HaldiramBoondi350 g,$3.99ea,,$1.14/ 100g,False,346.0,
snacks,Sensible Portions,"Veggie Chips, Sea Salt","Sensible PortionsVeggie Chips, Sea Salt141 g",$3.99ea,,$2.83/ 100g,False,347.0,
snacks,Pillsbury,Brownie Smores Granola Bars,PillsburyBrownie Smores Granola Bars150 g,$2.99ea,,$1.99/ 100g,False,348.0,
snacks,President's Choice,Sea Salt Purple Kernel Popcorn,President's ChoiceSea Salt Purple Kernel Popcorn220 g,$3.99ea,,$1.81/ 100g,False,349.0,
snacks,Rold Gold,Classic Style Pretzel Sticks 370g,Rold GoldClassic Style Pretzel Sticks 370g370 g,$4.49ea,,$1.21/ 100g,False,350.0,
snacks,President's Choice,Jalapeno Flavour Kettle Cooked Chips,President's ChoiceJalapeno Flavour Kettle Cooked Chips200 g,$2.49ea,,$1.25/ 100g,False,351.0,
snacks,Ruffles,Salt & Vinegar Flavoured Potato Chips,RufflesSalt & Vinegar Flavoured Potato Chips200 g,$4.49ea,$3.99ea,$2.00/ 100g,True,352.0,saleEnds 03/22
snacks,Smart Food,Movie Night Butter Flavour Seasoned Popcorn 150g,Smart FoodMovie Night Butter Flavour Seasoned Popcorn 150g150 g,$4.29ea,,$2.86/ 100g,False,353.0,
snacks,Nestle,Kit Kat Chocolate Small Cello,NestleKit Kat Chocolate Small Cello104 g,$3.79ea,,$3.64/ 100g,False,354.0,
snacks,SunRype,100% Fruit Bar Pack,SunRype100% Fruit Bar Pack12x37.0 g,$10.99ea,,$2.48/ 100g,False,355.0,
snacks,President's Choice,Large & Round White Corn Tortilla Chips ,President's ChoiceLarge & Round White Corn Tortilla Chips 340 g,$3.59ea,,$1.06/ 100g,False,356.0,
snacks,Ruffles,Bar-B-Q Flavoured Potato Chips,RufflesBar-B-Q Flavoured Potato Chips200 g,$4.49ea,$3.99ea,$2.00/ 100g,True,357.0,saleEnds 03/22
snacks,No Name,Regular Rippled Potato Chips,No NameRegular Rippled Potato Chips750 g,$4.79ea,,$0.64/ 100g,False,358.0,
snacks,Hubba Bubba,"Mixed Fruit Flavoured Bubble Gum Variety Pack, 5 Pieces, 4 Packs","Hubba BubbaMixed Fruit Flavoured Bubble Gum Variety Pack, 5 Pieces, 4 Packs160 g",$4.79ea,,$2.99/ 100g,False,359.0,
snacks,President's Choice,Unsweetened Apple Blueberry Apple Sauce,President's ChoiceUnsweetened Apple Blueberry Apple Sauce6x100.0 ml,$2.29ea,,$0.38/ 100ml,False,360.0,
snacks,Skyflakes,M.Y Sans Crackers,SkyflakesM.Y Sans Crackers800 g,$6.99ea,,$0.87/ 100g,False,361.0,
snacks,VitaVigor,"Breadsticks, Sesame","VitaVigorBreadsticks, Sesame125 g",$1.99ea,,$1.59/ 100g,False,362.0,
snacks,No Name,Original Party Mix,No NameOriginal Party Mix320 g,$2.99ea,,$0.93/ 100g,False,363.0,
snacks,Welch's,"Fruit Snacks Mixed Fruit, 28 pouches","Welch'sFruit Snacks Mixed Fruit, 28 pouches22 g",$6.99ea,,$31.77/ 100g,False,364.0,
snacks,Cadbury,Mr. Big Bar,CadburyMr. Big Bar60 g,$1.19ea,,$1.98/ 100g,False,365.0,
snacks,Christie,Arrowroot  Cookies,ChristieArrowroot  Cookies350 g,$5.49ea,,$1.57/ 100g,False,366.0,
snacks,Voortman,Cookies & Creme Crispi Bites,VoortmanCookies & Creme Crispi Bites207 g,$3.29ea,,$1.59/ 100g,False,367.0,
snacks,Voortman,"Turnover Cookie, Blueberry","VoortmanTurnover Cookie, Blueberry300 g",$4.29ea,,$1.43/ 100g,False,368.0,
snacks,Dare,Bear Paws Birthday Cake Cookies,DareBear Paws Birthday Cake Cookies168 g,$2.99ea,,$1.78/ 100g,False,369.0,
snacks,Pillsbury,Brownie      ,PillsburyBrownie      150 g,$2.99ea,,$1.99/ 100g,False,370.0,
snacks,Quaker,Crispy Minis White Cheddar Flavour Large Brown Rice Cakes,QuakerCrispy Minis White Cheddar Flavour Large Brown Rice Cakes140 g,$2.79ea,,$1.99/ 100g,False,371.0,
snacks,President's Choice,Loads of Birthday Cake White Chocolate Dessert Bar,President's ChoiceLoads of Birthday Cake White Chocolate Dessert Bar100 g,$2.99ea,,$2.99/ 100g,False,372.0,
snacks,Tic Tac,"Mints, Breath Freshener, Fresh Mint, 60 pills per pack, 3 Count Multipack","Tic TacMints, Breath Freshener, Fresh Mint, 60 pills per pack, 3 Count Multipack87 g",$3.69ea,,$4.24/ 100g,False,373.0,
snacks,Jell-O,"Refrigerated Gelatin Snacks, Blueberry (4 X 96G)","Jell-ORefrigerated Gelatin Snacks, Blueberry (4 X 96G)4x96.0 g",$3.99ea,,$1.04/ 100g,False,374.0,
snacks,Reese's,Puffs Peanut Butter & Cocoa Flavour Cereal Bars,Reese'sPuffs Peanut Butter & Cocoa Flavour Cereal Bars120 g,$2.99ea,,$2.49/ 100g,False,375.0,
snacks,Mr. Cookies,Mr. Chippy Chocolate Chip Cookies,Mr. CookiesMr. Chippy Chocolate Chip Cookies300 g,$3.49ea,,$1.16/ 100g,False,376.0,
snacks,No Name,Oatmeal Cookies,No NameOatmeal Cookies907 g,$3.50ea,$3.00ea,$0.33/ 100g,True,377.0,saleEnds 03/22
snacks,Dentyne,Ice Peppermint Gum,DentyneIce Peppermint Gum4 ea,$4.29ea,,$1.07/ 1ea,False,378.0,
snacks,Mars,"Peanut Free Chocolate Candy Bar, 4 Full Size Bars","MarsPeanut Free Chocolate Candy Bar, 4 Full Size Bars208 g",$4.99ea,,$2.40/ 100g,False,379.0,
snacks,Betty Crocker,Dunkaroos Chocolate,Betty CrockerDunkaroos Chocolate168 g,$3.79ea,,$2.26/ 100g,False,380.0,
snacks,Mars,"Peanut Free Chocolate Candy Bites, Sharing Bag","MarsPeanut Free Chocolate Candy Bites, Sharing Bag193 g",$4.99ea,,$2.59/ 100g,False,381.0,
snacks,Quaker,Chewy Fruity Fun Value Pack,QuakerChewy Fruity Fun Value Pack960 g,$12.49ea,,$1.30/ 100g,False,382.0,
snacks,Nestle,KitKat Hazelnut Crunch Wafer Bar,NestleKitKat Hazelnut Crunch Wafer Bar120 g,$2.59ea,,$2.16/ 100g,False,383.0,
snacks,Jack Links,Bacon Jerky Hickory Smoked,Jack LinksBacon Jerky Hickory Smoked65 g,$5.99ea,,$9.22/ 100g,False,384.0,
snacks,Voortman,Cookies & Creme Crispi Bites,VoortmanCookies & Creme Crispi Bites207 g,$3.29ea,,$1.59/ 100g,False,385.0,
snacks,Lindt,Chocolate Milk,LindtChocolate Milk150 g,$8.99ea,,$5.99/ 100g,False,386.0,
snacks,No Name,Celebration Trail Mix,No NameCelebration Trail Mix1 kg,$10.49ea,,$1.05/ 100g,False,387.0,
snacks,Quaker,Chewy Apple Bar   ,QuakerChewy Apple Bar   120 g,$2.49ea,$1.79ea,$1.49/ 100g,True,388.0,saleEnds 03/15
snacks,President's Choice, Sea Salt Purple Kernel Corn Crisps,President's Choice Sea Salt Purple Kernel Corn Crisps110 g,$2.49ea,,$2.26/ 100g,False,389.0,
snacks,Mr. Cookies,Mr. Maple Cookies,Mr. CookiesMr. Maple Cookies325 g,$3.49ea,,$1.07/ 100g,False,390.0,
snacks,Voortman,"Turnover Cookie, Blueberry","VoortmanTurnover Cookie, Blueberry300 g",$4.29ea,,$1.43/ 100g,False,391.0,
snacks,Dare,Bear Paws Birthday Cake Cookies,DareBear Paws Birthday Cake Cookies168 g,$2.99ea,,$1.78/ 100g,False,392.0,
snacks,Pillsbury,Brownie      ,PillsburyBrownie      150 g,$2.99ea,,$1.99/ 100g,False,393.0,
snacks,Quaker,Crispy Minis White Cheddar Flavour Large Brown Rice Cakes,QuakerCrispy Minis White Cheddar Flavour Large Brown Rice Cakes140 g,$2.79ea,,$1.99/ 100g,False,394.0,
snacks,President's Choice,Loads of Birthday Cake White Chocolate Dessert Bar,President's ChoiceLoads of Birthday Cake White Chocolate Dessert Bar100 g,$2.99ea,,$2.99/ 100g,False,395.0,
snacks,Tic Tac,"Mints, Breath Freshener, Fresh Mint, 60 pills per pack, 3 Count Multipack","Tic TacMints, Breath Freshener, Fresh Mint, 60 pills per pack, 3 Count Multipack87 g",$3.69ea,,$4.24/ 100g,False,396.0,
snacks,Jell-O,"Refrigerated Gelatin Snacks, Blueberry (4 X 96G)","Jell-ORefrigerated Gelatin Snacks, Blueberry (4 X 96G)4x96.0 g",$3.99ea,,$1.04/ 100g,False,397.0,
snacks,Reese's,Puffs Peanut Butter & Cocoa Flavour Cereal Bars,Reese'sPuffs Peanut Butter & Cocoa Flavour Cereal Bars120 g,$2.99ea,,$2.49/ 100g,False,398.0,
snacks,Mr. Cookies,Mr. Chippy Chocolate Chip Cookies,Mr. CookiesMr. Chippy Chocolate Chip Cookies300 g,$3.49ea,,$1.16/ 100g,False,399.0,
snacks,No Name,Oatmeal Cookies,No NameOatmeal Cookies907 g,$3.50ea,$3.00ea,$0.33/ 100g,True,400.0,saleEnds 03/22
snacks,Dentyne,Ice Peppermint Gum,DentyneIce Peppermint Gum4 ea,$4.29ea,,$1.07/ 1ea,False,401.0,
snacks,Mars,"Peanut Free Chocolate Candy Bar, 4 Full Size Bars","MarsPeanut Free Chocolate Candy Bar, 4 Full Size Bars208 g",$4.99ea,,$2.40/ 100g,False,402.0,
snacks,Betty Crocker,Dunkaroos Chocolate,Betty CrockerDunkaroos Chocolate168 g,$3.79ea,,$2.26/ 100g,False,403.0,
snacks,Wrigley,"Spearmint Flavoured Mints, 1 Tin","WrigleySpearmint Flavoured Mints, 1 Tin34 g",$3.29ea,,$9.68/ 100g,False,404.0,
snacks,Mott's,"Fruitsations, Original Apple","Mott'sFruitsations, Original Apple104 ml",$2.99ea,,$2.88/ 100ml,False,405.0,
snacks,Lindt,GOLD BUNNY Milk Chocolate Easter Bunny,LindtGOLD BUNNY Milk Chocolate Easter Bunny100 g,$5.99ea,,$5.99/ 100g,False,406.0,
snacks,President's Choice,Caramel Syrup,President's ChoiceCaramel Syrup428 ml,$4.19ea,,$0.98/ 100ml,False,407.0,
snacks,Pringles,Scorchin' Potato Chips Bbq Flavour,PringlesScorchin' Potato Chips Bbq Flavour156 g,$2.99ea,,$1.92/ 100g,False,408.0,
snacks,Leclerc,Go Pure Oatmeal Bars Apple & Cinnamon,LeclercGo Pure Oatmeal Bars Apple & Cinnamon175 g,$3.29ea,$2.79ea,$1.59/ 100g,True,409.0,saleEnds 03/15
snacks,President's Choice,Apple Mango Sweet Potato Squeeze Fruit Snacks,President's ChoiceApple Mango Sweet Potato Squeeze Fruit Snacks4x90.0 g,$2.49ea,,$0.69/ 100g,False,410.0,
snacks,Haldiram,Indian Snacks Bhujia Sev,HaldiramIndian Snacks Bhujia Sev150 g,$1.99ea,,$1.33/ 100g,False,411.0,
snacks,Betty Crocker,Starburst,Betty CrockerStarburst128 g,$2.99ea,,$2.34/ 100g,False,412.0,
snacks,Orville,"Popcorn Bowl, Extra Butter","OrvillePopcorn Bowl, Extra Butter246 g",$3.99ea,$3.79ea,$1.54/ 100g,True,413.0,saleEnds 03/15
snacks,Quaker,Dipps Cookies and Cream Flavour Granola Bars,QuakerDipps Cookies and Cream Flavour Granola Bars150 g,$2.49ea,$1.79ea,$1.19/ 100g,True,414.0,saleEnds 03/15
snacks,Orville,"Popcorn, Select White","OrvillePopcorn, Select White6x86.0 g",$5.49ea,,$1.06/ 100g,False,415.0,
snacks,Jack Links,"Beef Jerky, Teriyaki","Jack LinksBeef Jerky, Teriyaki80 g",$5.99ea,,$7.49/ 100g,False,416.0,
snacks,SunRype,Chocolate Macaroon Bites,SunRypeChocolate Macaroon Bites150 g,$4.49ea,,$2.99/ 100g,False,417.0,
snacks,Kinder,Mini Eggs 182G,KinderMini Eggs 182G182 g,$4.99ea,,$2.74/ 100g,False,418.0,
snacks,Nature Valley,Crunchy Granola Bars Oats 'n' Honey,Nature ValleyCrunchy Granola Bars Oats 'n' Honey1.28 kg,$10.99ea,,$0.86/ 100ml,False,419.0,
snacks,Dare,Breton Original Bites,DareBreton Original Bites200 g,$2.49ea,,$1.25/ 100g,False,420.0,
snacks,No Name,Sour Cream & Onion Rings,No NameSour Cream & Onion Rings200 g,$2.29ea,,$1.15/ 100g,False,421.0,
snacks,Haldiram,Masala Chana     ,HaldiramMasala Chana     150 g,$1.99ea,,$1.33/ 100g,False,422.0,
snacks,Leclerc,Go Pure Soft Baked Chocolate Chip Oatmeal Bars,LeclercGo Pure Soft Baked Chocolate Chip Oatmeal Bars175 g,$2.99ea,$2.79ea,$1.59/ 100g,True,423.0,saleEnds 03/15
snacks,FERRERO ROCHER,"Fine Hazelnut Milk Chocolate, 3 Individually Wrapped Chocolates","FERRERO ROCHERFine Hazelnut Milk Chocolate, 3 Individually Wrapped Chocolates37.5 g",$1.79ea,,$4.77/ 100g,False,424.0,
snacks,President's Choice,Rosemary Crackers,President's ChoiceRosemary Crackers185 g,$3.49ea,,$1.89/ 100g,False,425.0,
snacks,Kinder,"Bueno Chocolate and Hazelnut Cream Candy Bars, 2 Individually Wrapped Bars Per Pack","KinderBueno Chocolate and Hazelnut Cream Candy Bars, 2 Individually Wrapped Bars Per Pack43 g",$1.49ea,,$3.47/ 100g,False,426.0,
snacks,M&M's,"Peanut Butter Milk Chocolate Candies, Sharing Bag","M&M'sPeanut Butter Milk Chocolate Candies, Sharing Bag115 g",$3.29ea,,$2.86/ 100g,False,427.0,
snacks,Grace,Green Banana Chips,GraceGreen Banana Chips85 g,$1.19ea,,$1.40/ 100g,False,428.0,
snacks,Snackpack,"Snack Pack, Pudding, Vanilla","SnackpackSnack Pack, Pudding, Vanilla4x99.0 g",$1.99ea,,$0.50/ 100g,False,429.0,
snacks,M&M's,"Peanut Milk Chocolate Candies, Sharing Bag","M&M'sPeanut Milk Chocolate Candies, Sharing Bag120 g",$3.29ea,,$2.74/ 100g,False,430.0,
snacks,Lindt,"LINDOR Milk Chocolate Truffles, Count of 3 Box","LindtLINDOR Milk Chocolate Truffles, Count of 3 Box36 g",$1.79ea,,$4.97/ 100g,False,431.0,
snacks,Christie,Crispers Barbecue Crackers,ChristieCrispers Barbecue Crackers145 g,$2.59ea,,$1.79/ 100g,False,432.0,
snacks,No Name,Ice Cream Cones,No NameIce Cream Cones1 ea,$2.00ea,,$2.67/ 100g,False,433.0,
snacks,Snackpack,"Snack Pack, Pudding, Chocolate","SnackpackSnack Pack, Pudding, Chocolate4x99.0 g",$1.99ea,,$0.50/ 100g,False,434.0,
snacks,Orville,"Popcorn, Extra Buttery","OrvillePopcorn, Extra Buttery10x82.0 g",$8.99ea,,$1.10/ 100g,False,435.0,
snacks,Hershey's,Cookies 'N' Crème Egg,Hershey'sCookies 'N' Crème Egg34 g,$1.49ea,,$4.38/ 100g,False,436.0,
snacks,Dole, Mandarins In Orange Gel,Dole Mandarins In Orange Gel492 g,$4.29ea,$3.29ea,$0.67/ 100g,True,437.0,saleEnds 04/05
snacks,Kinder,Maxi Plush,KinderMaxi Plush116 g,$12.99ea,,$11.20/ 100g,False,438.0,
snacks,Dare,Breton Original Bites,DareBreton Original Bites200 g,$2.49ea,,$1.25/ 100g,False,439.0,
snacks,No Name,Sour Cream & Onion Rings,No NameSour Cream & Onion Rings200 g,$2.29ea,,$1.15/ 100g,False,440.0,
snacks,President's Choice,Apple Mango Sweet Potato Squeeze Fruit Snacks,President's ChoiceApple Mango Sweet Potato Squeeze Fruit Snacks4x90.0 g,$2.49ea,,$0.69/ 100g,False,441.0,
snacks,Pringles,Scorchin' Potato Chips Bbq Flavour,PringlesScorchin' Potato Chips Bbq Flavour156 g,$2.99ea,,$1.92/ 100g,False,442.0,
snacks,Betty Crocker,Starburst,Betty CrockerStarburst128 g,$2.99ea,,$2.34/ 100g,False,443.0,
snacks,Leclerc,Go Pure Oatmeal Bars Apple & Cinnamon,LeclercGo Pure Oatmeal Bars Apple & Cinnamon175 g,$3.29ea,$2.79ea,$1.59/ 100g,True,444.0,saleEnds 03/15
snacks,Lindt,"LINDOR Milk Chocolate Truffles, Count of 3 Box","LindtLINDOR Milk Chocolate Truffles, Count of 3 Box36 g",$1.79ea,,$4.97/ 100g,False,445.0,
snacks,S&F,Cream Crackers,S&FCream Crackers200 g,$1.99ea,,$1.00/ 100g,False,446.0,
snacks,Wrigley,"Bubblemint Flavoured Sugar Free Chewing Gum, 60 Pieces, 1 Bottle","WrigleyBubblemint Flavoured Sugar Free Chewing Gum, 60 Pieces, 1 Bottle83 g",$4.79ea,,$5.77/ 100g,False,447.0,
snacks,M&M's,"Peanut Butter Milk Chocolate Candies, Sharing Bag","M&M'sPeanut Butter Milk Chocolate Candies, Sharing Bag115 g",$3.29ea,,$2.86/ 100g,False,448.0,
snacks,Grace,Green Banana Chips,GraceGreen Banana Chips85 g,$1.19ea,,$1.40/ 100g,False,449.0,
snacks,Wrigley,"Spearmint Flavoured Mints, 1 Tin","WrigleySpearmint Flavoured Mints, 1 Tin34 g",$3.29ea,,$9.68/ 100g,False,450.0,
snacks,Mott's,"Fruitsations, Original Apple","Mott'sFruitsations, Original Apple104 ml",$2.99ea,,$2.88/ 100ml,False,451.0,
snacks,Nestle,Kit Kat Milk Chocolate Easter Bunny,NestleKit Kat Milk Chocolate Easter Bunny85 g,$5.99ea,,$7.05/ 100g,False,452.0,
snacks,Nestle,Assorted Hide Me Eggs Pouch,NestleAssorted Hide Me Eggs Pouch300 g,$10.49ea,,$3.50/ 100g,False,453.0,
snacks,Pepperidge Farm,Goldfish  Flavour Blasted  Screamin' Salt & Vinegar,Pepperidge FarmGoldfish  Flavour Blasted  Screamin' Salt & Vinegar180 g,$2.99ea,,$1.66/ 100g,False,454.0,
snacks,M&M's,"Mini Milk Chocolate Candies, Sharing Bag","M&M'sMini Milk Chocolate Candies, Sharing Bag120 g",$3.29ea,,$2.74/ 100g,False,455.0,
snacks,SunRype,Chocolate Macaroon Bites,SunRypeChocolate Macaroon Bites150 g,$4.49ea,,$2.99/ 100g,False,456.0,
snacks,Kinder,Mini Eggs 182G,KinderMini Eggs 182G182 g,$4.99ea,,$2.74/ 100g,False,457.0,
snacks,Nature Valley,Crunchy Granola Bars Oats 'n' Honey,Nature ValleyCrunchy Granola Bars Oats 'n' Honey1.28 kg,$10.99ea,,$0.86/ 100ml,False,458.0,
snacks,Haldiram,Indian Snacks Bhujia Sev,HaldiramIndian Snacks Bhujia Sev150 g,$1.99ea,,$1.33/ 100g,False,459.0,
snacks,Orville,"Popcorn Bowl, Extra Butter","OrvillePopcorn Bowl, Extra Butter246 g",$3.99ea,$3.79ea,$1.54/ 100g,True,460.0,saleEnds 03/15
snacks,Quaker,Dipps Cookies and Cream Flavour Granola Bars,QuakerDipps Cookies and Cream Flavour Granola Bars150 g,$2.49ea,$1.79ea,$1.19/ 100g,True,461.0,saleEnds 03/15
snacks,Orville,"Popcorn, Select White","OrvillePopcorn, Select White6x86.0 g",$5.49ea,,$1.06/ 100g,False,462.0,
snacks,No Name,Salted Tops Soda Crackers,No NameSalted Tops Soda Crackers907 g,$4.99ea,,$0.55/ 100g,False,463.0,
snacks,Jack Links,"Beef Jerky, Teriyaki","Jack LinksBeef Jerky, Teriyaki80 g",$5.99ea,,$7.49/ 100g,False,464.0,
snacks,Oh Henry!, Snack Sized Candy Bars,Oh Henry! Snack Sized Candy Bars120 g,$2.49ea,,$2.08/ 100g,False,465.0,
snacks,Snickers,"Peanut Milk Chocolate Candy Bars, 4 Full Size Bars","SnickersPeanut Milk Chocolate Candy Bars, 4 Full Size Bars208 g",$4.99ea,,$2.40/ 100g,False,466.0,
snacks,President's Choice,Dipped & Chewy Chocolate Chip Granola Bars,President's ChoiceDipped & Chewy Chocolate Chip Granola Bars558 g,$5.99ea,,$1.07/ 100g,False,467.0,
snacks,Skittles,Berry,SkittlesBerry191 g,$3.49ea,,$1.83/ 100g,False,468.0,
snacks,Mentos,Mint,MentosMint4x37.0 g,$3.59ea,,$2.43/ 100g,False,469.0,
snacks,Betty Crocker,Fruit Gushers Gushin' Grape & Tropical Flavours,Betty CrockerFruit Gushers Gushin' Grape & Tropical Flavours138 g,$2.99ea,,$2.17/ 100g,False,470.0,
snacks,Betty Crocker,Kids Fruit Snacks,Betty CrockerKids Fruit Snacks226 g,$2.99ea,,$1.32/ 100g,False,471.0,
snacks,President's Choice,The Decadent Chocolate Chunk Cookies,President's ChoiceThe Decadent Chocolate Chunk Cookies500 g,$5.99ea,,$1.20/ 100g,False,472.0,
snacks,Cadbury,Dairy Milk Fruit And Nut Chocolate Bar,CadburyDairy Milk Fruit And Nut Chocolate Bar100 g,$2.49ea,,$2.49/ 100g,False,473.0,
snacks,Betty Crocker,Fruit Gushers Family Pack,Betty CrockerFruit Gushers Family Pack368 g,$5.99ea,,$1.63/ 100g,False,474.0,
snacks,No Name,Dark Chocolate Bar,No NameDark Chocolate Bar100 g,$1.00ea,,$1.00/ 100g,False,475.0,
snacks,Leclerc,Go Pure Fruit & Oat Bars Orchard Fruit,LeclercGo Pure Fruit & Oat Bars Orchard Fruit5x140.0 g,$3.29ea,$2.79ea,$0.40/ 100g,True,476.0,saleEnds 03/15
snacks,President's Choice,The Decadent Chocolate Chip Cookie ,President's ChoiceThe Decadent Chocolate Chip Cookie 500 g,$5.99ea,,$1.20/ 100g,False,477.0,
snacks,Skittles,Sour,SkittlesSour151 g,$3.49ea,,$2.31/ 100g,False,478.0,
snacks,Quaker,Crispy Minis Ketchup flavour brown rice chips,QuakerCrispy Minis Ketchup flavour brown rice chips100 g,$2.79ea,,$2.79/ 100g,False,479.0,
snacks,Dare,Whippet Original Cookies,DareWhippet Original Cookies250 g,$2.99ea,,$1.20/ 100g,False,480.0,
snacks,Dare,Bear Paws Veggies + Fruits Oatmeal Cookies,DareBear Paws Veggies + Fruits Oatmeal Cookies168 g,$2.99ea,,$1.78/ 100g,False,481.0,
snacks,Nature Valley,Protein - Peanut Almond & Dark Chocolate Flavour,Nature ValleyProtein - Peanut Almond & Dark Chocolate Flavour148 g,$3.49ea,,$2.36/ 100g,False,482.0,
snacks,Que Pasa,Red Corn Tortilla Chips,Que PasaRed Corn Tortilla Chips300 g,$4.99ea,,$1.66/ 100g,False,483.0,
snacks,Voortman,Oatmeal Raisin Cookies,VoortmanOatmeal Raisin Cookies350 g,$3.29ea,,$0.94/ 100g,False,484.0,
snacks,President's Choice,Mixed Nuts with Sea Salt,President's ChoiceMixed Nuts with Sea Salt200 g,$5.99ea,,$3.00/ 100g,False,485.0,
snacks,President's Choice,Sweet and Salty Almond Nut Bars Club Size,President's ChoiceSweet and Salty Almond Nut Bars Club Size630 g,$5.99ea,,$0.95/ 100g,False,486.0,
snacks,Fibre 1,"Cinnamon Roll, Soft Baked Snack","Fibre 1Cinnamon Roll, Soft Baked Snack125 g",$3.49ea,,$2.79/ 100g,False,487.0,
snacks,Haldiram,Indian Sweets Soan Papdi,HaldiramIndian Sweets Soan Papdi250 g,$3.49ea,,$1.40/ 100g,False,488.0,
snacks,Kelloggs,"Special K Fruit Crisps, Blueberry Flavour 10 Bars","KelloggsSpecial K Fruit Crisps, Blueberry Flavour 10 Bars125 g",$3.49ea,,$2.79/ 100g,False,489.0,
snacks,Carnaby Sweet,Strawberry Puffs ,Carnaby SweetStrawberry Puffs 125 g,$1.00ea,,$0.80/ 100g,False,490.0,
snacks,Doritos,Spicy Nacho flavoured tortilla chips,DoritosSpicy Nacho flavoured tortilla chips235 g,$4.29ea,,$1.83/ 100g,False,491.0,
snacks,Excel,"Bubblemint Flavoured Sugar Free Chewing Gum, 18 Pieces, 3 Packs","ExcelBubblemint Flavoured Sugar Free Chewing Gum, 18 Pieces, 3 Packs77 g",$4.29ea,,$5.57/ 100g,False,492.0,
snacks,Jell-O,Rich Milk Chocolate No Sugar Added Ready-to-Eat Refrigerated Pudding Cups Snack,Jell-ORich Milk Chocolate No Sugar Added Ready-to-Eat Refrigerated Pudding Cups Snack4x106.0 g,$3.99ea,,$0.94/ 100g,False,493.0,
snacks,President's Choice,Loads of Fruit and Nuts Milk Chocolate Dessert Bar,President's ChoiceLoads of Fruit and Nuts Milk Chocolate Dessert Bar100 g,$2.99ea,,$2.99/ 100g,False,494.0,
snacks,Quaker,Crispy Minis Butter Popcorn flavour brown rice chips,QuakerCrispy Minis Butter Popcorn flavour brown rice chips100 g,$2.79ea,,$2.79/ 100g,False,495.0,
snacks,Voortman,Strawberry & Creme Crispi Bites,VoortmanStrawberry & Creme Crispi Bites207 g,$3.29ea,,$1.59/ 100g,False,496.0,
snacks,Quaker,Chewy Granola Bars - S'mores,QuakerChewy Granola Bars - S'mores120 g,$2.49ea,$1.79ea,$1.49/ 100g,True,497.0,saleEnds 03/15
snacks,Loacker,"Wafer, Hazelnut","LoackerWafer, Hazelnut175 g",$3.79ea,,$2.17/ 100g,False,498.0,
snacks,Leclerc,Célébration Butter Cookies Chocolate Chip ,LeclercCélébration Butter Cookies Chocolate Chip 240 g,$2.99ea,,$1.25/ 100g,False,499.0,
snacks,Sunmaid,Fruity Raisin Snacks Sour Watermelon,SunmaidFruity Raisin Snacks Sour Watermelon7x20.0 g,$4.29ea,,$3.06/ 100g,False,500.0,
snacks,Nestle,Kitkat Gooey Salted Caramel Bar,NestleKitkat Gooey Salted Caramel Bar112 g,$2.59ea,,$2.31/ 100g,False,501.0,
snacks,Kettle,Krinkle Cut Potato Chips Salt & Fresh Ground Pepper,KettleKrinkle Cut Potato Chips Salt & Fresh Ground Pepper198 g,$4.49ea,,$2.27/ 100g,False,502.0,
snacks,Jack Links,Steak Strips,Jack LinksSteak Strips74 g,$6.99ea,,$9.45/ 100g,False,503.0,
snacks,Werther's,Original Creamy Caramel Filled Hard Candy,Werther'sOriginal Creamy Caramel Filled Hard Candy135 g,$2.79ea,,$2.07/ 100g,False,504.0,
snacks,Carnaby Sweet,Mixed Berries,Carnaby SweetMixed Berries500 g,$3.99ea,,$0.80/ 100g,False,505.0,
snacks,Quaker,Chewy Granola Cereal Or Fruit Bars Strawberry Fruit Crumble,QuakerChewy Granola Cereal Or Fruit Bars Strawberry Fruit Crumble120 g,$2.49ea,$1.79ea,$1.49/ 100g,True,506.0,saleEnds 03/15
snacks,Kelloggs,"Special K Fruit Crisps, Strawberry Flavour, 10 Bars","KelloggsSpecial K Fruit Crisps, Strawberry Flavour, 10 Bars125 g",$3.49ea,,$2.79/ 100g,False,507.0,
snacks,Haldiram,Indian Snacks Pani Puri Water Balls,HaldiramIndian Snacks Pani Puri Water Balls275 g,$6.49ea,,$2.36/ 100g,False,508.0,
snacks,President's Choice,The World's Best Shortbread Cookies,President's ChoiceThe World's Best Shortbread Cookies200 g,$4.99ea,,$2.50/ 100g,False,509.0,
snacks,Nature Valley,"Crunchy Granola Bars, Roasted Almond","Nature ValleyCrunchy Granola Bars, Roasted Almond230 g",$2.99ea,,$1.30/ 100g,False,510.0,
snacks,Freeyumm,Cheezy Cracker Bites,FreeyummCheezy Cracker Bites120 g,$5.49ea,,$4.58/ 100g,False,511.0,
snacks,Twizzler,Strawberry Twists Candy,TwizzlerStrawberry Twists Candy454 g,$4.49ea,,$0.99/ 100g,False,512.0,
snacks,Leclerc,Go Pure Oatmeal Bars Brown Sugar & Maple,LeclercGo Pure Oatmeal Bars Brown Sugar & Maple5x175.0 g,$2.79ea,,$0.32/ 100g,False,513.0,
snacks,Nestle,KitKat Snack Size,NestleKitKat Snack Size112 g,$2.59ea,,$2.31/ 100g,False,514.0,
snacks,Kinder,"Surprise Chocolate Eggs with Toys, Pink Edition, 3 Pack","KinderSurprise Chocolate Eggs with Toys, Pink Edition, 3 Pack60 g",$3.49ea,,$5.82/ 100g,False,515.0,
snacks,Excel,"Bubblemint Flavoured Sugar Free Chewing Gum, 18 Pieces, 3 Packs","ExcelBubblemint Flavoured Sugar Free Chewing Gum, 18 Pieces, 3 Packs77 g",$4.29ea,,$5.57/ 100g,False,516.0,
snacks,Wrigley,"Fresh Mint Flavoured Mints, 4 Packs","WrigleyFresh Mint Flavoured Mints, 4 Packs4 ea",$4.79ea,,$1.20/ 1ea,False,517.0,
snacks,Doritos,Sweet Chili Heat! flavoured tortilla chips,DoritosSweet Chili Heat! flavoured tortilla chips235 g,$4.29ea,,$1.83/ 100g,False,518.0,
snacks,TRIDENT,Splash Strawberry Kiwi,TRIDENTSplash Strawberry Kiwi3 pack,$4.29ea,,$1.43/ 1pk,False,519.0,
snacks,Starburst,Gummies Original     ,StarburstGummies Original     164 g,$3.49ea,,$2.13/ 100g,False,520.0,
snacks,Kuehne,Sauerkraut,KuehneSauerkraut796 ml,$4.99ea,,$0.63/ 100ml,False,521.0,
snacks,Dare,Ultimate Maple Crème Cookies,DareUltimate Maple Crème Cookies300 g,$2.99ea,,$1.00/ 100g,False,522.0,
snacks,Blue Diamond,"Almonds, Smokehouse","Blue DiamondAlmonds, Smokehouse170 g",$6.49ea,,$3.82/ 100g,False,523.0,
snacks,Werther's,Original Caramel Hard Candy,Werther'sOriginal Caramel Hard Candy135 g,$2.79ea,,$2.07/ 100g,False,524.0,
snacks,Nature Valley,Lunchbox Caramel Chocolate Granola Bar,Nature ValleyLunchbox Caramel Chocolate Granola Bar130 g,$2.99ea,,$2.30/ 100g,False,525.0,
snacks,Lotus,Biscoff Biscuit,LotusBiscoff Biscuit250 g,$3.99ea,,$1.60/ 100g,False,526.0,
snacks,President's Choice,Raisins Almonds Cashews Cranberries Trail Mix,President's ChoiceRaisins Almonds Cashews Cranberries Trail Mix700 g,$13.99ea,,$2.00/ 100g,False,527.0,
snacks,Kozy Shack,Rice Pudding Tubs,Kozy ShackRice Pudding Tubs624 g,$4.00ea,,$0.64/ 100g,False,528.0,
snacks,President's Choice,Creme Filled Salted Caramel Sandwich Cookies,President's ChoiceCreme Filled Salted Caramel Sandwich Cookies300 g,$3.99ea,,$1.33/ 100g,False,529.0,
snacks,Skittles,"Wild Berry Gummy Candy, Bag","SkittlesWild Berry Gummy Candy, Bag165 g",$3.49ea,,$2.12/ 100g,False,530.0,
snacks,Mott's,Fruitsations + Veggie Assorted Fruit,Mott'sFruitsations + Veggie Assorted Fruit226 g,$2.99ea,,$1.32/ 100g,False,531.0,
snacks,Quaker,Crispy Minis Original Large Brown Rice Cakes,QuakerCrispy Minis Original Large Brown Rice Cakes127 g,$2.79ea,,$2.20/ 100g,False,532.0,
snacks,No Name,Original Trail Mix,No NameOriginal Trail Mix1 kg,$10.49ea,,$1.05/ 100g,False,533.0,
snacks,Maynards,Swedish Berries Tropical Soft Candy,MaynardsSwedish Berries Tropical Soft Candy185 g,$2.49ea,,$1.35/ 100g,False,534.0,
snacks,No Name,Spicy Barbecue Potato Chips ,No NameSpicy Barbecue Potato Chips 200 g,$1.49ea,,$0.75/ 100g,False,535.0,
snacks,No Name,All Dressed Potato Chips,No NameAll Dressed Potato Chips200 g,$1.49ea,,$0.75/ 100g,False,536.0,
snacks,President's Choice,Sea Salt Garden Stix,President's ChoiceSea Salt Garden Stix142 g,$2.59ea,,$1.82/ 100g,False,537.0,
snacks,Ruffles,Sour Cream 'n Onion Flavoured Potato Chips,RufflesSour Cream 'n Onion Flavoured Potato Chips200 g,$4.49ea,$3.99ea,$2.00/ 100g,True,538.0,saleEnds 03/22
snacks,Tostitos,Multigrain Rounds Tortilla Chips 270g,TostitosMultigrain Rounds Tortilla Chips 270g270 g,$3.99ea,,$1.48/ 100g,False,539.0,
snacks,No Name,Cheese Flavoured Crunchy Snacks,No NameCheese Flavoured Crunchy Snacks200 g,$2.29ea,,$1.15/ 100g,False,540.0,
snacks,Lay's,Cucumber Flavoured Potato Chips,Lay'sCucumber Flavoured Potato Chips165 g,$3.29ea,$2.49ea,$1.51/ 100g,True,541.0,saleEnds 03/15
snacks,Christie,Ritz Peanut Butter Crackers,ChristieRitz Peanut Butter Crackers180 g,$2.49ea,,$1.38/ 100g,False,542.0,
snacks,Christie,Triscuit Cracked Pepper And Olive Oil Crackers,ChristieTriscuit Cracked Pepper And Olive Oil Crackers200 g,$2.49ea,,$1.25/ 100g,False,543.0,
snacks,Charras,Corn Tostadas Original Flavor With Sea Salt,CharrasCorn Tostadas Original Flavor With Sea Salt350 g,$3.29ea,,$0.94/ 100g,False,544.0,
snacks,Christie,Triscuit Thin Crisps Parmesan Garlic Crackers,ChristieTriscuit Thin Crisps Parmesan Garlic Crackers200 g,$2.49ea,,$1.25/ 100g,False,545.0,
snacks,Ritz,Mini Cheese Crackers,RitzMini Cheese Crackers6x30.0 g,$2.99ea,,$1.66/ 100g,False,546.0,
snacks,Christie,Ritz Original Crackers,ChristieRitz Original Crackers200 g,$2.49ea,,$1.25/ 100g,False,547.0,
snacks,Pepperidge Farm,Mega Bites Sharp Cheddar,Pepperidge FarmMega Bites Sharp Cheddar167 g,$2.99ea,,$1.79/ 100g,False,548.0,
snacks,Nestle,KitKat Chunky Milk Chocolate Wafer Bar,NestleKitKat Chunky Milk Chocolate Wafer Bar49 g,$0.89ea,,$1.82/ 100g,False,549.0,
snacks,Carnaby Sweet,Real Milk Chocolate Solid Eggs,Carnaby SweetReal Milk Chocolate Solid Eggs150 g,$2.49ea,,$1.66/ 100g,False,550.0,
snacks,President's Choice,Candy Coated Milk Chocolate Eggs,President's ChoiceCandy Coated Milk Chocolate Eggs200 g,$3.99ea,,$2.00/ 100g,False,551.0,
snacks,PopCorners,White Cheddar Flavoured Popped-Corn Chips,PopCornersWhite Cheddar Flavoured Popped-Corn Chips142 g,$5.49ea,,$3.87/ 100g,False,552.0,
snacks,Leclerc,Celebration 45% Chocolate Butter Cake,LeclercCelebration 45% Chocolate Butter Cake240 g,$2.99ea,,$1.25/ 100g,False,553.0,
snacks,PopCorners,Spicy Cheddar Flavoured Popped-Corn Chips 142g,PopCornersSpicy Cheddar Flavoured Popped-Corn Chips 142g142 g,$5.49ea,,$3.87/ 100g,False,554.0,
snacks,Lay's,Salt & Vinegar flavoured potato chips,Lay'sSalt & Vinegar flavoured potato chips235 g,$3.99ea,,$1.70/ 100g,False,555.0,
snacks,Lindt,EXCELLENCE 85% Cacao Dark Chocolate Bar,LindtEXCELLENCE 85% Cacao Dark Chocolate Bar100 g,$4.49ea,,$4.49/ 100g,False,556.0,
snacks,Nature Valley,Sweet & Salty Dark Chocolate Nut Chewy Granola Bars,Nature ValleySweet & Salty Dark Chocolate Nut Chewy Granola Bars210 g,$3.49ea,,$1.66/ 100g,False,557.0,
snacks,Oreo,Oreo Chocolate Sandwich Cookies Double Stuf,OreoOreo Chocolate Sandwich Cookies Double Stuf261 g,$2.49ea,,$0.95/ 100g,False,558.0,
snacks,Dare,Vinta Original Crackers,DareVinta Original Crackers225 g,$3.29ea,,$1.46/ 100g,False,559.0,
snacks,Lay's,Dill Pickle flavoured potato chips,Lay'sDill Pickle flavoured potato chips235 g,$3.99ea,,$1.70/ 100g,False,560.0,
snacks,Lay's,Bar-B-Q flavoured potato chips,Lay'sBar-B-Q flavoured potato chips235 g,$3.99ea,,$1.70/ 100g,False,561.0,
snacks,Peek Freans,Fruit Creme Biscuits,Peek FreansFruit Creme Biscuits300 g,$4.29ea,,$1.43/ 100g,False,562.0,
snacks,Lay's,Old Fashioned Bar-B-Q flavoured potato chips,Lay'sOld Fashioned Bar-B-Q flavoured potato chips235 g,$3.99ea,,$1.70/ 100g,False,563.0,
snacks,Christie,Oreo Snak Pak Cookies,ChristieOreo Snak Pak Cookies180 g,$3.29ea,,$1.83/ 100g,False,564.0,
snacks,Kelloggs,Special K Nourish Dark Chocolate Chunks & Almonds Bar,KelloggsSpecial K Nourish Dark Chocolate Chunks & Almonds Bar165 g,$4.29ea,,$2.60/ 100g,False,565.0,
snacks,Kelloggs,"Nutri-Grain Cereal Bars, Raspberry 8 Bars","KelloggsNutri-Grain Cereal Bars, Raspberry 8 Bars295 g",$3.49ea,,$1.18/ 100g,False,566.0,
snacks,Carnaby Sweet,Mixed Gummies,Carnaby SweetMixed Gummies500 g,$3.99ea,,$0.80/ 100g,False,567.0,
snacks,Nestle,Kit Kat Classic Wafer Bar,NestleKit Kat Classic Wafer Bar120 g,$2.59ea,,$2.16/ 100g,False,568.0,
snacks,Nature Valley,Sweet & Salty - Peanut,Nature ValleySweet & Salty - Peanut980 g,$10.99ea,,$1.12/ 100g,False,569.0,
snacks,President's Choice,Rich & Chewy Chocolate Chip Granola Bars,President's ChoiceRich & Chewy Chocolate Chip Granola Bars156 g,$2.29ea,,$1.47/ 100g,False,570.0,
snacks,Voortman,"Oatmeal Cookies, No Sugar Added","VoortmanOatmeal Cookies, No Sugar Added225 g",$3.29ea,,$1.46/ 100g,False,571.0,
snacks,Maynards,Fuzzy Peach Peach Soft Candy,MaynardsFuzzy Peach Peach Soft Candy185 g,$2.49ea,,$1.35/ 100g,False,572.0,
snacks,Dare,Bear Paws Brownie Cookies,DareBear Paws Brownie Cookies240 g,$2.99ea,,$1.25/ 100g,False,573.0,
snacks,Jell-O,"Refrigerated Gelatin Snacks, Strawberry (4 X 89G)","Jell-ORefrigerated Gelatin Snacks, Strawberry (4 X 89G)4x89.0 g",$3.99ea,,$1.12/ 100g,False,574.0,
snacks,Nutella,"B-ready, Crunchy wafer filled with delicious Nutella, 6 bars per pack, ","NutellaB-ready, Crunchy wafer filled with delicious Nutella, 6 bars per pack, 132 g",$4.49ea,,$3.40/ 100g,False,575.0,
snacks,Wrigley,"Peppermint Flavoured , 15 Sticks, 3 Packs","WrigleyPeppermint Flavoured , 15 Sticks, 3 Packs45 ea",$4.79ea,,$0.11/ 1ea,False,576.0,
snacks,JUICY FRUIT,"Fruit Flavoured Chewing Gum, 18 Pieces, 3 Packs","JUICY FRUITFruit Flavoured Chewing Gum, 18 Pieces, 3 Packs77 g",$4.29ea,,$5.57/ 100g,False,577.0,
snacks,M&M's,"Caramel Milk Chocolate Candies, Sharing Bag","M&M'sCaramel Milk Chocolate Candies, Sharing Bag185 g",$4.99ea,,$2.70/ 100g,False,578.0,
snacks,Voortman,Lemon Wafers,VoortmanLemon Wafers300 g,$3.29ea,,$1.10/ 100g,False,579.0,
snacks,Mars,"Peanut Free Chocolate Candy Bar, 10 Fun Size Bars","MarsPeanut Free Chocolate Candy Bar, 10 Fun Size Bars130 g",$2.59ea,,$1.99/ 100g,False,580.0,
snacks,Kinder,"Surprise Chocolate Eggs with Toys, Classic Edition, 3 Pack","KinderSurprise Chocolate Eggs with Toys, Classic Edition, 3 Pack60 g",$3.75ea,$3.49ea,$5.82/ 100g,True,581.0,saleEnds 03/15
snacks,Haldiram,Indian Snacks Khatta Meetha Sour & Sweet Mix,HaldiramIndian Snacks Khatta Meetha Sour & Sweet Mix150 g,$1.99ea,,$1.33/ 100g,False,582.0,
snacks,Nature Valley,Trail Mix Dark Chocolate Chewy Granola Bars,Nature ValleyTrail Mix Dark Chocolate Chewy Granola Bars175 g,$2.99ea,,$1.71/ 100g,False,583.0,
snacks,Reese's,Peanut Butter Bar,Reese'sPeanut Butter Bar120 g,$2.59ea,,$2.16/ 100g,False,584.0,
snacks,Betty Crocker,Fruit By The Foot Strawberry and Berry Tie Dye Family Pack ,Betty CrockerFruit By The Foot Strawberry and Berry Tie Dye Family Pack 340 g,$6.49ea,$5.99ea,$1.76/ 100g,True,585.0,saleEnds 03/15
snacks,Nestle,Caramel Crisp Wafer Bar,NestleCaramel Crisp Wafer Bar120 g,$2.59ea,,$2.16/ 100g,False,586.0,
snacks,Kozy Shack,Rice Pudding Cups No Sugar Added,Kozy ShackRice Pudding Cups No Sugar Added4x113.0 g,$4.00ea,,$0.88/ 100g,False,587.0,
snacks,Christie,Oreo Chocolate Peanut Butter Pie Cookies,ChristieOreo Chocolate Peanut Butter Pie Cookies482 g,$4.99ea,,$1.04/ 100g,False,588.0,
snacks,Quaker,Crispy Minis BBQ flavour brown rice chips,QuakerCrispy Minis BBQ flavour brown rice chips100 g,$2.79ea,,$2.79/ 100g,False,589.0,
snacks,Cadbury,Dairy Milk Hazelnut Chocolate Bar,CadburyDairy Milk Hazelnut Chocolate Bar100 g,$2.49ea,,$2.49/ 100g,False,590.0,
snacks,Milano,Giant Lady Finger Bis   ,MilanoGiant Lady Finger Bis   150 g,$1.29ea,,$0.86/ 100g,False,591.0,
snacks,Voortman,"Cookies, Bakery Wafers Chocolate & Raspberry","VoortmanCookies, Bakery Wafers Chocolate & Raspberry300 g",$3.29ea,,$1.10/ 100g,False,592.0,
snacks,Tim Hortons,Boston Cream Granola Bar,Tim HortonsBoston Cream Granola Bar150 g,$2.99ea,,$1.99/ 100g,False,593.0,
snacks,Haldiram,Moong Dal,HaldiramMoong Dal150 g,$1.99ea,,$1.33/ 100g,False,594.0,
snacks,Voortman,"Wafers, Strawberry","VoortmanWafers, Strawberry300 g",$3.29ea,,$1.10/ 100g,False,595.0,
snacks,President's Choice,Dark Chocolate Bar With Almonds,President's ChoiceDark Chocolate Bar With Almonds300 g,$5.00ea,,$1.67/ 100g,False,596.0,
snacks,Tic Tac,"Mints, Breath Freshener, Orange, 60 pills per pack, 3 Count Multipack","Tic TacMints, Breath Freshener, Orange, 60 pills per pack, 3 Count Multipack87 g",$3.69ea,,$4.24/ 100g,False,597.0,
snacks,Voortman,"Wafers, Vanilla No Sugar Added","VoortmanWafers, Vanilla No Sugar Added250 g",$3.29ea,,$1.32/ 100g,False,598.0,
snacks,President's Choice,Mint Slamscuits,President's ChoiceMint Slamscuits240 g,$3.99ea,,$1.66/ 100g,False,599.0,
snacks,Dare,Bear Paws Sandwich Cookies Vanilla,DareBear Paws Sandwich Cookies Vanilla168 g,$2.99ea,,$1.78/ 100g,False,600.0,
snacks,JOLLY RANCHER,Assorted,JOLLY RANCHERAssorted198 g,$3.29ea,,$1.66/ 100g,False,601.0,
snacks,Carnaby Sweet,Sour Gummy Rings,Carnaby SweetSour Gummy Rings125 g,$1.00ea,,$0.80/ 100g,False,602.0,
snacks,Kelloggs,"Nutri-Grain Cereal Bars, Apple Cinnamon 8 Bars","KelloggsNutri-Grain Cereal Bars, Apple Cinnamon 8 Bars295 g",$3.49ea,,$1.18/ 100g,False,603.0,
snacks,Mr. Cookies,Mr Mini Cookies,Mr. CookiesMr Mini Cookies150 g,$2.29ea,,$1.53/ 100g,False,604.0,
snacks,LIFESAVERS,Mints Wint-O-Green      ,LIFESAVERSMints Wint-O-Green      150 g,$3.29ea,,$2.19/ 100g,False,605.0,
snacks,Kelloggs,Homestyle Rice Krispies Squares Original,KelloggsHomestyle Rice Krispies Squares Original198 g,$3.49ea,,$1.76/ 100g,False,606.0,
snacks,Dare,Gummies Medley,DareGummies Medley180 g,$3.19ea,,$1.77/ 100g,False,607.0,
snacks,Quaker,Chewy Granola Bars - Chocolatey Chip,QuakerChewy Granola Bars - Chocolatey Chip120 g,$2.49ea,$1.79ea,$1.49/ 100g,True,608.0,saleEnds 03/15
snacks,Betty Crocker,Fruit By The Foot Variety Pack,Betty CrockerFruit By The Foot Variety Pack128 g,$2.99ea,,$2.34/ 100g,False,609.0,
snacks,Excel,"Peppermint Flavoured Sugar Free Chewing Gum, 18 Pieces, 3 Packs","ExcelPeppermint Flavoured Sugar Free Chewing Gum, 18 Pieces, 3 Packs77 g",$4.29ea,,$5.57/ 100g,False,610.0,
snacks,No Name,Honey Graham Wafers,No NameHoney Graham Wafers400 g,$4.00ea,,$1.00/ 100g,False,611.0,
snacks,No Name,Chocolately Chip Cookies,No NameChocolately Chip Cookies907 g,$3.00ea,,$0.33/ 100g,False,612.0,
snacks,Reese's,Candy Peanut Butter Cups,Reese'sCandy Peanut Butter Cups184 g,$5.79ea,,$3.15/ 100g,False,613.0,
snacks,Dentyne,Ice Spearmint Gum,DentyneIce Spearmint Gum4 ea,$4.29ea,,$1.07/ 1ea,False,614.0,
snacks,Snackpack,Juicy Gels Strawberry/Orange Reduced Sugar,SnackpackJuicy Gels Strawberry/Orange Reduced Sugar4x99.0 g,$1.99ea,,$0.50/ 100g,False,615.0,
snacks,Kelloggs,Special K Nourish Dark Chocolate Chunks & Almonds Bar,KelloggsSpecial K Nourish Dark Chocolate Chunks & Almonds Bar165 g,$4.29ea,,$2.60/ 100g,False,616.0,
snacks,Kelloggs,"Nutri-Grain Cereal Bars, Raspberry 8 Bars","KelloggsNutri-Grain Cereal Bars, Raspberry 8 Bars295 g",$3.49ea,,$1.18/ 100g,False,617.0,
snacks,Carnaby Sweet,Mixed Gummies,Carnaby SweetMixed Gummies500 g,$3.99ea,,$0.80/ 100g,False,618.0,
snacks,Nestle,Kit Kat Classic Wafer Bar,NestleKit Kat Classic Wafer Bar120 g,$2.59ea,,$2.16/ 100g,False,619.0,
snacks,Wrigley,"Peppermint Flavoured Sugar Free Chewing Gum, 60 Pieces, 1 Bottle","WrigleyPeppermint Flavoured Sugar Free Chewing Gum, 60 Pieces, 1 Bottle1 ea",$4.79ea,,$4.79/ 1ea,False,620.0,
snacks,President's Choice,Milk Chocolate Concreto Biscuits ,President's ChoiceMilk Chocolate Concreto Biscuits 240 g,$3.79ea,,$1.58/ 100g,False,621.0,
snacks,President's Choice,Milk Chocolate Covered Raisins,President's ChoiceMilk Chocolate Covered Raisins400 g,$6.00ea,,$1.50/ 100g,False,622.0,
snacks,Hershey's,Birthday Cake Candy Bar,Hershey'sBirthday Cake Candy Bar95 g,$2.59ea,,$2.73/ 100g,False,623.0,
snacks,Hardbite,Handcrafted-Style Chips Wasabi Ranch,HardbiteHandcrafted-Style Chips Wasabi Ranch128 g,$4.49ea,,$3.51/ 100g,False,624.0,
snacks,No Name,Chewy Chocolate Chip Granola Bars,No NameChewy Chocolate Chip Granola Bars158 g,$1.79ea,,$1.13/ 100g,False,625.0,
snacks,Reese's,Miniatures PEANUT BUTTER CUPS Candy,Reese'sMiniatures PEANUT BUTTER CUPS Candy230 g,$5.49ea,,$2.39/ 100g,False,626.0,
snacks,FERRERO ROCHER,"Premium Chocolate Bar, Milk Chocolate Hazelnut Bar","FERRERO ROCHERPremium Chocolate Bar, Milk Chocolate Hazelnut Bar90 g",$3.99ea,,$4.43/ 100g,False,627.0,
snacks,Jell-O,"Refrigerated Pudding Snacks, Strawberry Cheesecake","Jell-ORefrigerated Pudding Snacks, Strawberry Cheesecake4x99.0 g",$3.99ea,,$1.01/ 100g,False,628.0,
snacks,Hardbite,Handcrafted-Style Chips Spicy Ketchup Potato Chips,HardbiteHandcrafted-Style Chips Spicy Ketchup Potato Chips150 g,$4.99ea,,$3.33/ 100g,False,629.0,
snacks,Paqui,"Tortilla Chips, Nacho Cheese   ","PaquiTortilla Chips, Nacho Cheese   155 g",$5.49ea,,$3.54/ 100g,False,630.0,
snacks,President's Choice,Honey Roasted Peanuts,President's ChoiceHoney Roasted Peanuts700 g,$5.99ea,,$0.86/ 100g,False,631.0,
snacks,Regal,Bunny  Hollow Chocolate,RegalBunny  Hollow Chocolate300 g,$12.99ea,,$4.33/ 100g,False,632.0,
snacks,Miss Vickies,Spicy Dill Pickle flavour kettle cooked potato chips 200g,Miss VickiesSpicy Dill Pickle flavour kettle cooked potato chips 200g200 g,$4.49ea,,$2.25/ 100g,False,633.0,
snacks,Chester's,Popcorn Cheese Flavour Popcorn,Chester'sPopcorn Cheese Flavour Popcorn150 g,$2.25ea,,$1.50/ 100g,False,634.0,
snacks,Christie,Triscuit Roasted Garlic Crackers,ChristieTriscuit Roasted Garlic Crackers200 g,$2.49ea,,$1.25/ 100g,False,635.0,
snacks,Christie,Wheat Thins Original Crackers,ChristieWheat Thins Original Crackers200 g,$2.49ea,,$1.25/ 100g,False,636.0,
snacks,Wheat Thins,"Vegetable Thins Crackers, Original","Wheat ThinsVegetable Thins Crackers, Original200 g",$2.49ea,,$1.25/ 100g,False,637.0,
snacks,Triscuit,Thin Crisps Jalapeno Crackers,TriscuitThin Crisps Jalapeno Crackers200 g,$2.49ea,,$1.25/ 100g,False,638.0,
snacks,Christie,Triscuit Balsamic & Basil Crackers,ChristieTriscuit Balsamic & Basil Crackers200 g,$2.49ea,,$1.25/ 100g,False,639.0,
snacks,Christie,Triscuit Original Crackers,ChristieTriscuit Original Crackers200 g,$2.49ea,,$1.25/ 100g,False,640.0,
snacks,Christie,Triscuit Smoked Gouda Crackers,ChristieTriscuit Smoked Gouda Crackers200 g,$2.49ea,,$1.25/ 100g,False,641.0,
snacks,Lindt,LINDOR Milk Chocolate Eggs Trio,LindtLINDOR Milk Chocolate Eggs Trio54 g,$2.99ea,,$5.54/ 100g,False,642.0,
snacks,Pepperidge Farm,Goldfish  Cheddar made with Whole Grain,Pepperidge FarmGoldfish  Cheddar made with Whole Grain180 g,$2.99ea,,$1.66/ 100g,False,643.0,
snacks,Nestle,Smarties Candy Coated Milk Chocolate Carton,NestleSmarties Candy Coated Milk Chocolate Carton45 g,$0.89ea,,$1.98/ 100g,False,644.0,
snacks,Pepperidge Farm,Mega Bites Cheddar Jalapeno,Pepperidge FarmMega Bites Cheddar Jalapeno167 g,$2.99ea,,$1.79/ 100g,False,645.0,
snacks,Pepperidge Farm,Goldfish  Original,Pepperidge FarmGoldfish  Original200 g,$2.99ea,,$1.50/ 100g,False,646.0,
snacks,Nestle,Coffee Crisp Minis,NestleCoffee Crisp Minis180 g,$4.59ea,,$2.55/ 100g,False,647.0,
snacks,Pepperidge Farm,Goldfish  Flavour Blasted  Xtreme Cheddar,Pepperidge FarmGoldfish  Flavour Blasted  Xtreme Cheddar180 g,$2.99ea,,$1.66/ 100g,False,648.0,
snacks,No Name,Peanut Butter Sandwich Crackers,No NamePeanut Butter Sandwich Crackers180 g,$3.29ea,,$1.83/ 100g,False,649.0,
snacks,Nestle,Coffee Crisp Original Chocolate Wafer Bar,NestleCoffee Crisp Original Chocolate Wafer Bar50 g,$0.89ea,,$1.78/ 100g,False,650.0,
snacks,Pepperidge Farm,Goldfish  Flavour Blasted  Xplosive Pizza Flavoured,Pepperidge FarmGoldfish  Flavour Blasted  Xplosive Pizza Flavoured180 g,$2.99ea,,$1.66/ 100g,False,651.0,
snacks,Cheetos,Crunchy Cheese Flavoured Snacks,CheetosCrunchy Cheese Flavoured Snacks285 g,$3.99ea,,$1.40/ 100g,False,652.0,
snacks,Tostitos,Rounds Tortilla Chips 295g,TostitosRounds Tortilla Chips 295g295 g,$3.99ea,,$1.35/ 100g,False,653.0,
snacks,Christie,"Oreo Thins, Original","ChristieOreo Thins, Original287 g",$2.49ea,,$0.87/ 100g,False,654.0,
snacks,Cheetos,Crunchy Flamin' Hot Cheese Flavoured Snacks,CheetosCrunchy Flamin' Hot Cheese Flavoured Snacks285 g,$3.99ea,,$1.40/ 100g,False,655.0,
snacks,Peek Freans,Lifestyle Cranberry Citrus Oat Crunch,Peek FreansLifestyle Cranberry Citrus Oat Crunch290 g,$4.29ea,,$1.48/ 100g,False,656.0,
snacks,Cheez-It,Baked Original Snack Crackers   ,Cheez-ItBaked Original Snack Crackers   200 g,$2.75ea,$2.49ea,$1.25/ 100g,True,657.0,saleEnds 03/15
snacks,Lay's,Lightly Salted potato chips,Lay'sLightly Salted potato chips235 g,$3.99ea,,$1.70/ 100g,False,658.0,
snacks,Hershey's,Chocolate Iconic Kisses Milk,Hershey'sChocolate Iconic Kisses Milk200 g,$5.49ea,,$2.75/ 100g,False,659.0,
snacks,Jell-O,Oreo Ready-to-Eat Refrigerated Pudding Cups Snack,Jell-OOreo Ready-to-Eat Refrigerated Pudding Cups Snack4x113.0 g,$3.99ea,,$0.88/ 100g,False,660.0,
snacks,Que Pasa,Tortilla Chips Salted,Que PasaTortilla Chips Salted350 g,$4.99ea,,$1.43/ 100g,False,661.0,
snacks,Quaker,Crispy Minis Cheddar flavour brown rice chips,QuakerCrispy Minis Cheddar flavour brown rice chips100 g,$2.79ea,,$2.79/ 100g,False,662.0,
snacks,TRIDENT,"Layers, Strawberry Citrus","TRIDENTLayers, Strawberry Citrus3 ea",$4.29ea,,$1.43/ 1ea,False,663.0,
snacks,Haldiram,Alu Bhujia,HaldiramAlu Bhujia150 g,$1.99ea,,$1.33/ 100g,False,664.0,
snacks,RiceWorks,"Gourmet Brown Rice Crisps, Sweet Chili","RiceWorksGourmet Brown Rice Crisps, Sweet Chili156 g",$3.99ea,,$2.57/ 100g,False,665.0,
snacks,Leclerc,"Celebration Wafers, Vanilla","LeclercCelebration Wafers, Vanilla240 g",$2.99ea,,$1.25/ 100g,False,666.0,
snacks,Que Pasa,Tortilla Chips Blue Corn,Que PasaTortilla Chips Blue Corn350 g,$4.99ea,,$1.43/ 100g,False,667.0,
snacks,President's Choice,Ranch Purple Kernel Corn Crisps,President's ChoiceRanch Purple Kernel Corn Crisps110 g,$2.49ea,,$2.26/ 100g,False,668.0,
snacks,President's Choice,Roasted Cashews with Sea Salt ,President's ChoiceRoasted Cashews with Sea Salt 200 g,$6.49ea,,$3.25/ 100g,False,669.0,
snacks,No Name,Social Tea Biscuits,No NameSocial Tea Biscuits350 g,$3.69ea,,$1.05/ 100g,False,670.0,
snacks,Christie,Chips Ahoy! Caramilk Cookies,ChristieChips Ahoy! Caramilk Cookies453 g,$4.99ea,,$1.10/ 100g,False,671.0,
snacks,Maynards,Sour Patch Kids Kids Soft Candy,MaynardsSour Patch Kids Kids Soft Candy185 g,$2.49ea,,$1.35/ 100g,False,672.0,
snacks,Fibre 1,"Brownies, Chocolatey Fudge","Fibre 1Brownies, Chocolatey Fudge125 g",$3.49ea,,$2.79/ 100g,False,673.0,
snacks,Capn Crunch,Treats Cereal Bars Peanut Butter,Capn CrunchTreats Cereal Bars Peanut Butter110 g,$3.79ea,,$3.45/ 100g,False,674.0,
snacks,Voortman,"Wafers, Chocolate","VoortmanWafers, Chocolate300 g",$3.29ea,,$1.10/ 100g,False,675.0,
snacks,Leclerc,"Go Pure Fruit and Oat Bars, Raspberry","LeclercGo Pure Fruit and Oat Bars, Raspberry140 g",$2.99ea,$2.79ea,$1.99/ 100g,True,676.0,saleEnds 03/15
snacks,Exclusive Brands,Sesame Bars With Honey,Exclusive BrandsSesame Bars With Honey30 g,$0.79ea,,$2.63/ 100g,False,677.0,
snacks,Quaker,Crispy Minis Crunchy Dill flavour brown rice chips,QuakerCrispy Minis Crunchy Dill flavour brown rice chips100 g,$2.79ea,,$2.79/ 100g,False,678.0,
snacks,Nature Valley,Sweet & Salty Roasted Mixed Nut Chewy Granola Bars,Nature ValleySweet & Salty Roasted Mixed Nut Chewy Granola Bars210 g,$3.49ea,,$1.66/ 100g,False,679.0,
snacks,No Name,Sweet & Salty Almond Chewy Nut Bars,No NameSweet & Salty Almond Chewy Nut Bars175 g,$1.79ea,,$1.02/ 100g,False,680.0,
snacks,Nature Valley,Sweet And Salty Minis Dark Chocolate Nut Granola Bars (20 Minis),Nature ValleySweet And Salty Minis Dark Chocolate Nut Granola Bars (20 Minis)425 g,$6.49ea,$5.99ea,$1.41/ 100g,True,681.0,saleEnds 03/15
snacks,Oh Henry!,Candy bar,Oh Henry!Candy bar232 g,$5.79ea,,$2.50/ 100g,False,682.0,
snacks,Mott's,"Fruitsations + Veggie Fruit Flavoured Snacks, Berry","Mott'sFruitsations + Veggie Fruit Flavoured Snacks, Berry226 g",$2.99ea,,$1.32/ 100g,False,683.0,
snacks,Betty Crocker,Fruit Gushers Variety Pack ,Betty CrockerFruit Gushers Variety Pack 138 g,$2.99ea,,$2.17/ 100g,False,684.0,
snacks,Sensible Portions,Garden Veggie Chips BBQ Vegetable and Potato Snack,Sensible PortionsGarden Veggie Chips BBQ Vegetable and Potato Snack141 g,$3.99ea,,$2.83/ 100g,False,685.0,
snacks,Betty Crocker,"Fruit By The Foot, Rippin' Berry Berry","Betty CrockerFruit By The Foot, Rippin' Berry Berry128 g",$2.99ea,,$2.34/ 100g,False,686.0,
snacks,Kettle,Potato Chips Yogurt & Green Onion,KettlePotato Chips Yogurt & Green Onion198 g,$4.49ea,,$2.27/ 100g,False,687.0,
snacks,Kettle,Potato Chips Sea Salt & Vinegar,KettlePotato Chips Sea Salt & Vinegar198 g,$4.49ea,,$2.27/ 100g,False,688.0,
snacks,Frito-lay,Flavour Mix 484g,Frito-layFlavour Mix 484g484 g,$9.49ea,,$1.96/ 100g,False,689.0,
snacks,Cadbury,Creme Egg Cream Filled Chocolate Egg,CadburyCreme Egg Cream Filled Chocolate Egg34 g,$1.49ea,,$4.38/ 100g,False,690.0,
snacks,No Name,Diced Clingstone Peaches in Light Syrup,No NameDiced Clingstone Peaches in Light Syrup4x107.0 ml,$2.29ea,,$0.54/ 100ml,False,691.0,
snacks,President's Choice,Apple Cinnamon Apple Sauce ,President's ChoiceApple Cinnamon Apple Sauce 6x100.0 ml,$2.29ea,,$0.38/ 100ml,False,692.0,
snacks,Carnaby Sweet,Gummy Fish,Carnaby SweetGummy Fish125 g,$1.00ea,,$0.80/ 100g,False,693.0,
snacks,Cadbury,Cadbury Chocolate Burnt Almond Chocolate Bar,CadburyCadbury Chocolate Burnt Almond Chocolate Bar100 g,$2.49ea,,$2.49/ 100g,False,694.0,
snacks,President's Choice, Dark Chocolate Concerto Biscuits ,President's Choice Dark Chocolate Concerto Biscuits 240 g,$3.79ea,,$1.58/ 100g,False,695.0,
snacks,President's Choice,Parmesan Cheese & Garlic Swiss Sticks,President's ChoiceParmesan Cheese & Garlic Swiss Sticks100 g,$2.49ea,,$2.49/ 100g,False,696.0,
snacks,Betty Crocker,"Fruit Snacks, Animated Edition","Betty CrockerFruit Snacks, Animated Edition226 g",$2.99ea,,$1.32/ 100g,False,697.0,
snacks,Wrigley,"Spearmint-Rain Flavoured Sugar Free Chewing Gum, 15 Sticks, 3 Packs","WrigleySpearmint-Rain Flavoured Sugar Free Chewing Gum, 15 Sticks, 3 Packs3 ea",$4.99ea,,$1.66/ 1ea,False,698.0,
snacks,No Name,Milk Chocolate Bar,No NameMilk Chocolate Bar100 g,$1.00ea,,$1.00/ 100g,False,699.0,
snacks,Starburst,Original      ,StarburstOriginal      191 g,$3.49ea,,$1.83/ 100g,False,700.0,
snacks,Cadbury,Mr Big Original Chocolate Bar-Minis,CadburyMr Big Original Chocolate Bar-Minis110 g,$2.49ea,,$2.26/ 100g,False,701.0,
snacks,Maynards,Swedish Berries Berry Soft Candy,MaynardsSwedish Berries Berry Soft Candy185 g,$2.49ea,,$1.35/ 100g,False,702.0,
snacks,Surati,Cheddar Jalapeno Tubes,SuratiCheddar Jalapeno Tubes80 g,$1.49ea,,$1.86/ 100g,False,703.0,
snacks,Dare,Bear Paws Banana Bread Cookies,DareBear Paws Banana Bread Cookies240 g,$2.99ea,,$1.25/ 100g,False,704.0,
snacks,Dare,Wagon Wheels Original Cookies,DareWagon Wheels Original Cookies315 g,$2.99ea,,$0.95/ 100g,False,705.0,
snacks,No Name,Salted Blanched Peanuts,No NameSalted Blanched Peanuts500 g,$3.49ea,,$0.70/ 100g,False,706.0,
snacks,President's Choice,Milk Chocolate Crêpes,President's ChoiceMilk Chocolate Crêpes100 g,$3.29ea,,$3.29/ 100g,False,707.0,
snacks,Werther's,"Soft Caramel, Chocolate Filling","Werther'sSoft Caramel, Chocolate Filling116 g",$2.79ea,,$2.41/ 100g,False,708.0,
snacks,Hershey's," Creamy Milk Chocolate With Whole Almonds, Full Size Bar","Hershey's Creamy Milk Chocolate With Whole Almonds, Full Size Bar43 g",$1.49ea,,$3.47/ 100g,False,709.0,
snacks,No Name,Dill Pickle Potato Chips,No NameDill Pickle Potato Chips200 g,$1.49ea,,$0.75/ 100g,False,710.0,
snacks,President's Choice,Sweet & Salty Kettle Corn ,President's ChoiceSweet & Salty Kettle Corn 220 g,$3.99ea,,$1.81/ 100g,False,711.0,
snacks,No Name,Salt & Vinegar Potato Chips,No NameSalt & Vinegar Potato Chips200 g,$1.49ea,,$0.75/ 100g,False,712.0,
snacks,Tostitos,Hint of Roasted Garlic flavour tortilla chips 275g,TostitosHint of Roasted Garlic flavour tortilla chips 275g275 g,$3.99ea,,$1.45/ 100g,False,713.0,
snacks,President's Choice,World of Flavours Chicken Flavour Filipino Adobo Rippled Chips,President's ChoiceWorld of Flavours Chicken Flavour Filipino Adobo Rippled Chips200 g,$2.79ea,,$1.40/ 100g,False,714.0,
snacks,Smart Food,White Cheddar flavour seasoned popcorn 200g,Smart FoodWhite Cheddar flavour seasoned popcorn 200g200 g,$4.29ea,,$2.15/ 100g,False,715.0,
snacks,Hostess,Hostess Original Flavour Potato Sticks 275g,HostessHostess Original Flavour Potato Sticks 275g275 g,$4.39ea,,$1.60/ 100g,False,716.0,
snacks,Milano,Biscuits Cookie     ,MilanoBiscuits Cookie     200 g,$1.79ea,,$0.90/ 100g,False,717.0,
snacks,Kelloggs,Rice Krispies Bars Rainbow,KelloggsRice Krispies Bars Rainbow176 g,$3.49ea,,$1.98/ 100g,False,718.0,
snacks,Carnaby Sweet,Mixed Gummies,Carnaby SweetMixed Gummies125 g,$1.00ea,,$0.80/ 100g,False,719.0,
snacks,President's Choice,The Decadent Soft Baked Chocolate Chip Cookies,President's ChoiceThe Decadent Soft Baked Chocolate Chip Cookies300 g,$2.99ea,,$1.00/ 100g,False,720.0,
snacks,Hardbite,"Handcrafted-Style Chips, Rock Salt & Vinegar","HardbiteHandcrafted-Style Chips, Rock Salt & Vinegar150 g",$4.99ea,,$3.33/ 100g,False,721.0,
snacks,No Name,Pretzel Twists,No NamePretzel Twists200 g,$1.50ea,,$0.75/ 100g,False,722.0,
snacks,SkinnyPop Popcorn,Pure Popped Perfection Popcorn Family Size,SkinnyPop PopcornPure Popped Perfection Popcorn Family Size227 g,$8.99ea,,$3.96/ 100g,False,723.0,
snacks,President's Choice,Dipped & Chewy Chocolate Chip Granola Bars,President's ChoiceDipped & Chewy Chocolate Chip Granola Bars156 g,$2.29ea,,$1.47/ 100g,False,724.0,
snacks,Frito-lay,Flavour Mix 484g,Frito-layFlavour Mix 484g484 g,$9.49ea,,$1.96/ 100g,False,725.0,
snacks,Wrigley,"Peppermint Flavoured Sugar Free Chewing Gum, 12 Pieces, 1 Pack","WrigleyPeppermint Flavoured Sugar Free Chewing Gum, 12 Pieces, 1 Pack12 ea",$1.00ea,$0.89ea,$0.07/ 1ea,True,726.0,saleEnds 04/05
snacks,Tic Tac,"Mints, Breath Freshener, Orange, 60 pills","Tic TacMints, Breath Freshener, Orange, 60 pills29 g",$1.89ea,,$6.52/ 100g,False,727.0,
snacks,Lindt,SWISS CLASSIC White Chocolate Bar,LindtSWISS CLASSIC White Chocolate Bar100 g,$3.29ea,,$3.29/ 100g,False,728.0,
snacks,Dare,Viva Puffs Raspberry Cookies,DareViva Puffs Raspberry Cookies300 g,$2.99ea,,$1.00/ 100g,False,729.0,
snacks,President's Choice,Peanuts Dry Roasted & Lightly Seasoned,President's ChoicePeanuts Dry Roasted & Lightly Seasoned700 g,$5.99ea,,$0.86/ 100g,False,730.0,
snacks,Kurkure,Chilli Chatka Flavoured Snacks 115g,KurkureChilli Chatka Flavoured Snacks 115g115 g,$2.19ea,,$1.90/ 100g,False,731.0,
snacks,Munchos,Potato Crisps,MunchosPotato Crisps130 g,$2.25ea,,$1.73/ 100g,False,732.0,
snacks,Christie,Wheat Thins Multigrain Crackers,ChristieWheat Thins Multigrain Crackers200 g,$2.49ea,,$1.25/ 100g,False,733.0,
snacks,Chester's,Corn Twists Snacks,Chester'sCorn Twists Snacks150 g,$2.25ea,,$1.50/ 100g,False,734.0,
snacks,Christie,Ritz Crackers,ChristieRitz Crackers304 g,$2.49ea,,$0.82/ 100g,False,735.0,
snacks,Christie,Ritz Crackers Low Sodium,ChristieRitz Crackers Low Sodium200 g,$2.49ea,,$1.25/ 100g,False,736.0,
snacks,Christie,Ritz Cheese Crackers,ChristieRitz Cheese Crackers200 g,$2.49ea,,$1.25/ 100g,False,737.0,
snacks,Ritz,Cheese Nibs Crackers,RitzCheese Nibs Crackers200 g,$2.49ea,,$1.25/ 100g,False,738.0,
snacks,Lindt,SWISS CLASSIC Milk Chocolate Bar,LindtSWISS CLASSIC Milk Chocolate Bar100 g,$3.29ea,,$3.29/ 100g,False,739.0,
snacks,Pepperidge Farm,Goldfish  Colours,Pepperidge FarmGoldfish  Colours180 g,$2.99ea,,$1.66/ 100g,False,740.0,
snacks,Nestle,KitKat Chunky Milk Chocolate Wafer Bars Multipack,NestleKitKat Chunky Milk Chocolate Wafer Bars Multipack196 g,$4.59ea,,$2.34/ 100g,False,741.0,
snacks,Carnaby Sweet,Real Milk Chocolate Solid Bunny,Carnaby SweetReal Milk Chocolate Solid Bunny100 g,$1.99ea,,$1.99/ 100g,False,742.0,
snacks,Nestle,Kit Kat Minis Classic Wafer Bars Pouch,NestleKit Kat Minis Classic Wafer Bars Pouch180 g,$4.59ea,,$2.55/ 100g,False,743.0,
snacks,Nestle,Smarties Candy Coated Milk Chocolate Multipack,NestleSmarties Candy Coated Milk Chocolate Multipack180 g,$4.59ea,,$2.55/ 100g,False,744.0,
snacks,Nestle,"Aero Milk Chocolate Bar, Original","NestleAero Milk Chocolate Bar, Original42 g",$0.89ea,,$2.12/ 100g,False,745.0,
snacks,Christie,Fudgee-O Original Cookies,ChristieFudgee-O Original Cookies303 g,$2.49ea,,$0.82/ 100g,False,746.0,
snacks,Christie,Chips Ahoy! Snak Pak Cookies,ChristieChips Ahoy! Snak Pak Cookies180 g,$3.29ea,,$1.83/ 100g,False,747.0,
snacks,Christie,Chips Ahoy! Original Cookies,ChristieChips Ahoy! Original Cookies258 g,$2.49ea,,$0.97/ 100g,False,748.0,
snacks,Ruffles,Regular Potato Chips,RufflesRegular Potato Chips200 g,$4.49ea,$3.99ea,$2.00/ 100g,True,749.0,saleEnds 03/22
snacks,Nature Valley,Sweet & Salty Salted Caramel Chocolate Chewy Granola Bars Special Edition,Nature ValleySweet & Salty Salted Caramel Chocolate Chewy Granola Bars Special Edition210 g,$3.49ea,,$1.66/ 100g,False,750.0,
snacks,Oreo,Oreo Original Cookies,OreoOreo Original Cookies270 g,$2.49ea,,$0.92/ 100g,False,751.0,
snacks,Oreo,Oreo Golden Cookies,OreoOreo Golden Cookies270 g,$2.49ea,,$0.92/ 100g,False,752.0,
snacks,Christie,Ritz Bits Cheese Cracker Sandwiches,ChristieRitz Bits Cheese Cracker Sandwiches180 g,$2.49ea,,$1.38/ 100g,False,753.0,
snacks,Christie,"Good Thins Rice Crackers, Simply Salt","ChristieGood Thins Rice Crackers, Simply Salt100 g",$3.49ea,,$3.49/ 100g,False,754.0,
snacks,Lay's,Poppables Sea Salt flavoured potato snacks,Lay'sPoppables Sea Salt flavoured potato snacks130 g,$3.99ea,,$3.07/ 100g,False,755.0,
snacks,Lay's,Ketchup flavoured potato chips,Lay'sKetchup flavoured potato chips235 g,$3.99ea,,$1.70/ 100g,False,756.0,
snacks,Lindt,EXCELLENCE Sea Salt Dark Chocolate Bar,LindtEXCELLENCE Sea Salt Dark Chocolate Bar100 g,$4.49ea,,$4.49/ 100g,False,757.0,
snacks,Lay's,Wavy Lightly Salted potato chips,Lay'sWavy Lightly Salted potato chips235 g,$3.99ea,,$1.70/ 100g,False,758.0,
snacks,Orville,"Popcorn, Buttery","OrvillePopcorn, Buttery10x82.0 g",$8.99ea,,$1.10/ 100g,False,759.0,
snacks,Cheetos,Puffs Cheese Flavoured Snacks,CheetosPuffs Cheese Flavoured Snacks260 g,$3.99ea,,$1.53/ 100g,False,760.0,
snacks,Lay's,Potato Chips All Dressed 235g,Lay'sPotato Chips All Dressed 235g235 g,$3.99ea,,$1.70/ 100g,False,761.0,
snacks,Mars,"Peanut Free Chocolate Candy Bites, Sharing Bag","MarsPeanut Free Chocolate Candy Bites, Sharing Bag193 g",$4.99ea,,$2.59/ 100g,False,762.0,
snacks,Quaker,Chewy Fruity Fun Value Pack,QuakerChewy Fruity Fun Value Pack960 g,$12.49ea,,$1.30/ 100g,False,763.0,
snacks,President's Choice,Red Chili Pepper Crackers ,President's ChoiceRed Chili Pepper Crackers 185 g,$3.49ea,,$1.89/ 100g,False,764.0,
snacks,Pringles,Mega Can Original Flavour,PringlesMega Can Original Flavour194 g,$3.29ea,,$1.70/ 100g,False,765.0,
snacks,Kettle,Potato Chips Cheddar,KettlePotato Chips Cheddar198 g,$4.49ea,,$2.27/ 100g,False,766.0,
snacks,Tic Tac,"Mints, Breath Freshener, Fresh Mint, 60 pills","Tic TacMints, Breath Freshener, Fresh Mint, 60 pills29 g",$1.89ea,,$6.52/ 100g,False,767.0,
snacks,Harvest Snaps,"Snapea Crisps, Original","Harvest SnapsSnapea Crisps, Original93 g",$3.49ea,,$3.75/ 100g,False,768.0,
snacks,Hardbite,"Handcrafted-Style Chips, Ketchup","HardbiteHandcrafted-Style Chips, Ketchup150 g",$4.99ea,,$3.33/ 100g,False,769.0,
snacks,Doritos,Simply White Cheddar Flavoured Tortilla Chips 213g,DoritosSimply White Cheddar Flavoured Tortilla Chips 213g213 g,$4.99ea,,$2.34/ 100g,False,770.0,
snacks,Hershey's,Milk Chocolate with Almonds,Hershey'sMilk Chocolate with Almonds172 g,$5.79ea,,$3.37/ 100g,False,771.0,
snacks,Carnaby Sweet,Gummy Sour Worms,Carnaby SweetGummy Sour Worms300 g,$2.29ea,,$0.76/ 100g,False,772.0,
snacks,Quaker,Crispy Minis Caramel Chocolate Chip Flavour Large Brown Rice Cakes,QuakerCrispy Minis Caramel Chocolate Chip Flavour Large Brown Rice Cakes199 g,$2.79ea,,$1.40/ 100g,False,773.0,
snacks,Nestle,Aero Milk Chocolate Bar,NestleAero Milk Chocolate Bar4x4.0 ea,$4.59ea,,$2.73/ 100g,False,774.0,
snacks,Nestle,Kitkat Chunky Minis Cello,NestleKitkat Chunky Minis Cello160 ea,$4.59ea,,$2.87/ 100ea,False,775.0,
snacks,President's Choice,Candy Coated Milk Chocolate Eggs,President's ChoiceCandy Coated Milk Chocolate Eggs650 g,$11.99ea,,$1.84/ 100g,False,776.0,
snacks,President's Choice,Extra Dark Chocolate,President's ChoiceExtra Dark Chocolate100 g,$2.99ea,,$2.99/ 100g,False,777.0,
snacks,President's Choice,70% Dark Chocolate,President's Choice70% Dark Chocolate100 g,$2.99ea,,$2.99/ 100g,False,778.0,
snacks,Christie,Triscuit Rosemary And Olive Oil Crackers,ChristieTriscuit Rosemary And Olive Oil Crackers200 g,$2.49ea,,$1.25/ 100g,False,779.0,
snacks,Christie,Thin Crisps Original Crackers,ChristieThin Crisps Original Crackers200 g,$2.49ea,,$1.25/ 100g,False,780.0,
snacks,Ritz,Swiss Cheese Crackers,RitzSwiss Cheese Crackers200 g,$2.49ea,,$1.25/ 100g,False,781.0,
snacks,Christie,"Ritz Bits Sandwiches, Cheese Snak Paks","ChristieRitz Bits Sandwiches, Cheese Snak Paks180 g",$2.49ea,,$1.38/ 100g,False,782.0,
snacks,Charras,Corn Tostadas Jalapeño Flavor With Sea Salt,CharrasCorn Tostadas Jalapeño Flavor With Sea Salt350 g,$3.29ea,,$0.94/ 100g,False,783.0,
snacks,Nestle,KITKAT 4-Finger Milk Chocolate Bar,NestleKITKAT 4-Finger Milk Chocolate Bar45 g,$0.89ea,,$1.98/ 100g,False,784.0,
snacks,Nestle,Coffee Crisp Wafer Bars Multipack,NestleCoffee Crisp Wafer Bars Multipack4x4.0 ea,$4.59ea,,$2.30/ 100g,False,785.0,
snacks,Nestle,Kit Kat Milk Chocolate Wafer Bars,NestleKit Kat Milk Chocolate Wafer Bars4x4.0 ea,$4.59ea,,$2.55/ 100g,False,786.0,
snacks,Tostitos,Scoops! tortilla chips 215g,TostitosScoops! tortilla chips 215g215 g,$3.99ea,,$1.86/ 100g,False,787.0,
snacks,Peek Freans,Digestive Biscuits,Peek FreansDigestive Biscuits300 g,$4.29ea,,$1.43/ 100g,False,788.0,
snacks,Nature Valley,Sweet & Salty Almond Chewy Granola Bars,Nature ValleySweet & Salty Almond Chewy Granola Bars210 g,$3.49ea,,$1.66/ 100g,False,789.0,
snacks,Jack Links,"Beef Jerky, Original","Jack LinksBeef Jerky, Original80 g",$5.99ea,,$7.49/ 100g,False,790.0,
snacks,Lay's,Sweet Chili Heat Chips,Lay'sSweet Chili Heat Chips220 g,$3.99ea,,$1.81/ 100g,False,791.0,
snacks,Leclerc,Celebration Milk Chocolate Butter Cookies,LeclercCelebration Milk Chocolate Butter Cookies240 g,$2.99ea,,$1.25/ 100g,False,792.0,
snacks,Nestle,Aero Minis Milk Chocolate Pouch,NestleAero Minis Milk Chocolate Pouch135 g,$4.59ea,,$3.40/ 100g,False,793.0,
snacks,Lindt,EXCELLENCE 70% Cacao Dark Chocolate Bar,LindtEXCELLENCE 70% Cacao Dark Chocolate Bar100 g,$4.49ea,,$4.49/ 100g,False,794.0,
snacks,Christie,Chips Ahoy! Chunks Cookies,ChristieChips Ahoy! Chunks Cookies251 g,$2.49ea,,$0.99/ 100g,False,795.0,
snacks,Christie,"Good Thins Rice Crackers, Multigrain","ChristieGood Thins Rice Crackers, Multigrain100 g",$3.49ea,,$3.49/ 100g,False,796.0,
snacks,Dare,Breton Original Crackers,DareBreton Original Crackers200 g,$3.49ea,,$1.75/ 100g,False,797.0,
snacks,Orville,"Popcorn Bowl, Buttery","OrvillePopcorn Bowl, Buttery6x82.0 g",$5.49ea,,$1.12/ 100g,False,798.0,
snacks,Christie,Premium Plus Salted Crackers,ChristiePremium Plus Salted Crackers450 g,$3.49ea,,$0.78/ 100g,False,799.0,
snacks,Orville,"Popcorn Bowl, Extra Buttery    ","OrvillePopcorn Bowl, Extra Buttery    6x82.0 g",$5.49ea,,$1.12/ 100g,False,800.0,
snacks,Miss Vickies,Jalapeño flavour kettle cooked potato chips 200g,Miss VickiesJalapeño flavour kettle cooked potato chips 200g200 g,$4.49ea,,$2.25/ 100g,False,801.0,
snacks,Miss Vickies,Sweet Chili & Sour Cream flavour kettle cooked potato chips 200g,Miss VickiesSweet Chili & Sour Cream flavour kettle cooked potato chips 200g200 g,$4.49ea,,$2.25/ 100g,False,802.0,
snacks,No Name,Ketchup Potato Chips,No NameKetchup Potato Chips200 g,$1.49ea,,$0.75/ 100g,False,803.0,
snacks,President's Choice,Chicago Mix Popcorn,President's ChoiceChicago Mix Popcorn220 g,$3.99ea,,$1.81/ 100g,False,804.0,
snacks,No Name,Sour Cream & Onion Potato Chips ,No NameSour Cream & Onion Potato Chips 200 g,$1.49ea,,$0.75/ 100g,False,805.0,
snacks,Rold Gold,Classic Style Thins Pretzels 370g,Rold GoldClassic Style Thins Pretzels 370g370 g,$4.49ea,,$1.21/ 100g,False,806.0,
snacks,Snackpack,"Snack Pack, Pudding, Vanilla","SnackpackSnack Pack, Pudding, Vanilla4x99.0 g",$1.99ea,,$0.50/ 100g,False,807.0,
snacks,M&M's,"Peanut Milk Chocolate Candies, Sharing Bag","M&M'sPeanut Milk Chocolate Candies, Sharing Bag120 g",$3.29ea,,$2.74/ 100g,False,808.0,
snacks,Jell-O,"Refrigerated Gelatin Snacks, Lemon Lime (4 X 89G)","Jell-ORefrigerated Gelatin Snacks, Lemon Lime (4 X 89G)4x89.0 g",$3.99ea,,$1.12/ 100g,False,809.0,
snacks,Nature Valley,"Crunchy Granola Bars, Oats 'N' Honey","Nature ValleyCrunchy Granola Bars, Oats 'N' Honey230 g",$2.99ea,,$1.30/ 100g,False,810.0,
snacks,S&F,"Red Peppers, Roasted","S&FRed Peppers, Roasted1.5 l",$10.49ea,,$0.70/ 100ml,False,811.0,
snacks,Skittles,"Original Gummy Candy, Bag","SkittlesOriginal Gummy Candy, Bag164 g",$3.49ea,,$2.13/ 100g,False,812.0,
snacks,Excel,"Winterfresh Flavoured Sugar Free Chewing Gum, 18 Pieces, 3 Packs","ExcelWinterfresh Flavoured Sugar Free Chewing Gum, 18 Pieces, 3 Packs77 g",$4.29ea,,$5.57/ 100g,False,813.0,
snacks,President's Choice,The Decadent Middle Chocolate Chip Cookie,President's ChoiceThe Decadent Middle Chocolate Chip Cookie280 g,$2.99ea,,$1.07/ 100g,False,814.0,
snacks,Cadbury,Dairy Milk Almond Chocolate Bar,CadburyDairy Milk Almond Chocolate Bar100 g,$2.49ea,,$2.49/ 100g,False,815.0,
snacks,Excel,"Spearmint Flavoured Sugar Free Chewing Gum, 18 Pieces, 3 Packs","ExcelSpearmint Flavoured Sugar Free Chewing Gum, 18 Pieces, 3 Packs77 g",$4.29ea,,$5.57/ 100g,False,816.0,
snacks,Wrigley,"Fruit Flavoured Chewing Gum, 60 Pieces, 1 Bottle","WrigleyFruit Flavoured Chewing Gum, 60 Pieces, 1 Bottle83 g",$4.79ea,,$5.77/ 100g,False,817.0,
snacks,Pringles,Salt & Vinegar Flavour Potato Chips,PringlesSalt & Vinegar Flavour Potato Chips156 g,$2.99ea,,$1.92/ 100g,False,818.0,
snacks,Dole, Peaches In Strawberry Flavoured Gel,Dole Peaches In Strawberry Flavoured Gel492 g,$4.29ea,$3.29ea,$0.67/ 100g,True,819.0,saleEnds 04/05
snacks,Hershey's,Cookies 'N' Crème Egg,Hershey'sCookies 'N' Crème Egg34 g,$1.49ea,,$4.38/ 100g,False,820.0,
snacks,Dole, Mandarins In Orange Gel,Dole Mandarins In Orange Gel492 g,$4.29ea,$3.29ea,$0.67/ 100g,True,821.0,saleEnds 04/05
snacks,President's Choice,Fine Cracker Assortment,President's ChoiceFine Cracker Assortment250 g,$5.49ea,,$2.20/ 100g,False,822.0,
snacks,Kashi,"7 Grain with Quinoa Crunchy Bars, Chocolate Chip Chia 10 Bars","Kashi7 Grain with Quinoa Crunchy Bars, Chocolate Chip Chia 10 Bars200 g",$4.29ea,,$2.15/ 100g,False,823.0,
snacks,Cheez-It,Baked Snack Crackers Extra Cheesy Flavour,Cheez-ItBaked Snack Crackers Extra Cheesy Flavour200 g,$2.75ea,$2.49ea,$1.25/ 100g,True,824.0,saleEnds 03/15
snacks,Snackpack,"Snack Pack, Pudding, Vanilla","SnackpackSnack Pack, Pudding, Vanilla4x99.0 g",$1.99ea,,$0.50/ 100g,False,825.0,
snacks,M&M's,"Peanut Milk Chocolate Candies, Sharing Bag","M&M'sPeanut Milk Chocolate Candies, Sharing Bag120 g",$3.29ea,,$2.74/ 100g,False,826.0,
snacks,President's Choice,Original Kettle Cooked Chips,President's ChoiceOriginal Kettle Cooked Chips200 g,$2.49ea,,$1.25/ 100g,False,827.0,
snacks,President's Choice,Caramel Syrup,President's ChoiceCaramel Syrup428 ml,$4.19ea,,$0.98/ 100ml,False,828.0,
snacks,Haldiram,Masala Chana     ,HaldiramMasala Chana     150 g,$1.99ea,,$1.33/ 100g,False,829.0,
snacks,Leclerc,Go Pure Soft Baked Chocolate Chip Oatmeal Bars,LeclercGo Pure Soft Baked Chocolate Chip Oatmeal Bars175 g,$2.99ea,$2.79ea,$1.59/ 100g,True,830.0,saleEnds 03/15
snacks,Lindt,"LINDOR Milk Chocolate Truffles, Count of 3 Box","LindtLINDOR Milk Chocolate Truffles, Count of 3 Box36 g",$1.79ea,,$4.97/ 100g,False,831.0,
snacks,FERRERO ROCHER,"Fine Hazelnut Milk Chocolate, 3 Individually Wrapped Chocolates","FERRERO ROCHERFine Hazelnut Milk Chocolate, 3 Individually Wrapped Chocolates37.5 g",$1.79ea,,$4.77/ 100g,False,832.0,
snacks,S&F,Cream Crackers,S&FCream Crackers200 g,$1.99ea,,$1.00/ 100g,False,833.0,
snacks,Wrigley,"Bubblemint Flavoured Sugar Free Chewing Gum, 60 Pieces, 1 Bottle","WrigleyBubblemint Flavoured Sugar Free Chewing Gum, 60 Pieces, 1 Bottle83 g",$4.79ea,,$5.77/ 100g,False,834.0,
snacks,M&M's,"Peanut Butter Milk Chocolate Candies, Sharing Bag","M&M'sPeanut Butter Milk Chocolate Candies, Sharing Bag115 g",$3.29ea,,$2.86/ 100g,False,835.0,
snacks,Wrigley,"Spearmint Flavoured Mints, 1 Tin","WrigleySpearmint Flavoured Mints, 1 Tin34 g",$3.29ea,,$9.68/ 100g,False,836.0,
snacks,Mott's,"Fruitsations, Original Apple","Mott'sFruitsations, Original Apple104 ml",$2.99ea,,$2.88/ 100ml,False,837.0,
snacks,Nestle,Kit Kat Milk Chocolate Easter Bunny,NestleKit Kat Milk Chocolate Easter Bunny85 g,$5.99ea,,$7.05/ 100g,False,838.0,
snacks,Pepperidge Farm,Goldfish  Flavour Blasted  Screamin' Salt & Vinegar,Pepperidge FarmGoldfish  Flavour Blasted  Screamin' Salt & Vinegar180 g,$2.99ea,,$1.66/ 100g,False,839.0,
snacks,M&M's,"Mini Milk Chocolate Candies, Sharing Bag","M&M'sMini Milk Chocolate Candies, Sharing Bag120 g",$3.29ea,,$2.74/ 100g,False,840.0,
snacks,President's Choice,Apple Mango Sweet Potato Squeeze Fruit Snacks,President's ChoiceApple Mango Sweet Potato Squeeze Fruit Snacks4x90.0 g,$2.49ea,,$0.69/ 100g,False,841.0,
snacks,Pringles,Scorchin' Potato Chips Bbq Flavour,PringlesScorchin' Potato Chips Bbq Flavour156 g,$2.99ea,,$1.92/ 100g,False,842.0,
snacks,Haldiram,Indian Snacks Bhujia Sev,HaldiramIndian Snacks Bhujia Sev150 g,$1.99ea,,$1.33/ 100g,False,843.0,
snacks,Betty Crocker,Starburst,Betty CrockerStarburst128 g,$2.99ea,,$2.34/ 100g,False,844.0,
snacks,Orville,"Popcorn Bowl, Extra Butter","OrvillePopcorn Bowl, Extra Butter246 g",$3.99ea,$3.79ea,$1.54/ 100g,True,845.0,saleEnds 03/15
snacks,Quaker,Dipps Cookies and Cream Flavour Granola Bars,QuakerDipps Cookies and Cream Flavour Granola Bars150 g,$2.49ea,$1.79ea,$1.19/ 100g,True,846.0,saleEnds 03/15
snacks,Orville,"Popcorn, Select White","OrvillePopcorn, Select White6x86.0 g",$5.49ea,,$1.06/ 100g,False,847.0,
snacks,Leclerc,Go Pure Oatmeal Bars Apple & Cinnamon,LeclercGo Pure Oatmeal Bars Apple & Cinnamon175 g,$3.29ea,$2.79ea,$1.59/ 100g,True,848.0,saleEnds 03/15
snacks,Jack Links,"Beef Jerky, Teriyaki","Jack LinksBeef Jerky, Teriyaki80 g",$5.99ea,,$7.49/ 100g,False,849.0,
snacks,Kinder,Mini Eggs 182G,KinderMini Eggs 182G182 g,$4.99ea,,$2.74/ 100g,False,850.0,
snacks,Nature Valley,Crunchy Granola Bars Oats 'n' Honey,Nature ValleyCrunchy Granola Bars Oats 'n' Honey1.28 kg,$10.99ea,,$0.86/ 100ml,False,851.0,
snacks,No Name,Barbecue Potato Chips,No NameBarbecue Potato Chips200 g,$1.49ea,,$0.75/ 100g,False,852.0,
snacks,Christie,Crispers Barbecue Crackers,ChristieCrispers Barbecue Crackers145 g,$2.59ea,,$1.79/ 100g,False,853.0,
snacks,President's Choice,Apple Banana Squeeze Fruit Snacks,President's ChoiceApple Banana Squeeze Fruit Snacks90 g,$2.59ea,,$2.88/ 100g,False,854.0,
snacks,Grace,Green Banana Chips,GraceGreen Banana Chips85 g,$1.19ea,,$1.40/ 100g,False,855.0,
snacks,Ritz,Bits Crackers,RitzBits Crackers200 g,$2.49ea,,$1.25/ 100g,False,856.0,
snacks,Wheat Thins,Vegetable Thins Crackers 40%Less Fat,Wheat ThinsVegetable Thins Crackers 40%Less Fat200 g,$2.49ea,,$1.25/ 100g,False,857.0,
snacks,Voortman,"Strawberry Wafers, No Sugar Added","VoortmanStrawberry Wafers, No Sugar Added250 g",$3.29ea,,$1.32/ 100g,False,858.0,
snacks,M&M's,Easter Speck-tacular Peanut Butter Milk Chocolate Eggs,M&M'sEaster Speck-tacular Peanut Butter Milk Chocolate Eggs200 g,$5.99ea,,$3.00/ 100g,False,859.0,
snacks,Lindt,EXCELLENCE 90% Cacao Dark Chocolate Bar,LindtEXCELLENCE 90% Cacao Dark Chocolate Bar100 g,$4.49ea,,$4.49/ 100g,False,860.0,
snacks,The Snack Factory,"Pretzel Crisps, Original","The Snack FactoryPretzel Crisps, Original200 g",$5.99ea,,$3.00/ 100g,False,861.0,
snacks,Kurkure,Masala Munch Flavoured Snacks 115g,KurkureMasala Munch Flavoured Snacks 115g115 g,$2.19ea,,$1.90/ 100g,False,862.0,
snacks,Dare,Vinta Crackers Snacks Original,DareVinta Crackers Snacks Original200 g,$2.49ea,,$1.25/ 100g,False,863.0,
snacks,President's Choice,"World of Flavours Pineapple, Banana & Passionfruit Flavour Dark Chocolate Dessert Bar","President's ChoiceWorld of Flavours Pineapple, Banana & Passionfruit Flavour Dark Chocolate Dessert Bar100 g",$2.99ea,,$2.99/ 100g,False,864.0,
snacks,Voortman,No Sugar Added Chocolate Wafers,VoortmanNo Sugar Added Chocolate Wafers250 g,$3.29ea,,$1.32/ 100g,False,865.0,
snacks,Voortman,Orange Cream Wafers,VoortmanOrange Cream Wafers250 g,$3.29ea,,$1.32/ 100g,False,866.0,
snacks,Christie,"Triscuit Crackers, Low Sodium","ChristieTriscuit Crackers, Low Sodium200 g",$2.49ea,,$1.25/ 100g,False,867.0,
snacks,Lindt,SWISS CLASSIC Hazelnut Milk Chocolate Bar,LindtSWISS CLASSIC Hazelnut Milk Chocolate Bar100 g,$3.29ea,,$3.29/ 100g,False,868.0,
snacks,Kinder,Maxi Plush,KinderMaxi Plush116 g,$12.99ea,,$11.20/ 100g,False,869.0,
snacks,Kettle,Potato Chips Backyard Barbeque,KettlePotato Chips Backyard Barbeque198 g,$4.49ea,,$2.27/ 100g,False,870.0,
snacks,No Name,Dark Chocolate Bar,No NameDark Chocolate Bar100 g,$1.00ea,,$1.00/ 100g,False,871.0,
snacks,Leclerc,Go Pure Fruit & Oat Bars Orchard Fruit,LeclercGo Pure Fruit & Oat Bars Orchard Fruit5x140.0 g,$3.29ea,$2.79ea,$0.40/ 100g,True,872.0,saleEnds 03/15
snacks,President's Choice,The Decadent Chocolate Chip Cookie ,President's ChoiceThe Decadent Chocolate Chip Cookie 500 g,$5.99ea,,$1.20/ 100g,False,873.0,
snacks,Skittles,Sour,SkittlesSour151 g,$3.49ea,,$2.31/ 100g,False,874.0,
snacks,Quaker,Crispy Minis Ketchup flavour brown rice chips,QuakerCrispy Minis Ketchup flavour brown rice chips100 g,$2.79ea,,$2.79/ 100g,False,875.0,
snacks,Dare,Whippet Original Cookies,DareWhippet Original Cookies250 g,$2.99ea,,$1.20/ 100g,False,876.0,
snacks,Cheetos,Crunchy Cheddar Jalapeño Flavour Cheese Flavoured Snacks,CheetosCrunchy Cheddar Jalapeño Flavour Cheese Flavoured Snacks285 g,$3.99ea,,$1.40/ 100g,False,877.0,
snacks,Nature Valley,Sweet & Salty Peanut Chewy Granola Bars,Nature ValleySweet & Salty Peanut Chewy Granola Bars210 g,$3.49ea,,$1.66/ 100g,False,878.0,
snacks,Christie,Chips Ahoy! Chewy Cookies,ChristieChips Ahoy! Chewy Cookies271 g,$2.49ea,,$0.92/ 100g,False,879.0,
snacks,Leclerc,Celebration Caramel Milk Chocolate Cookies,LeclercCelebration Caramel Milk Chocolate Cookies240 g,$2.99ea,,$1.25/ 100g,False,880.0,
snacks,Miss Vickies,Original Recipe kettle cooked potato chips 200g,Miss VickiesOriginal Recipe kettle cooked potato chips 200g200 g,$4.49ea,,$2.25/ 100g,False,881.0,
snacks,Peek Freans,Family Digestive Biscuits,Peek FreansFamily Digestive Biscuits300 g,$4.29ea,,$1.43/ 100g,False,882.0,
snacks,Lay's,Wavy Original potato chips,Lay'sWavy Original potato chips235 g,$3.99ea,,$1.70/ 100g,False,883.0,
snacks,Oreo,Oreo Double Stuf Golden Cookies,OreoOreo Double Stuf Golden Cookies261 g,$2.49ea,,$0.95/ 100g,False,884.0,
snacks,PopCorners,Sweet & Salty Kettle Corn Style Flavoured Popped-Corn Chips 142g,PopCornersSweet & Salty Kettle Corn Style Flavoured Popped-Corn Chips 142g142 g,$5.49ea,,$3.87/ 100g,False,885.0,
snacks,Lay's,Cheddar Jalapeño flavoured potato chips,Lay'sCheddar Jalapeño flavoured potato chips235 g,$3.99ea,,$1.70/ 100g,False,886.0,
snacks,Christie,Chips Ahoy! Rainbow Cookies,ChristieChips Ahoy! Rainbow Cookies258 g,$2.49ea,,$0.97/ 100g,False,887.0,
snacks,PopCorners,Sea Salt Popped-Corn Chips 142g,PopCornersSea Salt Popped-Corn Chips 142g142 g,$5.49ea,,$3.87/ 100g,False,888.0,
snacks,Nestle,Smarties Candy Coated Milk Chocolate Pouch,NestleSmarties Candy Coated Milk Chocolate Pouch203 g,$4.59ea,,$2.26/ 100g,False,889.0,
snacks,Pepperidge Farm,Goldfish  Cheddar,Pepperidge FarmGoldfish  Cheddar200 g,$2.99ea,,$1.50/ 100g,False,890.0,
snacks,Pepperidge Farm,Goldfish  Cheese Trio,Pepperidge FarmGoldfish  Cheese Trio200 g,$2.99ea,,$1.50/ 100g,False,891.0,
snacks,Pepperidge Farm,Goldfish Cheddar (6 Pack),Pepperidge FarmGoldfish Cheddar (6 Pack)6x28.0 g,$2.99ea,,$1.78/ 100g,False,892.0,
snacks,Pepperidge Farm,Goldfish Colours (6 Pack),Pepperidge FarmGoldfish Colours (6 Pack)156 g,$2.99ea,,$1.92/ 100g,False,893.0,
snacks,Lay's,Oven Baked Potato Chips Original 177g,Lay'sOven Baked Potato Chips Original 177g177 g,$3.99ea,,$2.25/ 100g,False,894.0,
snacks,Lay's,Classic potato chips,Lay'sClassic potato chips235 g,$3.99ea,,$1.70/ 100g,False,895.0,
