category,brand,product_text,product_name,price_text,sale_price,per_unit_price_text,is_sale,ranking,sale_valid_to
dairy_and_eggs,No Name,Large Grade A Eggs,No NameLarge Grade A Eggs12 eggs,$3.75ea,,$0.31/ 1ea,False,1.0,
dairy_and_eggs,No Name,Salted Butter,No NameSalted Butter454 g,$6.49ea,,$1.43/ 100g,False,2.0,
dairy_and_eggs,No Name,"White Large Eggs, 30 Pack ","No NameWhite Large Eggs, 30 Pack 30 ea",$9.49ea,,$0.32/ 1ea,False,3.0,
dairy_and_eggs,No Name,Sour Cream 14%,No NameSour Cream 14%500 ml,$3.99ea,,$0.80/ 100ml,False,4.0,
dairy_and_eggs,Neilson,Partly Skimmed Milk 1% MF,NeilsonPartly Skimmed Milk 1% MF4 l,$5.89ea,,$0.15/ 100ml,False,5.0,
dairy_and_eggs,Neilson,Half and Half Cream,NeilsonHalf and Half Cream1 l,$3.99ea,,$0.40/ 100ml,False,6.0,
dairy_and_eggs,Neilson,Trutaste Partially Skimmed Milk 2 percent MF,NeilsonTrutaste Partially Skimmed Milk 2 percent MF4 l,$6.29ea,,$0.16/ 100ml,False,7.0,
dairy_and_eggs,No Name,Unsalted Butter,No NameUnsalted Butter454 g,$6.49ea,,$1.43/ 100g,False,8.0,
dairy_and_eggs,No Name,Grade A Extra Large Eggs,No NameGrade A Extra Large Eggs12 eggs,$4.39ea,,$0.37/ 1ea,False,9.0,
dairy_and_eggs,No Name,Farmer's Marble Cheese,No NameFarmer's Marble Cheese700 g,$9.99ea,,$1.43/ 100g,False,10.0,
dairy_and_eggs,Neilson,Homogenized Milk 3.25%,NeilsonHomogenized Milk 3.25%4 l,$6.89ea,,$0.17/ 100ml,False,11.0,
dairy_and_eggs,No Name,Pasteurized Cream Cheese,No NamePasteurized Cream Cheese250 g,$3.99ea,,$1.60/ 100g,False,12.0,
dairy_and_eggs,No Name,5% M.F. Light Sour Cream,No Name5% M.F. Light Sour Cream500 ml,$3.99ea,,$0.80/ 100ml,False,13.0,
dairy_and_eggs,Gay Lea,"Sour Cream, Regular 14%","Gay LeaSour Cream, Regular 14%500 ml",$4.29ea,,$0.86/ 100ml,False,14.0,
dairy_and_eggs,Philadelphia,Original Cream Cheese Product,PhiladelphiaOriginal Cream Cheese Product227 g,$5.49ea,,$2.42/ 100g,False,15.0,
dairy_and_eggs,Natrel,Lactose Free 2% Dairy Product (2L),NatrelLactose Free 2% Dairy Product (2L)2 l,$6.89ea,,$0.34/ 100ml,False,16.0,
dairy_and_eggs,Neilson,"True Taste, 2% Milk","NeilsonTrue Taste, 2% Milk2 l",$5.69ea,,$0.28/ 100ml,False,17.0,
dairy_and_eggs,Gray Ridge,Premium Large Eggs,Gray RidgePremium Large Eggs18 eggs,$6.89ea,,$0.38/ 1ea,False,18.0,
dairy_and_eggs,No Name,Old Cheddar Cheese,No NameOld Cheddar Cheese700 g,$9.99ea,,$1.43/ 100g,False,19.0,
dairy_and_eggs,PhillySwirl,Original Brick Cream Cheese,PhillySwirlOriginal Brick Cream Cheese250 g,$5.49ea,,$2.20/ 100g,False,20.0,
dairy_and_eggs,No Name,Pizza Mozzarella Cheese with 28% M.F.,No NamePizza Mozzarella Cheese with 28% M.F.400 g,$5.99ea,,$1.50/ 100g,False,21.0,
dairy_and_eggs,Becel,Margarine Original,BecelMargarine Original850 g,$9.29ea,$6.99ea,$0.82/ 100g,True,22.0,saleEnds 03/15
dairy_and_eggs,No Name,"Pizza Mozzarella Cheese, 28% MF","No NamePizza Mozzarella Cheese, 28% MF700 g",$9.99ea,,$1.43/ 100g,False,23.0,
dairy_and_eggs,Neilson,TruTaste 1% Milk,NeilsonTruTaste 1% Milk4 l,$6.29ea,,$0.16/ 100ml,False,24.0,
dairy_and_eggs,No Name,Old Cheddar Cheese,No NameOld Cheddar Cheese400 g,$5.99ea,,$1.50/ 100g,False,25.0,
dairy_and_eggs,Neilson,Trutaste Light Cream,NeilsonTrutaste Light Cream1 l,$3.99ea,,$0.40/ 100ml,False,26.0,
dairy_and_eggs,President's Choice,French Onion Greek Yogurt Dip,President's ChoiceFrench Onion Greek Yogurt Dip227 g,$3.79ea,,$1.67/ 100g,False,27.0,
dairy_and_eggs,Riviera,Crème Fraiche,RivieraCrème Fraiche2x120.0 ml,$4.79ea,,$2.00/ 100ml,False,28.0,
dairy_and_eggs,Neilson,Chocolate Milk,NeilsonChocolate Milk237 ml,$2.09ea,,$0.88/ 100ml,False,29.0,
dairy_and_eggs,Neilson,Trutaste Lactose Free 2% Milk,NeilsonTrutaste Lactose Free 2% Milk1 l,$4.59ea,,$0.46/ 100ml,False,30.0,
dairy_and_eggs,Gay Lea,Butter 82 Farmhouse ,Gay LeaButter 82 Farmhouse 250 g,$7.49ea,$6.99ea,$2.80/ 100g,True,31.0,saleEnds 03/15
dairy_and_eggs,No Name,Medium Grade A White Eggs,No NameMedium Grade A White Eggs12 eggs,$3.59ea,,$0.30/ 1ea,False,32.0,
dairy_and_eggs,Nestle,Coffee Mate Liquid French Vanilla Value Size,NestleCoffee Mate Liquid French Vanilla Value Size1.89 l,$8.99ea,,$0.48/ 100ml,False,33.0,
dairy_and_eggs,No Name,Cream Cheese Spread with Everything Bagel Seasoning,No NameCream Cheese Spread with Everything Bagel Seasoning227 g,$3.99ea,,$1.76/ 100g,False,34.0,
dairy_and_eggs,Gay Lea,Lactose Free Cottage Cheese,Gay LeaLactose Free Cottage Cheese450 g,$5.99ea,,$1.33/ 100g,False,35.0,
dairy_and_eggs,Philadelphia,Onion Dip,PhiladelphiaOnion Dip340 g,$7.99ea,,$2.35/ 100g,False,36.0,
dairy_and_eggs,Lactantia,Partly Skimmed Milk Lactose Free 1% M.F.,LactantiaPartly Skimmed Milk Lactose Free 1% M.F.2 l,$6.29ea,,$0.31/ 100ml,False,37.0,
dairy_and_eggs,Black Diamond,Sliced Marble Cheddar Cheese,Black DiamondSliced Marble Cheddar Cheese240 g,$5.99ea,,$2.50/ 100g,False,38.0,
dairy_and_eggs,Gray Ridge,"Grade A Eggs, Super Extra-Large","Gray RidgeGrade A Eggs, Super Extra-Large12 eggs",$5.39ea,,$0.45/ 1ea,False,39.0,
dairy_and_eggs,President's Choice,Lactose Free 2% M.F. Cottage Cheese,President's ChoiceLactose Free 2% M.F. Cottage Cheese500 g,$5.49ea,,$1.10/ 100g,False,40.0,
dairy_and_eggs,President's Choice,Gouda Cheese,President's ChoiceGouda Cheese400 g,$6.49ea,,$1.62/ 100g,False,41.0,
dairy_and_eggs,Heluva,Jalapeno Cheddar Dip,HeluvaJalapeno Cheddar Dip250 g,$4.49ea,,$1.80/ 100g,False,42.0,
dairy_and_eggs,Philadelphia,Chive Whipped Cream Cheese Product,PhiladelphiaChive Whipped Cream Cheese Product227 g,$5.49ea,,$2.42/ 100g,False,43.0,
dairy_and_eggs,Saputo, Lactose Free Mozzarellissima,Saputo Lactose Free Mozzarellissima690 g,$13.49ea,,$1.96/ 100g,False,44.0,
dairy_and_eggs,Liberte,3.25% Goat Milk,Liberte3.25% Goat Milk4 l,$12.99ea,,$0.32/ 100ml,False,45.0,
dairy_and_eggs,Goldegg,"Golden D White Eggs, Large","GoldeggGolden D White Eggs, Large18 eggs",$8.19ea,,$0.46/ 1ea,False,46.0,
dairy_and_eggs,Gay Lea,Butter Salted Organic ,Gay LeaButter Salted Organic 250 g,$7.49ea,$6.99ea,$2.80/ 100g,True,47.0,saleEnds 03/15
dairy_and_eggs,No Name,Light 5% M.F. Sour Cream ,No NameLight 5% M.F. Sour Cream 250 ml,$2.99ea,,$1.20/ 100ml,False,48.0,
dairy_and_eggs,Cracker Barrel,Bar Old Cheddar,Cracker BarrelBar Old Cheddar400 g,$9.79ea,,$2.45/ 100g,False,49.0,
dairy_and_eggs,Gay Lea,Butter Garlic Parsley ,Gay LeaButter Garlic Parsley 125 g,$4.29ea,,$3.43/ 100g,False,50.0,
dairy_and_eggs,Natrel,Lactose Free 1% Dairy Product (2L),NatrelLactose Free 1% Dairy Product (2L)2 l,$6.89ea,,$0.34/ 100ml,False,51.0,
dairy_and_eggs,Nestle,Nesquik Milkshake,NestleNesquik Milkshake473 ml,$3.15ea,,$0.67/ 100ml,False,52.0,
dairy_and_eggs,Yoso,"Coconut Yogurt, Chocolate","YosoCoconut Yogurt, Chocolate440 g",$5.99ea,,$1.36/ 100g,False,53.0,
dairy_and_eggs,Baileys,"Coffee Creamer, Caramel","BaileysCoffee Creamer, Caramel400 ml",$3.49ea,$2.49ea,$0.62/ 100ml,True,54.0,saleEnds 04/05
dairy_and_eggs,Cracker Barrel,Slice Old White,Cracker BarrelSlice Old White200 g,$5.99ea,,$3.00/ 100g,False,55.0,
dairy_and_eggs,Gay Lea,"Butter Sticks, Salted","Gay LeaButter Sticks, Salted454 g",$8.99ea,,$1.98/ 100g,False,56.0,
dairy_and_eggs,Green Valley,Rowe Farm Free Run XL,Green ValleyRowe Farm Free Run XL12 eggs,$6.79ea,,$0.57/ 1ea,False,57.0,
dairy_and_eggs,Gay Lea,"Nordica Cottage Cheese, 2%","Gay LeaNordica Cottage Cheese, 2%750 g",$7.99ea,,$1.07/ 100g,False,58.0,
dairy_and_eggs,President's Choice,Havarti Sliced Cheese,President's ChoiceHavarti Sliced Cheese210 g,$5.49ea,,$2.61/ 100g,False,59.0,
dairy_and_eggs,No Name,1% M.F. Light Cottage Cheese,No Name1% M.F. Light Cottage Cheese500 g,$4.99ea,,$1.00/ 100g,False,60.0,
dairy_and_eggs,President's Choice,Plant Based Butter Alternative Unsalted,President's ChoicePlant Based Butter Alternative Unsalted454 g,$4.99ea,,$1.10/ 100g,False,61.0,
dairy_and_eggs,President's Choice,Lactose Free Pizza Mozzarella Shredded Cheese,President's ChoiceLactose Free Pizza Mozzarella Shredded Cheese320 g,$6.49ea,,$2.03/ 100g,False,62.0,
dairy_and_eggs,Gray Ridge,"Brown Eggs, Large","Gray RidgeBrown Eggs, Large18 eggs",$7.19ea,,$0.40/ 1ea,False,63.0,
dairy_and_eggs,No Name,68% Vegetable Oil Margarine ,No Name68% Vegetable Oil Margarine 907 g,$4.49ea,,$0.50/ 100g,False,64.0,
dairy_and_eggs,No Name, 75% Vegetable Oil Margarine Squares,No Name 75% Vegetable Oil Margarine Squares1.36 kg,$7.99ea,,$0.59/ 100g,False,65.0,
dairy_and_eggs,Black Diamond,Lactose-free Mozzarella Cheese,Black DiamondLactose-free Mozzarella Cheese300 g,$6.99ea,,$2.33/ 100g,False,66.0,
dairy_and_eggs,Milk 2 Go,"Sport, Chocolate","Milk 2 GoSport, Chocolate325 ml",$2.49ea,$2.29ea,$0.70/ 100ml,True,67.0,saleEnds 04/05
dairy_and_eggs,Liberte,Kéfir Organic 1% MF Plain,LiberteKéfir Organic 1% MF Plain1000 g,$6.99ea,,$0.70/ 100g,False,68.0,
dairy_and_eggs,President's Choice,Havarti Cheese,President's ChoiceHavarti Cheese400 g,$6.49ea,,$1.62/ 100g,False,69.0,
dairy_and_eggs,Burnbrae Farms,"Egg Creations, Cheese & Chives","Burnbrae FarmsEgg Creations, Cheese & Chives500 g",$5.29ea,,$1.06/ 100g,False,70.0,
dairy_and_eggs,Black Diamond,Lactose Free Marble Cheese ,Black DiamondLactose Free Marble Cheese 300 g,$6.99ea,,$2.33/ 100g,False,71.0,
dairy_and_eggs,Neilson,Half and Half Cream,NeilsonHalf and Half Cream473 ml,$3.79ea,,$0.80/ 100ml,False,72.0,
dairy_and_eggs,International Delight,Southern Butter Pecan Coffee Creamer,International DelightSouthern Butter Pecan Coffee Creamer946 ml,$5.99ea,,$0.63/ 100ml,False,73.0,
dairy_and_eggs,Pillsbury,Grands Cookie Dough Chocolate Chip,PillsburyGrands Cookie Dough Chocolate Chip454 g,$5.29ea,,$1.17/ 100g,False,74.0,
dairy_and_eggs,Neilson,Skim Milk,NeilsonSkim Milk4 l,$5.89ea,,$0.15/ 100ml,False,75.0,
dairy_and_eggs,Neilson,Homogenized Milk,NeilsonHomogenized Milk2 l,$5.29ea,,$0.26/ 100ml,False,76.0,
dairy_and_eggs,Becel,Margarine with Avocado Oil,BecelMargarine with Avocado Oil850 g,$9.29ea,$6.99ea,$0.82/ 100g,True,77.0,saleEnds 03/15
dairy_and_eggs,Hans,Dairy 3.2% Natural Yogurt,HansDairy 3.2% Natural Yogurt750 g,$2.99ea,,$0.40/ 100g,False,78.0,
dairy_and_eggs,No Name,Light Medium Cheddar Cheese,No NameLight Medium Cheddar Cheese400 g,$5.99ea,,$1.50/ 100g,False,79.0,
dairy_and_eggs,Burnbrae Farms,Naturegg Simply Egg Whites,Burnbrae FarmsNaturegg Simply Egg Whites1 ea,$5.29ea,,$1.06/ 100ml,False,80.0,
dairy_and_eggs,Black Diamond,Processed Cheddar Cheese Slices Thick,Black DiamondProcessed Cheddar Cheese Slices Thick410 g,$4.99ea,,$1.22/ 100g,False,81.0,
dairy_and_eggs,Black Diamond,Cheese Sauce White Cheddar,Black DiamondCheese Sauce White Cheddar300 g,$6.99ea,,$2.33/ 100g,False,82.0,
dairy_and_eggs,No Name,Cream Cheese Product With Strawberries,No NameCream Cheese Product With Strawberries227 g,$3.99ea,,$1.76/ 100g,False,83.0,
dairy_and_eggs,Olivina,Margarine,OlivinaMargarine427 g,$5.49ea,,$1.29/ 100g,False,84.0,
dairy_and_eggs,Becel,Calorie-Reduced Margarine Light,BecelCalorie-Reduced Margarine Light907 g,$9.29ea,$6.99ea,$0.82/ 100g,True,85.0,saleEnds 03/15
dairy_and_eggs,Cracker Barrel,Bar Marble Cheddar Light,Cracker BarrelBar Marble Cheddar Light400 g,$9.79ea,,$2.45/ 100g,False,86.0,
dairy_and_eggs,Cracker Barrel,Sweet Combo,Cracker BarrelSweet Combo129 g,$5.79ea,,$4.49/ 100g,False,87.0,
dairy_and_eggs,No Name,Processed Cheese Product Thick Slices Cheddar Flavour,No NameProcessed Cheese Product Thick Slices Cheddar Flavour800 g,$7.99ea,,$1.00/ 100g,False,88.0,
dairy_and_eggs,Neilson,Ultrafiltered Skim Milk 0% M.F.,NeilsonUltrafiltered Skim Milk 0% M.F.1 l,$3.69ea,$3.29ea,$0.33/ 100ml,True,89.0,saleEnds 04/05
dairy_and_eggs,Natrel,Fine-filtered 10% Half & Half Cream,NatrelFine-filtered 10% Half & Half Cream1 l,$5.09ea,,$0.51/ 100ml,False,90.0,
dairy_and_eggs,Nestle,Coffee Mate Liquid Hazelnut,NestleCoffee Mate Liquid Hazelnut946 ml,$6.49ea,$5.49ea,$0.58/ 100ml,True,91.0,saleEnds 03/15
dairy_and_eggs,Tre Stelle,Paneer,Tre StellePaneer350 g,$5.39ea,,$1.54/ 100g,False,92.0,
dairy_and_eggs,Black Diamond,Natural Cheese Slices Lactose Free Mozzarella Cheese 27% M.F,Black DiamondNatural Cheese Slices Lactose Free Mozzarella Cheese 27% M.F220 g,$5.99ea,,$2.72/ 100g,False,93.0,
dairy_and_eggs,Gay Lea,Butter 84 Baker's Gold ,Gay LeaButter 84 Baker's Gold 250 g,$7.49ea,$6.99ea,$2.80/ 100g,True,94.0,saleEnds 03/15
dairy_and_eggs,PC Blue Menu,"Free Run Omega-3 Hard-Boiled Peeled Eggs, Pack of 3","PC Blue MenuFree Run Omega-3 Hard-Boiled Peeled Eggs, Pack of 33x88.0 g",$4.99ea,,$5.67/ 100g,False,95.0,
dairy_and_eggs,Cracker Barrel,Slice Mozz,Cracker BarrelSlice Mozz240 g,$5.99ea,,$2.50/ 100g,False,96.0,
dairy_and_eggs,Black Diamond,Cheestrings Mozzarella 18% M.F.,Black DiamondCheestrings Mozzarella 18% M.F.336 g,$6.99ea,,$2.08/ 100g,False,97.0,
dairy_and_eggs,President's Choice,Plain 2% M.F. Greek Yogurt,President's ChoicePlain 2% M.F. Greek Yogurt4x100.0 g,$4.49ea,,$1.12/ 100g,False,98.0,
dairy_and_eggs,Black Diamond,"Cheese, Pizza Mozzarella Stringable Marbelicious Zêbrés 18% M.F.","Black DiamondCheese, Pizza Mozzarella Stringable Marbelicious Zêbrés 18% M.F.252 g",$6.99ea,,$2.77/ 100g,False,99.0,
dairy_and_eggs,President's Choice,Smoke Flavoured Shredded Cheddar Cheese ,President's ChoiceSmoke Flavoured Shredded Cheddar Cheese 320 g,$6.49ea,,$2.03/ 100g,False,100.0,
dairy_and_eggs,Liberte,Greek Yogurt Double Cream Plain 8% MF,LiberteGreek Yogurt Double Cream Plain 8% MF650 g,$6.49ea,,$1.00/ 100g,False,101.0,
dairy_and_eggs,Olympic,"Organic Probiotic Yogurt, Mango","OlympicOrganic Probiotic Yogurt, Mango650 g",$4.99ea,,$0.77/ 100g,False,102.0,
dairy_and_eggs,Black Diamond,Cheestrings Mozzarella Lactose Free 18% M.F.,Black DiamondCheestrings Mozzarella Lactose Free 18% M.F.252 g,$6.99ea,,$2.77/ 100g,False,103.0,
dairy_and_eggs,Armstrong,Snack Marble Cheese,ArmstrongSnack Marble Cheese210 g,$6.99ea,,$3.33/ 100g,False,104.0,
dairy_and_eggs,President's Choice,Salad Topper Shredded Cheese Blend,President's ChoiceSalad Topper Shredded Cheese Blend300 g,$6.49ea,,$2.16/ 100g,False,105.0,
dairy_and_eggs,Yoplait,Lactose Free Strawberry/Raspberry Drinkable Yogurt,YoplaitLactose Free Strawberry/Raspberry Drinkable Yogurt200 ml,$1.59ea,,$0.80/ 100ml,False,106.0,
dairy_and_eggs,President's Choice,"Plant Based Cultured Coconut Milk Yogurt Alternative, Vanilla","President's ChoicePlant Based Cultured Coconut Milk Yogurt Alternative, Vanilla500 g",$4.79ea,,$0.96/ 100g,False,107.0,
dairy_and_eggs,President's Choice,"Yogurt, Mango Coconut Kefir Probiotic Fermented 1% M.F. Milk","President's ChoiceYogurt, Mango Coconut Kefir Probiotic Fermented 1% M.F. Milk1 l",$4.79ea,,$0.48/ 100ml,False,108.0,
dairy_and_eggs,Cracker Barrel,Cheddar Cheese Old Probiotic 34% M.F.,Cracker BarrelCheddar Cheese Old Probiotic 34% M.F.168 g,$6.49ea,$5.99ea,$3.57/ 100g,True,109.0,saleEnds 03/15
dairy_and_eggs,siggi's,Lemon 3.25% M.F. Creamy Skyr,siggi'sLemon 3.25% M.F. Creamy Skyr650 g,$6.99ea,$6.49ea,$1.00/ 100g,True,110.0,saleEnds 03/15
dairy_and_eggs,No Name,Coffee Whitener,No NameCoffee Whitener1 kg,$8.49ea,,$0.85/ 100g,False,111.0,
dairy_and_eggs,Nestle,"Coffee-Mate, Original","NestleCoffee-Mate, Original1.4 kg",$13.99ea,,$1.00/ 100g,False,112.0,
dairy_and_eggs,Woolwich,Dairy Old Goat's Milk Cheddar Cheese,WoolwichDairy Old Goat's Milk Cheddar Cheese200 g,$9.99ea,$8.99ea,$4.50/ 100g,True,113.0,saleEnds 03/15
dairy_and_eggs,Liberte,Kéfir 1% MF Mango,LiberteKéfir 1% MF Mango1000 ml,$6.49ea,,$0.65/ 100ml,False,114.0,
dairy_and_eggs,Astro,"Original Yogurt, Banana Cream 6%","AstroOriginal Yogurt, Banana Cream 6%650 g",$3.99ea,,$0.61/ 100g,False,115.0,
dairy_and_eggs,Liberte,Greek Cherry 2% MF Yogurt,LiberteGreek Cherry 2% MF Yogurt750 g,$6.49ea,,$0.87/ 100g,False,116.0,
dairy_and_eggs,IOGO,3.2% M.F. Yogurt,IOGO3.2% M.F. Yogurt12x100.0 g,$7.49ea,$6.49ea,$0.54/ 100g,True,117.0,saleEnds 03/15
dairy_and_eggs,President's Choice,Triple Cheddar Shredded Cheese Blend ,President's ChoiceTriple Cheddar Shredded Cheese Blend 620 g,$12.49ea,,$2.01/ 100g,False,118.0,
dairy_and_eggs,Astro,"Original Balkan Style Yogurt, Plain 0%","AstroOriginal Balkan Style Yogurt, Plain 0%750 g",$4.49ea,$3.99ea,$0.53/ 100g,True,119.0,saleEnds 03/15
dairy_and_eggs,President's Choice,Plant Based Kefir Probiotic Fermented Coconut Milk,President's ChoicePlant Based Kefir Probiotic Fermented Coconut Milk1 l,$4.79ea,,$0.48/ 100ml,False,120.0,
dairy_and_eggs,Melt,"Organic Spread, Rich & Creamy  ","MeltOrganic Spread, Rich & Creamy  368 g",$5.49ea,,$1.49/ 100g,False,121.0,
dairy_and_eggs,Violife,Mozzarella Style Shreds ,ViolifeMozzarella Style Shreds 227 g,$6.99ea,,$3.08/ 100g,False,122.0,
dairy_and_eggs,Black Diamond,Cheestrings Marble 18% M.F.,Black DiamondCheestrings Marble 18% M.F.588 g,$12.29ea,,$2.09/ 100g,False,123.0,
dairy_and_eggs,President's Choice,Pizza Mozzarella Shredded Cheese,President's ChoicePizza Mozzarella Shredded Cheese320 g,$6.49ea,,$2.03/ 100g,False,124.0,
dairy_and_eggs,President's Choice,Smoke Flavoured Cheddar Cheese,President's ChoiceSmoke Flavoured Cheddar Cheese400 g,$6.49ea,,$1.62/ 100g,False,125.0,
dairy_and_eggs,Neilson,Whipping Cream 35 percent MF,NeilsonWhipping Cream 35 percent MF1 l,$9.49ea,,$0.95/ 100ml,False,126.0,
dairy_and_eggs,The A2 Milk Company,2% M.F. Partly Skimmed Milk,The A2 Milk Company2% M.F. Partly Skimmed Milk2 l,$5.49ea,,$0.27/ 100ml,False,127.0,
dairy_and_eggs,Neilson,Original Chocolate Milkshake,NeilsonOriginal Chocolate Milkshake310 ml,$2.79ea,,$0.90/ 100ml,False,128.0,
dairy_and_eggs,President's Choice,Strawberry Skyr Icelandic Style 0% M.F. Yogurt,President's ChoiceStrawberry Skyr Icelandic Style 0% M.F. Yogurt4x100.0 g,$4.49ea,,$1.12/ 100g,False,129.0,
dairy_and_eggs,Tre Stelle,Tre Stelle Cream Cheese with Herbs and Spices,Tre StelleTre Stelle Cream Cheese with Herbs and Spices200 g,$4.49ea,,$2.25/ 100g,False,130.0,
dairy_and_eggs,No Name,Medium Cheddar Cheese,No NameMedium Cheddar Cheese200 g,$3.99ea,,$2.00/ 100g,False,131.0,
dairy_and_eggs,Kraft,Singles Original Thick Slices,KraftSingles Original Thick Slices410 g,$6.29ea,,$1.53/ 100g,False,132.0,
dairy_and_eggs,PC Blue Menu,Blue Menu Calorie Reduced Margarine,PC Blue MenuBlue Menu Calorie Reduced Margarine454 g,$4.79ea,,$1.06/ 100g,False,133.0,
dairy_and_eggs,The Greek Gods,"Yogurt, Vanille","The Greek GodsYogurt, Vanille500 g",$5.49ea,,$1.10/ 100g,False,134.0,
dairy_and_eggs,Neilson,18% Creamer,Neilson18% Creamer160x9.0 ml,$11.99ea,,$0.83/ 100ml,False,135.0,
dairy_and_eggs,Neilson,Trutaste Lactose Free 1% Milk,NeilsonTrutaste Lactose Free 1% Milk2 l,$6.99ea,,$0.35/ 100ml,False,136.0,
dairy_and_eggs,Lactantia,Homogenized Milk Lactose Free 3.25% M.F.,LactantiaHomogenized Milk Lactose Free 3.25% M.F.2 l,$6.59ea,,$0.33/ 100ml,False,137.0,
dairy_and_eggs,PC Organics,Organic Partly Skimmed 1% Milk,PC OrganicsOrganic Partly Skimmed 1% Milk4 l,$10.39ea,$8.99ea,$0.22/ 100ml,True,138.0,saleEnds 03/15
dairy_and_eggs,PC Blue Menu,Egg Whites,PC Blue MenuEgg Whites1 kg,$7.99ea,,$0.80/ 100g,False,139.0,
dairy_and_eggs,Black Diamond,"Cheddar Cheese Style Light, 22 Slices","Black DiamondCheddar Cheese Style Light, 22 Slices410 g",$4.99ea,,$1.22/ 100g,False,140.0,
dairy_and_eggs,Neilson,"Cream, 18%","NeilsonCream, 18%473 ml",$3.99ea,,$0.84/ 100ml,False,141.0,
dairy_and_eggs,Nestle,Coffee Mate Coffee Crisp Liquid Coffee Enhancer,NestleCoffee Mate Coffee Crisp Liquid Coffee Enhancer946 ml,$6.49ea,$5.49ea,$0.58/ 100ml,True,142.0,saleEnds 03/15
dairy_and_eggs,Black Diamond,Cheddar Cheese Thin Slices,Black DiamondCheddar Cheese Thin Slices410 g,$4.99ea,,$1.22/ 100g,False,143.0,
dairy_and_eggs,President's Choice,Monterey Jack Cheese,President's ChoiceMonterey Jack Cheese400 g,$6.49ea,,$1.62/ 100g,False,144.0,
dairy_and_eggs,Philadelphia,"Original Cream Cheese, Lactose Free","PhiladelphiaOriginal Cream Cheese, Lactose Free250 g",$6.49ea,,$2.60/ 100g,False,145.0,
dairy_and_eggs,President's Choice,Medium Cheddar Cheese,President's ChoiceMedium Cheddar Cheese400 g,$6.49ea,,$1.62/ 100g,False,146.0,
dairy_and_eggs,Neilson,Skim Milk,NeilsonSkim Milk1 l,$3.49ea,,$0.35/ 100ml,False,147.0,
dairy_and_eggs,Neilson,Half & Half Cream,NeilsonHalf & Half Cream237 ml,$2.59ea,,$1.09/ 100ml,False,148.0,
dairy_and_eggs,Nestle,Coffee Mate Double Double-Mate Liquid Coffee Enhancer,NestleCoffee Mate Double Double-Mate Liquid Coffee Enhancer946 ml,$6.49ea,$5.49ea,$0.58/ 100ml,True,149.0,saleEnds 03/15
dairy_and_eggs,Philadelphia,Onion Dip,PhiladelphiaOnion Dip227 g,$5.49ea,,$2.42/ 100g,False,150.0,
dairy_and_eggs,Milk 2 Go,Chocolate Partly Skimmed Milk 1% M.F. 6 x,Milk 2 GoChocolate Partly Skimmed Milk 1% M.F. 6 x6x200.0 ml,$5.99ea,$4.49ea,$374.17/ 100ml,True,151.0,saleEnds 04/05
dairy_and_eggs,Lactantia,3.25% M.F. Homogenized Milk,Lactantia3.25% M.F. Homogenized Milk2 l,$6.39ea,,$0.32/ 100ml,False,152.0,
dairy_and_eggs,Beatrice,"Sour Cream, Fat Free 0%","BeatriceSour Cream, Fat Free 0%500 ml",$4.29ea,,$0.86/ 100ml,False,153.0,
dairy_and_eggs,Goldegg,Omega 3 White Eggs,GoldeggOmega 3 White Eggs12 eggs,$6.39ea,,$0.53/ 1ea,False,154.0,
dairy_and_eggs,Black Diamond,Cheddar Cheese Thin Slices,Black DiamondCheddar Cheese Thin Slices410 g,$4.99ea,,$1.22/ 100g,False,155.0,
dairy_and_eggs,President's Choice,Monterey Jack Cheese,President's ChoiceMonterey Jack Cheese400 g,$6.49ea,,$1.62/ 100g,False,156.0,
dairy_and_eggs,Lactantia,"Fresh Churned Butter, Salted","LactantiaFresh Churned Butter, Salted454 g",$9.29ea,,$2.05/ 100g,False,157.0,
dairy_and_eggs,Armstrong,Pizza Mozz Cheese Slice,ArmstrongPizza Mozz Cheese Slice240 g,$6.49ea,,$2.70/ 100g,False,158.0,
dairy_and_eggs,Rowe Farms,"Green Valley Omega 3 Eggs, Large","Rowe FarmsGreen Valley Omega 3 Eggs, Large12 ea",$5.79ea,,$5.79/ 1ea,False,159.0,
dairy_and_eggs,MacLarens,Cheese Spread,MacLarensCheese Spread230 g,$8.99ea,,$3.91/ 100g,False,160.0,
dairy_and_eggs,No Name,Cheddar Flavour Processed Cheese Product Thick Slices,No NameCheddar Flavour Processed Cheese Product Thick Slices400 g,$4.49ea,,$1.12/ 100g,False,161.0,
dairy_and_eggs,Nestle,Coffee Mate Coffee Enhancer Hazelnut Value Size,NestleCoffee Mate Coffee Enhancer Hazelnut Value Size1.89 l,$8.99ea,,$0.48/ 100ml,False,162.0,
dairy_and_eggs,Becel,Buttery Taste Margarine,BecelButtery Taste Margarine680 g,$9.29ea,$6.99ea,$1.10/ 100g,True,163.0,saleEnds 03/15
dairy_and_eggs,Neilson,10% Creamer,Neilson10% Creamer160x9.0 ml,$11.09ea,,$0.77/ 100ml,False,164.0,
dairy_and_eggs,Saputo,Mozzarellissima,SaputoMozzarellissima500 g,$9.99ea,,$2.00/ 100g,False,165.0,
dairy_and_eggs,Organic Meadow,"Organic Butter, Unsalted","Organic MeadowOrganic Butter, Unsalted454 g",$11.99ea,,$2.64/ 100g,False,166.0,
dairy_and_eggs,International Delight,"Hazelnut Flavoured Coffee Creamer, 63 Servings","International DelightHazelnut Flavoured Coffee Creamer, 63 Servings946 ml",$5.99ea,,$0.63/ 100ml,False,167.0,
dairy_and_eggs,Milk 2 Go,Vanilla Flavour,Milk 2 GoVanilla Flavour473 ml,$2.69ea,,$0.57/ 100ml,False,168.0,
dairy_and_eggs,President's Choice,Plant Based Coconut Cream Cheese-Style Spread,President's ChoicePlant Based Coconut Cream Cheese-Style Spread227 g,$3.49ea,,$1.54/ 100g,False,169.0,
dairy_and_eggs,Nestle,Coffee Mate Coffee Crisp Liquid Coffee Enhancer,NestleCoffee Mate Coffee Crisp Liquid Coffee Enhancer946 ml,$6.49ea,$5.49ea,$0.58/ 100ml,True,170.0,saleEnds 03/15
dairy_and_eggs,Neilson,"Cream, 18%","NeilsonCream, 18%473 ml",$3.99ea,,$0.84/ 100ml,False,171.0,
dairy_and_eggs,PC Blue Menu,Blue Menu Calorie Reduced Margarine,PC Blue MenuBlue Menu Calorie Reduced Margarine454 g,$4.79ea,,$1.06/ 100g,False,172.0,
dairy_and_eggs,The Greek Gods,"Yogurt, Vanille","The Greek GodsYogurt, Vanille500 g",$5.49ea,,$1.10/ 100g,False,173.0,
dairy_and_eggs,Neilson,18% Creamer,Neilson18% Creamer160x9.0 ml,$11.99ea,,$0.83/ 100ml,False,174.0,
dairy_and_eggs,President's Choice,Smoke Flavoured Cheddar Cheese,President's ChoiceSmoke Flavoured Cheddar Cheese400 g,$6.49ea,,$1.62/ 100g,False,175.0,
dairy_and_eggs,Kraft,Singles Original Thick Slices,KraftSingles Original Thick Slices410 g,$6.29ea,,$1.53/ 100g,False,176.0,
dairy_and_eggs,Gay Lea,Butter 84% Sea Salted ,Gay LeaButter 84% Sea Salted 250 g,$7.49ea,$6.99ea,$2.80/ 100g,True,177.0,saleEnds 03/15
dairy_and_eggs,No Name,Margarine,No NameMargarine454 g,$3.79ea,,$0.83/ 100g,False,178.0,
dairy_and_eggs,Natrel,Natrel Plus 2% Lactose Free Enriched Milk,NatrelNatrel Plus 2% Lactose Free Enriched Milk2 l,$7.39ea,,$0.37/ 100ml,False,179.0,
dairy_and_eggs,Pillsbury,Grands! Cinnamon Rolls with Cream Cheese Icing,PillsburyGrands! Cinnamon Rolls with Cream Cheese Icing496 g,$5.29ea,,$1.07/ 100g,False,180.0,
dairy_and_eggs,No Name,Light Marble Cheddar Cheese,No NameLight Marble Cheddar Cheese200 g,$3.99ea,,$2.00/ 100g,False,181.0,
dairy_and_eggs,The A2 Milk Company,2% M.F. Partly Skimmed Milk,The A2 Milk Company2% M.F. Partly Skimmed Milk2 l,$5.49ea,,$0.27/ 100ml,False,182.0,
dairy_and_eggs,Gay Lea,Unsalted Butter,Gay LeaUnsalted Butter454 g,$8.49ea,,$1.87/ 100g,False,183.0,
dairy_and_eggs,Woolwich,Partially Skimmed Goat Milk 2%,WoolwichPartially Skimmed Goat Milk 2%4 l,$10.99ea,,$0.27/ 100ml,False,184.0,
dairy_and_eggs,Lactantia,Homogenized Milk Lactose Free 3.25% M.F.,LactantiaHomogenized Milk Lactose Free 3.25% M.F.2 l,$6.59ea,,$0.33/ 100ml,False,185.0,
dairy_and_eggs,Milk 2 Go,"Sport, Vanilla","Milk 2 GoSport, Vanilla325 ml",$2.49ea,$2.29ea,$0.70/ 100ml,True,186.0,saleEnds 04/05
dairy_and_eggs,Starbucks,Cinnamon Dolce Latte,StarbucksCinnamon Dolce Latte828 ml,$7.99ea,$7.49ea,$0.90/ 100ml,True,187.0,saleEnds 03/29
dairy_and_eggs,PC Blue Menu,Free Run Egg Whites,PC Blue MenuFree Run Egg Whites1 g,$4.99ea,,$1.00/ 100g,False,188.0,
dairy_and_eggs,President's Choice,Strawberry Skyr Icelandic Style 0% M.F. Yogurt,President's ChoiceStrawberry Skyr Icelandic Style 0% M.F. Yogurt4x100.0 g,$4.49ea,,$1.12/ 100g,False,189.0,
dairy_and_eggs,Tre Stelle,Tre Stelle Cream Cheese with Herbs and Spices,Tre StelleTre Stelle Cream Cheese with Herbs and Spices200 g,$4.49ea,,$2.25/ 100g,False,190.0,
dairy_and_eggs,No Name,Medium Cheddar Cheese,No NameMedium Cheddar Cheese200 g,$3.99ea,,$2.00/ 100g,False,191.0,
dairy_and_eggs,Neilson,"Homogenized Milk Microfiltered, 3.25% M.F.","NeilsonHomogenized Milk Microfiltered, 3.25% M.F.1 l",$3.79ea,,$0.38/ 100ml,False,192.0,
dairy_and_eggs,Milk 2 Go,"Sport, Vanilla","Milk 2 GoSport, Vanilla325 ml",$2.49ea,$2.29ea,$0.70/ 100ml,True,193.0,saleEnds 04/05
dairy_and_eggs,No Name,Light Original Cream Cheese Product,No NameLight Original Cream Cheese Product227 g,$3.99ea,,$1.76/ 100g,False,194.0,
dairy_and_eggs,Baileys,French Vanilla,BaileysFrench Vanilla400 ml,$4.39ea,$2.49ea,$0.62/ 100ml,True,195.0,saleEnds 04/05
dairy_and_eggs,Starbucks,Cinnamon Dolce Latte,StarbucksCinnamon Dolce Latte828 ml,$7.99ea,$7.49ea,$0.90/ 100ml,True,196.0,saleEnds 03/29
dairy_and_eggs,Lactantia,"Fresh Churned Butter, Salted","LactantiaFresh Churned Butter, Salted454 g",$9.29ea,,$2.05/ 100g,False,197.0,
dairy_and_eggs,Natrel,Lactose Free Homogenized Milk,NatrelLactose Free Homogenized Milk2 l,$6.99ea,,$0.35/ 100ml,False,198.0,
dairy_and_eggs,Gay Lea,Butter 84% Sea Salted ,Gay LeaButter 84% Sea Salted 250 g,$7.49ea,$6.99ea,$2.80/ 100g,True,199.0,saleEnds 03/15
dairy_and_eggs,No Name,Margarine,No NameMargarine454 g,$3.79ea,,$0.83/ 100g,False,200.0,
dairy_and_eggs,PC Blue Menu,Free Run Egg Whites,PC Blue MenuFree Run Egg Whites1 g,$4.99ea,,$1.00/ 100g,False,201.0,
dairy_and_eggs,PC Organics,Organic Homogenized Milk,PC OrganicsOrganic Homogenized Milk4 l,$10.69ea,,$0.27/ 100ml,False,202.0,
dairy_and_eggs,No Name,Light Marble Cheddar Cheese,No NameLight Marble Cheddar Cheese200 g,$3.99ea,,$2.00/ 100g,False,203.0,
dairy_and_eggs,Tre Stelle,Tre Stelle Cream Cheese Original    ,Tre StelleTre Stelle Cream Cheese Original    200 g,$4.49ea,,$2.25/ 100g,False,204.0,
dairy_and_eggs,Gay Lea,Unsalted Butter,Gay LeaUnsalted Butter454 g,$8.49ea,,$1.87/ 100g,False,205.0,
dairy_and_eggs,Woolwich,Partially Skimmed Goat Milk 2%,WoolwichPartially Skimmed Goat Milk 2%4 l,$10.99ea,,$0.27/ 100ml,False,206.0,
dairy_and_eggs,Nanak,Paneer,NanakPaneer341 g,$5.99ea,,$1.76/ 100g,False,207.0,
dairy_and_eggs,International Delight,"Hazelnut Flavoured Coffee Creamer, 63 Servings","International DelightHazelnut Flavoured Coffee Creamer, 63 Servings946 ml",$5.99ea,,$0.63/ 100ml,False,208.0,
dairy_and_eggs,Milk 2 Go,Vanilla Flavour,Milk 2 GoVanilla Flavour473 ml,$2.69ea,,$0.57/ 100ml,False,209.0,
dairy_and_eggs,President's Choice,Plant Based Coconut Cream Cheese-Style Spread,President's ChoicePlant Based Coconut Cream Cheese-Style Spread227 g,$3.49ea,,$1.54/ 100g,False,210.0,
dairy_and_eggs,President's Choice,Old Cheddar Cheese,President's ChoiceOld Cheddar Cheese400 g,$6.49ea,,$1.62/ 100g,False,211.0,
dairy_and_eggs,Fairlife,Chocolate Lactose Free 2% Partly Skimmed Ultrafiltered Milk,FairlifeChocolate Lactose Free 2% Partly Skimmed Ultrafiltered Milk1.5 l,$5.79ea,,$0.39/ 100ml,False,212.0,
dairy_and_eggs,Cracker Barrel,Slice Swiss,Cracker BarrelSlice Swiss220 g,$5.99ea,,$2.72/ 100g,False,213.0,
dairy_and_eggs,The A2 Milk Company,3.25% M.F. Homogenized Milk,The A2 Milk Company3.25% M.F. Homogenized Milk2 l,$5.49ea,,$0.27/ 100ml,False,214.0,
dairy_and_eggs,Woolwich,Homogenized Goat Milk 3.25%MF  ,WoolwichHomogenized Goat Milk 3.25%MF  4 l,$11.49ea,,$0.29/ 100ml,False,215.0,
dairy_and_eggs,Liberte,Méditerranée Mocha 9% MF Yogurt,LiberteMéditerranée Mocha 9% MF Yogurt500 g,$5.79ea,,$1.16/ 100g,False,216.0,
dairy_and_eggs,Imperial,Margarine Club Pack,ImperialMargarine Club Pack1.36 kg,$8.99ea,,$0.71/ 100g,False,217.0,
dairy_and_eggs,President's Choice,Cheddar Cheese with Habanero,President's ChoiceCheddar Cheese with Habanero400 g,$6.49ea,,$1.62/ 100g,False,218.0,
dairy_and_eggs,Neilson,TruTaste Lactose Free 2% Milk,NeilsonTruTaste Lactose Free 2% Milk4 l,$10.79ea,,$0.27/ 100ml,False,219.0,
dairy_and_eggs,Starbucks,Caramel Macchiato Liquid Coffee Enhancer,StarbucksCaramel Macchiato Liquid Coffee Enhancer828 ml,$7.99ea,$7.49ea,$0.90/ 100ml,True,220.0,saleEnds 03/29
dairy_and_eggs,Forager Project,Cashew Yogurt Alternative Unsweetened Vanilla Bean,Forager ProjectCashew Yogurt Alternative Unsweetened Vanilla Bean680 g,$10.99ea,,$1.62/ 100g,False,221.0,
dairy_and_eggs,Black Diamond,Cheese Sauce 4 Cheese,Black DiamondCheese Sauce 4 Cheese300 g,$7.29ea,$6.99ea,$2.33/ 100g,True,222.0,saleEnds 03/15
dairy_and_eggs,No Name,68% Vegetable Oil Margarine ,No Name68% Vegetable Oil Margarine 3.17 kg,$16.49ea,,$0.52/ 100g,False,223.0,
dairy_and_eggs,No Name,75% Vegetable Oil Margarine,No Name75% Vegetable Oil Margarine454 g,$3.49ea,,$0.77/ 100g,False,224.0,
dairy_and_eggs,International Delight,Irish Creme Coffee Creamer,International DelightIrish Creme Coffee Creamer946 ml,$5.99ea,,$0.63/ 100ml,False,225.0,
dairy_and_eggs,Becel,Margarine Vegan,BecelMargarine Vegan850 g,$9.29ea,$6.99ea,$0.82/ 100g,True,226.0,saleEnds 03/15
dairy_and_eggs,Imperial,Soft Margarine Spread,ImperialSoft Margarine Spread427 g,$4.99ea,,$1.17/ 100g,False,227.0,
dairy_and_eggs,Becel,Margarine Vegan,BecelMargarine Vegan454 g,$5.49ea,,$1.29/ 100g,False,228.0,
dairy_and_eggs,No Name,Dill Pickle Sour Cream Dip,No NameDill Pickle Sour Cream Dip250 g,$3.99ea,,$1.60/ 100g,False,229.0,
dairy_and_eggs,Gay Lea,"Nordica On-The-Go Cottage Cheese, Plain","Gay LeaNordica On-The-Go Cottage Cheese, Plain4x113.0 g",$5.99ea,,$1.33/ 100g,False,230.0,
dairy_and_eggs,Nestle,Coffee Mate Liquid French Vanilla,NestleCoffee Mate Liquid French Vanilla946 ml,$6.49ea,$5.49ea,$0.58/ 100ml,True,231.0,saleEnds 03/15
dairy_and_eggs,Gay Lea,Grass Fed Salted Butter,Gay LeaGrass Fed Salted Butter250 g,$7.49ea,$6.99ea,$2.80/ 100g,True,232.0,saleEnds 03/15
dairy_and_eggs,PC Blue Menu,Original Margarine,PC Blue MenuOriginal Margarine1.81 kg,$11.99ea,,$0.66/ 100g,False,233.0,
dairy_and_eggs,PC Blue Menu,Blue Menu Original Margarine,PC Blue MenuBlue Menu Original Margarine454 g,$4.79ea,,$1.06/ 100g,False,234.0,
dairy_and_eggs,Starbucks,Almond And Oat Dairy Free Caramel Macchiato Coffee Enhancer,StarbucksAlmond And Oat Dairy Free Caramel Macchiato Coffee Enhancer828 ml,$7.99ea,$7.49ea,$0.90/ 100ml,True,235.0,saleEnds 03/29
dairy_and_eggs,No Name,2% M.F. Cottage Cheese ,No Name2% M.F. Cottage Cheese 750 g,$6.49ea,,$0.87/ 100g,False,236.0,
dairy_and_eggs,Heluva,"Sour Cream Dip, Dill Pickle","HeluvaSour Cream Dip, Dill Pickle250 g",$4.49ea,,$1.80/ 100g,False,237.0,
dairy_and_eggs,Gay Lea,Lactose Free Sour Cream,Gay LeaLactose Free Sour Cream450 ml,$4.29ea,,$0.95/ 100ml,False,238.0,
dairy_and_eggs,Kiri,Cream Cheese,KiriCream Cheese144 g,$5.99ea,,$4.16/ 100g,False,239.0,
dairy_and_eggs,Rowe Farms,Green Valley Eggs Size Large Free Run Brown,Rowe FarmsGreen Valley Eggs Size Large Free Run Brown12 eggs,$6.69ea,,$0.56/ 1ea,False,240.0,
dairy_and_eggs,Nestle,Coffee Mate French Vanilla Powder,NestleCoffee Mate French Vanilla Powder425 g,$7.49ea,,$1.76/ 100g,False,241.0,
dairy_and_eggs,Neilson,TruTaste Skim Milk,NeilsonTruTaste Skim Milk4 l,$6.29ea,,$0.16/ 100ml,False,242.0,
dairy_and_eggs,Nestle,Coffee Mate Turtles Liquid Coffee Enhancer,NestleCoffee Mate Turtles Liquid Coffee Enhancer946 ml,$6.49ea,$5.49ea,$0.58/ 100ml,True,243.0,saleEnds 03/15
dairy_and_eggs,Beatrice,Protein Milk Chocolate,BeatriceProtein Milk Chocolate460 ml,$3.49ea,,$0.76/ 100ml,False,244.0,
dairy_and_eggs,Imperial,Soft Margarine Spread,ImperialSoft Margarine Spread850 g,$8.79ea,,$1.03/ 100g,False,245.0,
dairy_and_eggs,President's Choice,Lactose Free Old Yellow Cheddar Cheese,President's ChoiceLactose Free Old Yellow Cheddar Cheese400 g,$6.49ea,,$1.62/ 100g,False,246.0,
dairy_and_eggs,International Delight,"French Vanilla Flavoured Fat Free Coffee Creamer, 63 Servings","International DelightFrench Vanilla Flavoured Fat Free Coffee Creamer, 63 Servings946 ml",$5.99ea,,$0.63/ 100ml,False,247.0,
dairy_and_eggs,No Name,Marble Cheddar Cheese Light,No NameMarble Cheddar Cheese Light400 g,$5.99ea,,$1.50/ 100g,False,248.0,
dairy_and_eggs,Gay Lea,"Sour Cream, Fat Free 1%","Gay LeaSour Cream, Fat Free 1%500 ml",$4.29ea,,$0.86/ 100ml,False,249.0,
dairy_and_eggs,PC Organics,Organic Free-Range Extra Large Brown Eggs,PC OrganicsOrganic Free-Range Extra Large Brown Eggs12 eggs,$7.69ea,,$0.64/ 1ea,False,250.0,
dairy_and_eggs,Lactantia,1% M.F. Partly Skimmed Milk,Lactantia1% M.F. Partly Skimmed Milk2 l,$5.89ea,,$0.29/ 100ml,False,251.0,
dairy_and_eggs,Neilson,TruTaste 2% Milk,NeilsonTruTaste 2% Milk1 l,$4.19ea,,$0.42/ 100ml,False,252.0,
dairy_and_eggs,Pillsbury,Holiday Premium Edition Cookies,PillsburyHoliday Premium Edition Cookies396 g,$4.49ea,,$1.13/ 100g,False,253.0,
dairy_and_eggs,Natrel,Natrel Plus 2% Lactose Free Chocolate Enriched Milk,NatrelNatrel Plus 2% Lactose Free Chocolate Enriched Milk2 l,$7.39ea,,$0.37/ 100ml,False,254.0,
dairy_and_eggs,Sweet Loren's,Gluten Free Cookie Fudgy Brownie,Sweet Loren'sGluten Free Cookie Fudgy Brownie340 g,$8.29ea,,$2.44/ 100g,False,255.0,
dairy_and_eggs,Burnbrae Farms,Eggs2go! 6 Hard Boiled Peeled Eggs,Burnbrae FarmsEggs2go! 6 Hard Boiled Peeled Eggs6 ea,$5.59ea,,$0.93/ 1ea,False,256.0,
dairy_and_eggs,Neilson,TruTaste 1% Milk,NeilsonTruTaste 1% Milk1 l,$4.19ea,,$0.42/ 100ml,False,257.0,
dairy_and_eggs,Cracker Barrel,Bar Marble Cheddar,Cracker BarrelBar Marble Cheddar400 g,$9.79ea,,$2.45/ 100g,False,258.0,
dairy_and_eggs,Neilson,Trutaste Homogenized Milk,NeilsonTrutaste Homogenized Milk4 l,$6.99ea,$6.69ea,$0.17/ 100ml,True,259.0,saleEnds 03/22
dairy_and_eggs,Neilson,Table Cream,NeilsonTable Cream1 l,$7.19ea,,$0.72/ 100ml,False,260.0,
dairy_and_eggs,Natrel,Lactose Free Fat Free Skim 0% Dairy Product (2L),NatrelLactose Free Fat Free Skim 0% Dairy Product (2L)2 l,$6.89ea,,$0.34/ 100ml,False,261.0,
dairy_and_eggs,Neilson,Trutaste Lactose Free Skim Milk,NeilsonTrutaste Lactose Free Skim Milk1 l,$4.59ea,,$0.46/ 100ml,False,262.0,
dairy_and_eggs,Lactantia,Whole Milk Organic 3.8% M.F.,LactantiaWhole Milk Organic 3.8% M.F.1.5 l,$6.29ea,,$0.42/ 100ml,False,263.0,
dairy_and_eggs,No Name,Herb and Spice Sour Cream Dip,No NameHerb and Spice Sour Cream Dip250 g,$3.99ea,,$1.60/ 100g,False,264.0,
dairy_and_eggs,Philadelphia,Light Cream Cheese,PhiladelphiaLight Cream Cheese450 g,$9.49ea,,$2.11/ 100g,False,265.0,
dairy_and_eggs,Goldegg,"Omega 3 Brown Eggs, Large","GoldeggOmega 3 Brown Eggs, Large12 eggs",$6.89ea,,$0.57/ 1ea,False,266.0,
dairy_and_eggs,No Name,Pasteurized Light Cream Cheese Spread,No NamePasteurized Light Cream Cheese Spread250 g,$3.99ea,,$1.60/ 100g,False,267.0,
dairy_and_eggs,No Name,Old Cheddar Cheese Slices ,No NameOld Cheddar Cheese Slices 210 g,$5.49ea,,$2.61/ 100g,False,268.0,
dairy_and_eggs,Becel,Margarine Original,BecelMargarine Original1.7 kg,$16.99ea,,$1.00/ 100g,False,269.0,
dairy_and_eggs,Riviera,Sour Cream,RivieraSour Cream2x120.0 ml,$3.79ea,,$1.58/ 100ml,False,270.0,
dairy_and_eggs,IOGO,"1.5% Lactose Free Cherry, Lemon, Vanilla, Blackberry-Blueberry Yogurt","IOGO1.5% Lactose Free Cherry, Lemon, Vanilla, Blackberry-Blueberry Yogurt16x100.0 g",$8.49ea,$6.49ea,$0.41/ 100g,True,271.0,saleEnds 03/15
dairy_and_eggs,Philadelphia,Herb & Garlic Cream Cheese Product,PhiladelphiaHerb & Garlic Cream Cheese Product340 g,$7.99ea,,$2.35/ 100g,False,272.0,
dairy_and_eggs,International Delight,"Zero Sugar Hazelnut Coffee Creamer,","International DelightZero Sugar Hazelnut Coffee Creamer,946 ml",$5.99ea,,$0.63/ 100ml,False,273.0,
dairy_and_eggs,Armstrong,"Cheese, Sliced Cheddar with Jalapeño Mexican Fiesta 31 % M.F.","ArmstrongCheese, Sliced Cheddar with Jalapeño Mexican Fiesta 31 % M.F.220 g",$6.49ea,,$2.95/ 100g,False,274.0,
dairy_and_eggs,Neilson,Ultrafiltered Milk 3.25% M.F.,NeilsonUltrafiltered Milk 3.25% M.F.1 l,$3.69ea,$3.29ea,$0.33/ 100ml,True,275.0,saleEnds 04/05
dairy_and_eggs,Cracker Barrel,Bar Mild Cheddar,Cracker BarrelBar Mild Cheddar400 g,$9.79ea,,$2.45/ 100g,False,276.0,
dairy_and_eggs,President's Choice,Butter Puff Pastry,President's ChoiceButter Puff Pastry450 g,$6.49ea,,$1.44/ 100g,False,277.0,
dairy_and_eggs,Gay Lea,"Real Whipped Cream, Light","Gay LeaReal Whipped Cream, Light225 g",$4.99ea,,$2.22/ 100g,False,278.0,
dairy_and_eggs,Neilson,"Milk, Ultrafiltered Partly Skimmed 2% M.F.","NeilsonMilk, Ultrafiltered Partly Skimmed 2% M.F.1 l",$3.69ea,$3.29ea,$0.33/ 100ml,True,279.0,saleEnds 04/05
dairy_and_eggs,Neilson,Whipping Cream,NeilsonWhipping Cream473 ml,$3.99ea,,$0.84/ 100ml,False,280.0,
dairy_and_eggs,Milk 2 Go,Chocolate,Milk 2 GoChocolate473 ml,$2.69ea,,$0.57/ 100ml,False,281.0,
dairy_and_eggs,Gay Lea,"Butter, Salted","Gay LeaButter, Salted250 g",$5.99ea,,$2.40/ 100g,False,282.0,
dairy_and_eggs,International Delight,"Caramel Waffle Cookie Coffee Enhancer, Limited Edition","International DelightCaramel Waffle Cookie Coffee Enhancer, Limited Edition946 ml",$5.99ea,,$0.63/ 100ml,False,283.0,
dairy_and_eggs,Neilson,2% Milk,Neilson2% Milk1 l,$3.49ea,,$0.35/ 100ml,False,284.0,
dairy_and_eggs,Conestoga Eggs,Omega 3 White Eggs,Conestoga EggsOmega 3 White Eggs12 ea,$7.39ea,,$0.62/ 1ea,False,285.0,
dairy_and_eggs,President,Premium Salted Cultured Butter,PresidentPremium Salted Cultured Butter250 g,$5.49ea,,$2.20/ 100g,False,286.0,
dairy_and_eggs,PC Organics,Organic Milk 1%,PC OrganicsOrganic Milk 1%1 l,$4.69ea,,$0.47/ 100ml,False,287.0,
dairy_and_eggs,Yoso,"Cultured Coconut Yogurt, Unsweetened","YosoCultured Coconut Yogurt, Unsweetened440 g",$5.99ea,,$1.36/ 100g,False,288.0,
dairy_and_eggs,Black Diamond,Cheese Sauce 4 Cheese,Black DiamondCheese Sauce 4 Cheese300 g,$7.29ea,$6.99ea,$2.33/ 100g,True,289.0,saleEnds 03/15
dairy_and_eggs,Becel,Margarine Vegan,BecelMargarine Vegan850 g,$9.29ea,$6.99ea,$0.82/ 100g,True,290.0,saleEnds 03/15
dairy_and_eggs,Imperial,Soft Margarine Spread,ImperialSoft Margarine Spread427 g,$4.99ea,,$1.17/ 100g,False,291.0,
dairy_and_eggs,Gay Lea,Grass Fed Salted Butter,Gay LeaGrass Fed Salted Butter250 g,$7.49ea,$6.99ea,$2.80/ 100g,True,292.0,saleEnds 03/15
dairy_and_eggs,PC Blue Menu,Original Margarine,PC Blue MenuOriginal Margarine1.81 kg,$11.99ea,,$0.66/ 100g,False,293.0,
dairy_and_eggs,PC Blue Menu,Blue Menu Original Margarine,PC Blue MenuBlue Menu Original Margarine454 g,$4.79ea,,$1.06/ 100g,False,294.0,
dairy_and_eggs,Starbucks,Almond And Oat Dairy Free Caramel Macchiato Coffee Enhancer,StarbucksAlmond And Oat Dairy Free Caramel Macchiato Coffee Enhancer828 ml,$7.99ea,$7.49ea,$0.90/ 100ml,True,295.0,saleEnds 03/29
dairy_and_eggs,No Name,2% M.F. Cottage Cheese ,No Name2% M.F. Cottage Cheese 750 g,$6.49ea,,$0.87/ 100g,False,296.0,
dairy_and_eggs,Heluva,"Sour Cream Dip, Dill Pickle","HeluvaSour Cream Dip, Dill Pickle250 g",$4.49ea,,$1.80/ 100g,False,297.0,
dairy_and_eggs,Gay Lea,Lactose Free Sour Cream,Gay LeaLactose Free Sour Cream450 ml,$4.29ea,,$0.95/ 100ml,False,298.0,
dairy_and_eggs,PC Organics,Organic Free-Range Extra Large Brown Eggs,PC OrganicsOrganic Free-Range Extra Large Brown Eggs12 eggs,$7.69ea,,$0.64/ 1ea,False,299.0,
dairy_and_eggs,Lactantia,1% M.F. Partly Skimmed Milk,Lactantia1% M.F. Partly Skimmed Milk2 l,$5.89ea,,$0.29/ 100ml,False,300.0,
dairy_and_eggs,Neilson,TruTaste 2% Milk,NeilsonTruTaste 2% Milk1 l,$4.19ea,,$0.42/ 100ml,False,301.0,
dairy_and_eggs,Pillsbury,Holiday Premium Edition Cookies,PillsburyHoliday Premium Edition Cookies396 g,$4.49ea,,$1.13/ 100g,False,302.0,
dairy_and_eggs,Philadelphia,Herb & Garlic Cream Cheese Product,PhiladelphiaHerb & Garlic Cream Cheese Product340 g,$7.99ea,,$2.35/ 100g,False,303.0,
dairy_and_eggs,No Name,Marble Cheddar Cheese Light,No NameMarble Cheddar Cheese Light400 g,$5.99ea,,$1.50/ 100g,False,304.0,
dairy_and_eggs,Burnbrae Farms,Eggs2go! 6 Hard Boiled Peeled Eggs,Burnbrae FarmsEggs2go! 6 Hard Boiled Peeled Eggs6 ea,$5.59ea,,$0.93/ 1ea,False,305.0,
dairy_and_eggs,Neilson,TruTaste 1% Milk,NeilsonTruTaste 1% Milk1 l,$4.19ea,,$0.42/ 100ml,False,306.0,
dairy_and_eggs,Natrel,Natrel Plus 2% Lactose Free Chocolate Enriched Milk,NatrelNatrel Plus 2% Lactose Free Chocolate Enriched Milk2 l,$7.39ea,,$0.37/ 100ml,False,307.0,
dairy_and_eggs,Sweet Loren's,Gluten Free Cookie Fudgy Brownie,Sweet Loren'sGluten Free Cookie Fudgy Brownie340 g,$8.29ea,,$2.44/ 100g,False,308.0,
dairy_and_eggs,Gay Lea,"Real Whipped Cream, Light","Gay LeaReal Whipped Cream, Light225 g",$4.99ea,,$2.22/ 100g,False,309.0,
dairy_and_eggs,Neilson,"Milk, Ultrafiltered Partly Skimmed 2% M.F.","NeilsonMilk, Ultrafiltered Partly Skimmed 2% M.F.1 l",$3.69ea,$3.29ea,$0.33/ 100ml,True,310.0,saleEnds 04/05
dairy_and_eggs,Neilson,Whipping Cream,NeilsonWhipping Cream473 ml,$3.99ea,,$0.84/ 100ml,False,311.0,
dairy_and_eggs,International Delight,"French Vanilla Flavoured Fat Free Coffee Creamer, 63 Servings","International DelightFrench Vanilla Flavoured Fat Free Coffee Creamer, 63 Servings946 ml",$5.99ea,,$0.63/ 100ml,False,312.0,
dairy_and_eggs,International Delight,Caramel Macchiato,International DelightCaramel Macchiato946 ml,$5.99ea,,$0.63/ 100ml,False,313.0,
dairy_and_eggs,siggi's,Simple Ingredient Skyr Black Cherry 2% M.F.,siggi'sSimple Ingredient Skyr Black Cherry 2% M.F.650 g,$6.99ea,$6.49ea,$1.00/ 100g,True,314.0,saleEnds 03/15
dairy_and_eggs,Cracker Barrel,Bar Medium Cheddar,Cracker BarrelBar Medium Cheddar400 g,$9.79ea,,$2.45/ 100g,False,315.0,
dairy_and_eggs,Saputo,Mozzarellissima 20% 690g ,SaputoMozzarellissima 20% 690g 690 g,$13.49ea,,$1.96/ 100g,False,316.0,
dairy_and_eggs,Black Diamond,"Cheese Mozzarella, 27% M.F.","Black DiamondCheese Mozzarella, 27% M.F.400 g",$6.99ea,,$1.75/ 100g,False,317.0,
dairy_and_eggs,Milk 2 Go,"Milk, Chocolate Partly Skimmed 1 % M.F.","Milk 2 GoMilk, Chocolate Partly Skimmed 1 % M.F.310 ml",$2.75ea,,$0.89/ 100ml,False,318.0,
dairy_and_eggs,Neilson,1% Buttermilk,Neilson1% Buttermilk2 l,$5.69ea,,$0.28/ 100ml,False,319.0,
dairy_and_eggs,No Name,Pie Shells,No NamePie Shells350 g,$4.29ea,,$1.23/ 100g,False,320.0,
dairy_and_eggs,Gay Lea,"Butter Sticks, Unsalted","Gay LeaButter Sticks, Unsalted454 g",$8.99ea,,$1.98/ 100g,False,321.0,
dairy_and_eggs,Black Diamond,White Cheddar Sliced Cheese,Black DiamondWhite Cheddar Sliced Cheese220 g,$5.99ea,,$2.72/ 100g,False,322.0,
dairy_and_eggs,Philadelphia,Whipped Original Cream Cheese Product,PhiladelphiaWhipped Original Cream Cheese Product227 g,$5.49ea,,$2.42/ 100g,False,323.0,
dairy_and_eggs,Saputo,"Cheese, Mozzarellissma, Light","SaputoCheese, Mozzarellissma, Light700 g",$13.49ea,,$1.93/ 100g,False,324.0,
dairy_and_eggs,Philadelphia,Herb & Garlic Dip,PhiladelphiaHerb & Garlic Dip227 g,$5.49ea,,$2.42/ 100g,False,325.0,
dairy_and_eggs,Gay Lea,Gold Sour Cream 18%,Gay LeaGold Sour Cream 18%425 ml,$4.79ea,,$1.13/ 100ml,False,326.0,
dairy_and_eggs,Milk 2 Go,Banana,Milk 2 GoBanana473 ml,$2.69ea,,$0.57/ 100ml,False,327.0,
dairy_and_eggs,No Name,Original Cream Cheese Spread ,No NameOriginal Cream Cheese Spread 340 g,$5.49ea,,$1.61/ 100g,False,328.0,
dairy_and_eggs,Kraft,Shaved Parmesan Cheese,KraftShaved Parmesan Cheese141 g,$7.49ea,,$5.31/ 100g,False,329.0,
dairy_and_eggs,I Can't Believe it's Not,Margarine Spread,I Can't Believe it's NotMargarine Spread454 g,$4.29ea,,$1.00/ 100g,False,330.0,
dairy_and_eggs,Neilson,Trutaste No Lactose 3.25% Milk,NeilsonTrutaste No Lactose 3.25% Milk2 l,$7.09ea,,$0.35/ 100ml,False,331.0,
dairy_and_eggs,No Name,1% M.F. Cottage Cheese,No Name1% M.F. Cottage Cheese750 g,$6.49ea,,$0.87/ 100g,False,332.0,
dairy_and_eggs,Becel,Margarine Original,BecelMargarine Original427 g,$5.49ea,,$1.29/ 100g,False,333.0,
dairy_and_eggs,PC Blue Menu,Blue Menu Free Run Large Brown Eggs 12 Pack,PC Blue MenuBlue Menu Free Run Large Brown Eggs 12 Pack12 eggs,$7.59ea,,$0.63/ 1ea,False,334.0,
dairy_and_eggs,Philadelphia,Original Cream Cheese Product,PhiladelphiaOriginal Cream Cheese Product450 g,$9.49ea,,$2.11/ 100g,False,335.0,
dairy_and_eggs,Baileys,Original Irish Cream,BaileysOriginal Irish Cream400 ml,$4.39ea,$2.49ea,$0.62/ 100ml,True,336.0,saleEnds 04/05
dairy_and_eggs,Cracker Barrel,Bar Old Cheddar Light,Cracker BarrelBar Old Cheddar Light400 g,$9.79ea,,$2.45/ 100g,False,337.0,
dairy_and_eggs,No Name,Tart Shells,No NameTart Shells30 ea,$7.49ea,,$1.31/ 100g,False,338.0,
dairy_and_eggs,Starbucks,Hazelnut Mocha Macchiato Coffee Enhancer,StarbucksHazelnut Mocha Macchiato Coffee Enhancer828 ml,$7.49ea,,$0.90/ 100ml,False,339.0,
dairy_and_eggs,No Name,Margarine Spread,No NameMargarine Spread454 g,$2.39ea,,$0.53/ 100g,False,340.0,
dairy_and_eggs,Neilson,Trutaste Lactose Free Cream Half & Half 10% M.F.,NeilsonTrutaste Lactose Free Cream Half & Half 10% M.F.1 l,$3.99ea,,$0.40/ 100ml,False,341.0,
dairy_and_eggs,Neilson,TruTaste Milk 1% M.F. Lactose Free,NeilsonTruTaste Milk 1% M.F. Lactose Free1 l,$4.59ea,,$0.46/ 100ml,False,342.0,
dairy_and_eggs,President's Choice,0% M.F. Plain Skyr Yogurt,President's Choice0% M.F. Plain Skyr Yogurt908 g,$7.49ea,,$0.82/ 100g,False,343.0,
dairy_and_eggs,Neilson,Trutaste Chocolate Partly Skimmed Milk 1% M.F.,NeilsonTrutaste Chocolate Partly Skimmed Milk 1% M.F.2 l,$7.29ea,,$0.36/ 100ml,False,344.0,
dairy_and_eggs,No Name,Cream Cheese Spread ,No NameCream Cheese Spread 227 g,$3.99ea,,$1.76/ 100g,False,345.0,
dairy_and_eggs,Kraft,Singles Original Thick Slices,KraftSingles Original Thick Slices825 g,$10.99ea,,$1.33/ 100g,False,346.0,
dairy_and_eggs,Neilson,TruTaste Homogenized Milk,NeilsonTruTaste Homogenized Milk2 l,$6.19ea,,$0.31/ 100ml,False,347.0,
dairy_and_eggs,Burnbrae Farms,Egg Creations! Egg Bake Garden Vegetable,Burnbrae FarmsEgg Creations! Egg Bake Garden Vegetable1 ea,$5.29ea,,$1.06/ 100g,False,348.0,
dairy_and_eggs,Neilson,Strawberry Milkshake,NeilsonStrawberry Milkshake310 ml,$2.79ea,,$0.90/ 100ml,False,349.0,
dairy_and_eggs,Nestle,Rolo Milkshake,NestleRolo Milkshake473 ml,$3.15ea,,$0.67/ 100ml,False,350.0,
dairy_and_eggs,Neilson,1% Partly Skimmed Milk,Neilson1% Partly Skimmed Milk2 l,$5.19ea,,$0.26/ 100ml,False,351.0,
dairy_and_eggs,Goldegg,"Omega 3 White Eggs, Large","GoldeggOmega 3 White Eggs, Large12 eggs",$6.59ea,,$0.55/ 1ea,False,352.0,
dairy_and_eggs,No Name,Mild Cheddar Cheese,No NameMild Cheddar Cheese400 g,$5.99ea,,$1.50/ 100g,False,353.0,
dairy_and_eggs,Black Diamond,Lactose Free Sliced Marble Cheese ,Black DiamondLactose Free Sliced Marble Cheese 220 g,$5.99ea,,$2.72/ 100g,False,354.0,
dairy_and_eggs,Lactantia,Ultrapūr Dairy Product 0% M.F.,LactantiaUltrapūr Dairy Product 0% M.F.1.5 l,$5.69ea,,$0.38/ 100ml,False,355.0,
dairy_and_eggs,Hans,Dairy 2% Natural Yogurt   ,HansDairy 2% Natural Yogurt   750 g,$2.99ea,,$0.40/ 100g,False,356.0,
dairy_and_eggs,PC Organics,Organic Partly Skimmed 2% Milk,PC OrganicsOrganic Partly Skimmed 2% Milk4 l,$10.39ea,$8.99ea,$0.22/ 100ml,True,357.0,saleEnds 03/15
dairy_and_eggs,Philadelphia,Smoked Salmon Cream Cheese Product,PhiladelphiaSmoked Salmon Cream Cheese Product227 g,$5.49ea,,$2.42/ 100g,False,358.0,
dairy_and_eggs,Neilson,2% Milk,Neilson2% Milk2 l,$5.19ea,,$0.26/ 100ml,False,359.0,
dairy_and_eggs,President's Choice,Monterey Jack Cheese With Jalapeño,President's ChoiceMonterey Jack Cheese With Jalapeño400 g,$6.49ea,,$1.62/ 100g,False,360.0,
dairy_and_eggs,Becel,Unsalted Plant-Based Margarine Bricks,BecelUnsalted Plant-Based Margarine Bricks454 g,$5.89ea,,$1.30/ 100g,False,361.0,
dairy_and_eggs,Beatrice,"Sour Cream, Regular 14%","BeatriceSour Cream, Regular 14%500 ml",$4.29ea,,$0.86/ 100ml,False,362.0,
dairy_and_eggs,No Name,Medium Cheddar Cheese,No NameMedium Cheddar Cheese700 g,$9.99ea,,$1.43/ 100g,False,363.0,
dairy_and_eggs,International Delight,"French Vanilla Flavoured Coffee Creamer, 63 Servings","International DelightFrench Vanilla Flavoured Coffee Creamer, 63 Servings946 ml",$5.99ea,,$0.63/ 100ml,False,364.0,
dairy_and_eggs,Philadelphia,Herb & Garlic Cream Cheese Product,PhiladelphiaHerb & Garlic Cream Cheese Product227 g,$5.49ea,,$2.42/ 100g,False,365.0,
dairy_and_eggs,PC Organics,Organic Skim Milk,PC OrganicsOrganic Skim Milk4 l,$10.39ea,$8.99ea,$0.22/ 100ml,True,366.0,saleEnds 03/15
dairy_and_eggs,President's Choice,Lactose Free Marble Cheddar ,President's ChoiceLactose Free Marble Cheddar 400 g,$6.49ea,,$1.62/ 100g,False,367.0,
dairy_and_eggs,Nestle,Coffee Crisp Milkshake,NestleCoffee Crisp Milkshake473 ml,$3.15ea,,$0.67/ 100ml,False,368.0,
dairy_and_eggs,Kraft,"Cheese, Process Product Extra Swiss","KraftCheese, Process Product Extra Swiss390 g",$7.29ea,,$1.87/ 100g,False,369.0,
dairy_and_eggs,Lactantia,Organic 2% M.F.,LactantiaOrganic 2% M.F.1.5 l,$6.29ea,,$0.42/ 100ml,False,370.0,
dairy_and_eggs,No Name,Farmer's Marble Cheese ,No NameFarmer's Marble Cheese 200 g,$3.99ea,,$2.00/ 100g,False,371.0,
dairy_and_eggs,President's Choice,Lactose Free Old White Cheddar Cheese,President's ChoiceLactose Free Old White Cheddar Cheese400 g,$6.49ea,,$1.62/ 100g,False,372.0,
dairy_and_eggs,Saputo,Mozzarellissima Light,SaputoMozzarellissima Light500 g,$9.99ea,,$2.00/ 100g,False,373.0,
dairy_and_eggs,Kraft,"Cheese, Process Product Extra Cheddar","KraftCheese, Process Product Extra Cheddar390 g",$7.29ea,,$1.87/ 100g,False,374.0,
dairy_and_eggs,Fairlife,Lactose Free 1% Partly Skimmed Ultrafiltered Milk,FairlifeLactose Free 1% Partly Skimmed Ultrafiltered Milk1.5 l,$5.79ea,,$0.39/ 100ml,False,375.0,
dairy_and_eggs,Beatrice,Vanila Milkshake Bottle,BeatriceVanila Milkshake Bottle460 ml,$3.49ea,,$0.76/ 100ml,False,376.0,
dairy_and_eggs,Burnbrae Farms,Naturegg NestlaidOmega 3 Large Size 12 Eggs,Burnbrae FarmsNaturegg NestlaidOmega 3 Large Size 12 Eggs12 ea,$5.99ea,,$5.99/ 1ea,False,377.0,
dairy_and_eggs,Black Diamond,Extra Old Marble Cheese,Black DiamondExtra Old Marble Cheese400 g,$6.99ea,,$1.75/ 100g,False,378.0,
dairy_and_eggs,Gay Lea,"Nordica Cottage Cheese, Light 1%","Gay LeaNordica Cottage Cheese, Light 1%500 g",$5.49ea,$4.99ea,$1.00/ 100g,True,379.0,saleEnds 03/15
dairy_and_eggs,No Name,Everything Bagel Seasoning Sour Cream Dip,No NameEverything Bagel Seasoning Sour Cream Dip250 g,$3.99ea,,$1.60/ 100g,False,380.0,
dairy_and_eggs,No Name,Light Cheddar Flavour Processed Cheese Product Slices,No NameLight Cheddar Flavour Processed Cheese Product Slices400 g,$4.49ea,,$1.12/ 100g,False,381.0,
dairy_and_eggs,Kraft,Singles Original Slices,KraftSingles Original Slices825 g,$10.99ea,,$1.33/ 100g,False,382.0,
dairy_and_eggs,Fairlife,Lactose Free Whole Ultrafiltered Milk,FairlifeLactose Free Whole Ultrafiltered Milk1.5 l,$5.79ea,,$0.39/ 100ml,False,383.0,
dairy_and_eggs,President's Choice,Lactose Free Margarine,President's ChoiceLactose Free Margarine454 g,$4.79ea,,$1.06/ 100g,False,384.0,
dairy_and_eggs,No Name,Tart Shells,No NameTart Shells30 ea,$7.49ea,,$1.31/ 100g,False,385.0,
dairy_and_eggs,PC Organics,Organic Mozzarella,PC OrganicsOrganic Mozzarella200 g,$6.49ea,,$3.25/ 100g,False,386.0,
dairy_and_eggs,Activia,"Probiotic Yogurt, Strawberry/Wildberry/Mango Flavour","ActiviaProbiotic Yogurt, Strawberry/Wildberry/Mango Flavour12x100.0 g",$6.99ea,,$0.58/ 100g,False,387.0,
dairy_and_eggs,Cracker Barrel,Shredded Part Skim Pizza Mozzarella Cheese Mozza 17 % M.F.,Cracker BarrelShredded Part Skim Pizza Mozzarella Cheese Mozza 17 % M.F.320 g,$7.99ea,,$2.50/ 100g,False,388.0,
dairy_and_eggs,President's Choice,Tex Mex Shredded Cheese Blend,President's ChoiceTex Mex Shredded Cheese Blend320 g,$6.49ea,,$2.03/ 100g,False,389.0,
dairy_and_eggs,Danone,"Two Good Greek Yogurt, Vanilla Yogurt 4 Pack, Blended, 2% MF","DanoneTwo Good Greek Yogurt, Vanilla Yogurt 4 Pack, Blended, 2% MF380 g",$3.99ea,,$1.05/ 100g,False,390.0,
dairy_and_eggs,Organic Meadow,"Kéfir, Blueberry","Organic MeadowKéfir, Blueberry1 l",$7.49ea,,$0.75/ 100ml,False,391.0,
dairy_and_eggs,Del Monte,Red Grapefruit In Slightly Sweetened Water 8 Cups (Case),Del MonteRed Grapefruit In Slightly Sweetened Water 8 Cups (Case)8x190.0 ml,$17.99ea,,$1.18/ 100ml,False,392.0,
dairy_and_eggs,Pillsbury,"Wiener Wrap, Regular","PillsburyWiener Wrap, Regular200 g",$3.19ea,,$1.60/ 100g,False,393.0,
dairy_and_eggs,President's Choice,Vanilla Skyr Icelandic Style 4% M.F. Yogurt,President's ChoiceVanilla Skyr Icelandic Style 4% M.F. Yogurt500 g,$6.29ea,,$1.26/ 100g,False,394.0,
dairy_and_eggs,siggi's,Coffee Creamy Skyr 3.25% M.F.,siggi'sCoffee Creamy Skyr 3.25% M.F.650 g,$6.99ea,$6.49ea,$1.00/ 100g,True,395.0,saleEnds 03/15
dairy_and_eggs,Olympic,"Organic Yogurt, Blueberry","OlympicOrganic Yogurt, Blueberry650 g",$4.99ea,,$0.77/ 100g,False,396.0,
dairy_and_eggs,No Name,Cheese Sticks Stringable Marble,No NameCheese Sticks Stringable Marble588 g,$11.49ea,,$1.95/ 100g,False,397.0,
dairy_and_eggs,Heluva,"Sour Cream Dip, French Onion","HeluvaSour Cream Dip, French Onion250 g",$4.49ea,,$1.80/ 100g,False,398.0,
dairy_and_eggs,Kraft,Shredded Parmesan Cheese,KraftShredded Parmesan Cheese200 g,$9.49ea,,$4.75/ 100g,False,399.0,
dairy_and_eggs,Woolwich,Partially Skimmed Goat Milk 2%,WoolwichPartially Skimmed Goat Milk 2%1 l,$4.59ea,,$0.46/ 100ml,False,400.0,
dairy_and_eggs,No Name,Cheddar Flavour Processed Cheese Product Slices,No NameCheddar Flavour Processed Cheese Product Slices800 g,$7.99ea,,$1.00/ 100g,False,401.0,
dairy_and_eggs,Rolling Meadow,"Yogurt, Plain 2%","Rolling MeadowYogurt, Plain 2%500 g",$4.29ea,,$0.86/ 100g,False,402.0,
dairy_and_eggs,Midday Squares,Functional Chocolate Bar Peanut Butta,Midday SquaresFunctional Chocolate Bar Peanut Butta33 g,$2.99ea,,$9.06/ 100g,False,403.0,
dairy_and_eggs,Midday Squares,Functional Chocolate Bar Almond Crunch,Midday SquaresFunctional Chocolate Bar Almond Crunch33 g,$2.99ea,,$9.06/ 100g,False,404.0,
dairy_and_eggs,Gay Lea,"Nordica Cottage Cheese, Fat Free","Gay LeaNordica Cottage Cheese, Fat Free500 g",$5.49ea,$4.99ea,$1.00/ 100g,True,405.0,saleEnds 03/15
dairy_and_eggs,Riviera,"Goat Yogurt, Vanilla 4.9%","RivieraGoat Yogurt, Vanilla 4.9%500 g",$6.49ea,,$1.30/ 100ml,False,406.0,
dairy_and_eggs,Black Diamond,Cheddar Coloured Mild,Black DiamondCheddar Coloured Mild400 g,$6.99ea,,$1.75/ 100g,False,407.0,
dairy_and_eggs,Black Diamond,Sliced Medium Cheddar Cheese,Black DiamondSliced Medium Cheddar Cheese240 g,$5.99ea,,$2.50/ 100g,False,408.0,
dairy_and_eggs,Organic Meadow,"Organic Cheese, Mozzarella","Organic MeadowOrganic Cheese, Mozzarella340 g",$12.99ea,,$3.82/ 100g,False,409.0,
dairy_and_eggs,Liberte,Kéfir Organic 1% MF Raspberry,LiberteKéfir Organic 1% MF Raspberry1000 g,$6.99ea,,$0.70/ 100g,False,410.0,
dairy_and_eggs,Gay Lea,"Nordica Cottage Cheese, Creamed 4%","Gay LeaNordica Cottage Cheese, Creamed 4%500 g",$5.49ea,$4.99ea,$1.00/ 100g,True,411.0,saleEnds 03/15
dairy_and_eggs,No Name,"Cottage Cheese, 2% M.F.","No NameCottage Cheese, 2% M.F.500 g",$4.99ea,,$1.00/ 100g,False,412.0,
dairy_and_eggs,PC Blue Menu,Blue Menu Margarine with Olive Oil,PC Blue MenuBlue Menu Margarine with Olive Oil907 g,$6.49ea,,$0.72/ 100g,False,413.0,
dairy_and_eggs,President's Choice,Greek Yogurt Tzatziki Dip,President's ChoiceGreek Yogurt Tzatziki Dip227 g,$3.79ea,,$1.67/ 100g,False,414.0,
dairy_and_eggs,Philadelphia,Herb & Spice Dip,PhiladelphiaHerb & Spice Dip227 g,$5.49ea,,$2.42/ 100g,False,415.0,
dairy_and_eggs,Armstrong,Medium Cheddar Cheese Slice,ArmstrongMedium Cheddar Cheese Slice240 g,$6.49ea,,$2.70/ 100g,False,416.0,
dairy_and_eggs,Gray Ridge,"Grade A Premium White Eggs, Large","Gray RidgeGrade A Premium White Eggs, Large12 eggs",$4.89ea,,$0.41/ 1ea,False,417.0,
dairy_and_eggs,Black Diamond,Combo Marble Cubes and Sea Salted Roasted Almonds and Dried Cranberries,Black DiamondCombo Marble Cubes and Sea Salted Roasted Almonds and Dried Cranberries127.6 g,$5.79ea,,$4.54/ 100g,False,418.0,
dairy_and_eggs,Gray Ridge,"White Eggs, Large","Gray RidgeWhite Eggs, Large6 eggs",$2.89ea,,$0.48/ 1ea,False,419.0,
dairy_and_eggs,Philadelphia,Dill Pickle Dip,PhiladelphiaDill Pickle Dip340 g,$7.99ea,,$2.35/ 100g,False,420.0,
dairy_and_eggs,President's Choice,Mozzarella Cheese ,President's ChoiceMozzarella Cheese 400 g,$6.49ea,,$1.62/ 100g,False,421.0,
dairy_and_eggs,Nestle,Coffee Mate Liquid Fat Free French Vanilla,NestleCoffee Mate Liquid Fat Free French Vanilla946 ml,$6.49ea,$5.49ea,$0.58/ 100ml,True,422.0,saleEnds 03/15
dairy_and_eggs,Tre Stelle,Tre Stelle Cream Cheese Light    ,Tre StelleTre Stelle Cream Cheese Light    200 g,$4.49ea,,$2.25/ 100g,False,423.0,
dairy_and_eggs,No Name,"Old Cheddar Cheese, Light","No NameOld Cheddar Cheese, Light400 g",$5.99ea,,$1.50/ 100g,False,424.0,
dairy_and_eggs,Gay Lea,Butter Unsalted Organic ,Gay LeaButter Unsalted Organic 250 g,$7.49ea,$6.99ea,$2.80/ 100g,True,425.0,saleEnds 03/15
dairy_and_eggs,No Name,1% M.F. Fat Free Sour Cream ,No Name1% M.F. Fat Free Sour Cream 500 ml,$3.99ea,,$0.80/ 100ml,False,426.0,
dairy_and_eggs,Tim Hortons,Creamy & Sweet Instant Coffee Mix With Natural Flavours,Tim HortonsCreamy & Sweet Instant Coffee Mix With Natural Flavours8 ea,$5.99ea,,$0.75/ 1ea,False,427.0,
dairy_and_eggs,No Name,Swiss Cheese Slices,No NameSwiss Cheese Slices210 g,$5.49ea,,$2.61/ 100g,False,428.0,
dairy_and_eggs,Neilson,Trutaste Skim Milk,NeilsonTrutaste Skim Milk1 l,$4.19ea,,$0.42/ 100ml,False,429.0,
dairy_and_eggs,Becel,Margarine Unsalted Plant-Based Sticks,BecelMargarine Unsalted Plant-Based Sticks454 g,$5.49ea,,$1.21/ 100g,False,430.0,
dairy_and_eggs,Gay Lea,Spreadables Butter With Canola Oil,Gay LeaSpreadables Butter With Canola Oil227 g,$5.99ea,,$2.64/ 100g,False,431.0,
dairy_and_eggs,Lactantia,Dairy Product 2% M.F.,LactantiaDairy Product 2% M.F.1.5 l,$5.69ea,,$0.38/ 100ml,False,432.0,
dairy_and_eggs,Liberte,Kéfir Organic 1% MF Raspberry,LiberteKéfir Organic 1% MF Raspberry1000 g,$6.99ea,,$0.70/ 100g,False,433.0,
dairy_and_eggs,Gay Lea,"Nordica Cottage Cheese, Creamed 4%","Gay LeaNordica Cottage Cheese, Creamed 4%500 g",$5.49ea,$4.99ea,$1.00/ 100g,True,434.0,saleEnds 03/15
dairy_and_eggs,No Name,"Cottage Cheese, 2% M.F.","No NameCottage Cheese, 2% M.F.500 g",$4.99ea,,$1.00/ 100g,False,435.0,
dairy_and_eggs,Neilson,1% Milk,Neilson1% Milk1 l,$3.49ea,,$0.35/ 100ml,False,436.0,
dairy_and_eggs,PC Blue Menu,Blue Menu Original Margarine,PC Blue MenuBlue Menu Original Margarine907 g,$6.49ea,,$0.72/ 100g,False,437.0,
dairy_and_eggs,Milk 2 Go,"Milk, Strawberry Partly Skimmed 1 % M.F.","Milk 2 GoMilk, Strawberry Partly Skimmed 1 % M.F.310 ml",$2.75ea,,$0.89/ 100ml,False,438.0,
dairy_and_eggs,Neilson,Trutaste Lactose Free Skim Milk,NeilsonTrutaste Lactose Free Skim Milk2 l,$6.99ea,,$0.35/ 100ml,False,439.0,
dairy_and_eggs,Kiri,"Cheese, Cream Product Original 29.5% M.F.","KiriCheese, Cream Product Original 29.5% M.F.150 g",$4.29ea,,$2.86/ 100g,False,440.0,
dairy_and_eggs,Lactantia,Butter Sticks Salted with Sea Salt,LactantiaButter Sticks Salted with Sea Salt454 g,$8.99ea,,$1.98/ 100g,False,441.0,
dairy_and_eggs,Woolwich,Homogenized Goat Milk 3.25%MF  ,WoolwichHomogenized Goat Milk 3.25%MF  1 l,$4.59ea,,$0.46/ 100ml,False,442.0,
dairy_and_eggs,Kraft,Singles Swiss Slices,KraftSingles Swiss Slices410 g,$6.29ea,,$1.53/ 100g,False,443.0,
dairy_and_eggs,Philadelphia,French Onion Dip,PhiladelphiaFrench Onion Dip227 g,$5.49ea,,$2.42/ 100g,False,444.0,
dairy_and_eggs,Tim Hortons,Café Mocha Coffee & Hot Chocolate Mix Instant Coffee Mix With Natural Flavours,Tim HortonsCafé Mocha Coffee & Hot Chocolate Mix Instant Coffee Mix With Natural Flavours8 ea,$5.99ea,,$0.75/ 1ea,False,445.0,
dairy_and_eggs,Lactantia,"My Country Butter Sticks, Unsalted","LactantiaMy Country Butter Sticks, Unsalted4x113.5 g",$8.99ea,,$1.98/ 100g,False,446.0,
dairy_and_eggs,Lactantia,Partly Skimmed Milk Lactose Free 2% M.F.,LactantiaPartly Skimmed Milk Lactose Free 2% M.F.2 l,$6.29ea,,$0.31/ 100ml,False,447.0,
dairy_and_eggs,Black Diamond,Cheestrings Marble 18% M.F.,Black DiamondCheestrings Marble 18% M.F.336 g,$6.99ea,,$2.08/ 100g,False,448.0,
dairy_and_eggs,Riviera,"Goat Yogurt, Vanilla 4.9%","RivieraGoat Yogurt, Vanilla 4.9%500 g",$6.49ea,,$1.30/ 100ml,False,449.0,
dairy_and_eggs,Black Diamond,Cheddar Coloured Mild,Black DiamondCheddar Coloured Mild400 g,$6.99ea,,$1.75/ 100g,False,450.0,
dairy_and_eggs,Gay Lea,"Sour Cream, Regular 14%","Gay LeaSour Cream, Regular 14%250 ml",$3.49ea,,$1.40/ 100ml,False,451.0,
dairy_and_eggs,Black Diamond,Sliced Medium Cheddar Cheese,Black DiamondSliced Medium Cheddar Cheese240 g,$5.99ea,,$2.50/ 100g,False,452.0,
dairy_and_eggs,President's Choice,Extra Large Free Run Brown Eggs,President's ChoiceExtra Large Free Run Brown Eggs12 eggs,$7.09ea,,$0.59/ 1ea,False,453.0,
dairy_and_eggs,Gay Lea,"Sour Cream, Low Fat 3%","Gay LeaSour Cream, Low Fat 3%500 ml",$4.29ea,,$0.86/ 100ml,False,454.0,
dairy_and_eggs,No Name,Swiss Flavour Processed Cheese Product Slices,No NameSwiss Flavour Processed Cheese Product Slices400 g,$4.49ea,,$1.12/ 100g,False,455.0,
dairy_and_eggs,Neilson,"Flavoured Milk, Chocolate","NeilsonFlavoured Milk, Chocolate1 l",$3.49ea,$1.99ea,$0.20/ 100ml,True,456.0,saleEnds 03/22
dairy_and_eggs,Lactantia,Healthy Attitude Omega-3 Margarine,LactantiaHealthy Attitude Omega-3 Margarine850 g,$8.99ea,,$1.06/ 100g,False,457.0,
dairy_and_eggs,Golden Gate,Mirage Margarine,Golden GateMirage Margarine907 g,$7.19ea,,$0.79/ 100g,False,458.0,
dairy_and_eggs,Gay Lea,Real Coconut Whipped Cream,Gay LeaReal Coconut Whipped Cream225 g,$4.99ea,,$2.22/ 100g,False,459.0,
dairy_and_eggs,Becel,Salted Plant-Based Margarine Bricks,BecelSalted Plant-Based Margarine Bricks454 g,$5.89ea,,$1.30/ 100g,False,460.0,
dairy_and_eggs,International Delight,Classic French Vanilla Coffee Creamer,International DelightClassic French Vanilla Coffee Creamer1.42 l,$9.49ea,,$0.67/ 100ml,False,461.0,
dairy_and_eggs,No Name,Cottage Cheese,No NameCottage Cheese250 g,$3.49ea,,$1.40/ 100g,False,462.0,
dairy_and_eggs,No Name,14% M.F. Regular Sour Cream,No Name14% M.F. Regular Sour Cream250 ml,$2.99ea,,$1.20/ 100ml,False,463.0,
dairy_and_eggs,Cracker Barrel,Bar Mozzarella,Cracker BarrelBar Mozzarella400 g,$9.79ea,,$2.45/ 100g,False,464.0,
dairy_and_eggs,Neilson,2% Milk,Neilson2% Milk473 ml,$2.69ea,,$0.57/ 100ml,False,465.0,
dairy_and_eggs,Philadelphia,Strawberry Cream Cheese Product,PhiladelphiaStrawberry Cream Cheese Product227 g,$5.49ea,,$2.42/ 100g,False,466.0,
dairy_and_eggs,Gay Lea,Whipped Topping,Gay LeaWhipped Topping400 g,$6.49ea,,$1.62/ 100g,False,467.0,
dairy_and_eggs,Neilson,Homogenized Milk 3.25%,NeilsonHomogenized Milk 3.25%473 ml,$2.89ea,,$0.61/ 100ml,False,468.0,
dairy_and_eggs,The A2 Milk Company,1% M.F. Partly Skimmed Milk,The A2 Milk Company1% M.F. Partly Skimmed Milk2 l,$5.49ea,,$0.27/ 100ml,False,469.0,
dairy_and_eggs,International Delight,Classic Hazelnut Coffee Creamer,International DelightClassic Hazelnut Coffee Creamer1.42 l,$9.49ea,,$0.67/ 100ml,False,470.0,
dairy_and_eggs,Nestle,Coffee Mate Liquid Fat Free French Vanilla,NestleCoffee Mate Liquid Fat Free French Vanilla946 ml,$6.49ea,$5.49ea,$0.58/ 100ml,True,471.0,saleEnds 03/15
dairy_and_eggs,Tre Stelle,Tre Stelle Cream Cheese Light    ,Tre StelleTre Stelle Cream Cheese Light    200 g,$4.49ea,,$2.25/ 100g,False,472.0,
dairy_and_eggs,Gay Lea,Salted Butter,Gay LeaSalted Butter454 g,$8.49ea,,$1.87/ 100g,False,473.0,
dairy_and_eggs,Becel,Margarine Unsalted Plant-Based Sticks,BecelMargarine Unsalted Plant-Based Sticks454 g,$5.49ea,,$1.21/ 100g,False,474.0,
dairy_and_eggs,Tim Hortons,Fine Grind Coffee Maple Roast Medium,Tim HortonsFine Grind Coffee Maple Roast Medium300 g,$10.99ea,$8.99ea,$3.00/ 100g,True,475.0,saleEnds 03/15
dairy_and_eggs,No Name,Medium Cheddar Cheese,No NameMedium Cheddar Cheese400 g,$5.99ea,,$1.50/ 100g,False,476.0,
dairy_and_eggs,Cracker Barrel,Slice Medium Cheddar,Cracker BarrelSlice Medium Cheddar240 g,$5.99ea,,$2.50/ 100g,False,477.0,
dairy_and_eggs,Philadelphia,Dill Pickle Dip,PhiladelphiaDill Pickle Dip227 g,$5.49ea,,$2.42/ 100g,False,478.0,
dairy_and_eggs,Gray Ridge,"White Eggs, Large","Gray RidgeWhite Eggs, Large6 eggs",$2.89ea,,$0.48/ 1ea,False,479.0,
dairy_and_eggs,Gay Lea,Spreadables Butter With Canola Oil,Gay LeaSpreadables Butter With Canola Oil227 g,$5.99ea,,$2.64/ 100g,False,480.0,
dairy_and_eggs,Rolling Meadow,Grass Fed 10% Cream,Rolling MeadowGrass Fed 10% Cream473 ml,$4.29ea,,$0.91/ 100ml,False,481.0,
dairy_and_eggs,Activia,"Immune System, Raspberry Probiotic Yogurt Drink. Lactose Free, 8 Pack","ActiviaImmune System, Raspberry Probiotic Yogurt Drink. Lactose Free, 8 Pack8x93.0 ml",$8.49ea,,$1.14/ 100ml,False,482.0,
dairy_and_eggs,No Name,Light Double Cheddar Shredded Cheese,No NameLight Double Cheddar Shredded Cheese320 g,$5.99ea,,$1.87/ 100g,False,483.0,
dairy_and_eggs,Del Monte,Peach Chunks In Light Syrup 8 Cups X (1.52 L)  (Case),Del MontePeach Chunks In Light Syrup 8 Cups X (1.52 L)  (Case)8x190.0 ml,$17.99ea,,$1.18/ 100ml,False,484.0,
dairy_and_eggs,Pillsbury,Easy Roll Pie Crust   ,PillsburyEasy Roll Pie Crust   400 g,$4.99ea,,$1.25/ 100g,False,485.0,
dairy_and_eggs,IOGO,"Yogurt Tubes, Strawberry & Peach","IOGOYogurt Tubes, Strawberry & Peach8x60.0 g",$3.29ea,$2.99ea,$0.62/ 100g,True,486.0,saleEnds 03/22
dairy_and_eggs,Pillsbury,Crescents - Reduced Fat,PillsburyCrescents - Reduced Fat227 g,$3.19ea,,$1.41/ 100g,False,487.0,
dairy_and_eggs,No Name,Shredded Farmer's Marble Cheese,No NameShredded Farmer's Marble Cheese320 g,$5.99ea,,$1.87/ 100g,False,488.0,
dairy_and_eggs,President's Choice,Tre Formaggi Shredded Cheese Blend,President's ChoiceTre Formaggi Shredded Cheese Blend320 g,$6.49ea,,$2.03/ 100g,False,489.0,
dairy_and_eggs,Violife,Feta Style Block Alternative To Cheese,ViolifeFeta Style Block Alternative To Cheese200 g,$6.99ea,,$3.50/ 100g,False,490.0,
dairy_and_eggs,No Name,Shredded Marble Farmer's Cheese,No NameShredded Marble Farmer's Cheese900 g,$14.99ea,,$1.67/ 100g,False,491.0,
dairy_and_eggs,Oikos,"Greek Yogurt, Blackberry Flavour, Fruit On The Bottom","OikosGreek Yogurt, Blackberry Flavour, Fruit On The Bottom4x100.0 g",$4.79ea,,$1.20/ 100g,False,492.0,
dairy_and_eggs,Riviera,"Vegan Yogurt, Plain Coconut","RivieraVegan Yogurt, Plain Coconut650 g",$6.49ea,,$1.00/ 100g,False,493.0,
dairy_and_eggs,Liberte,Greek Coconut 2% MF Yogurt,LiberteGreek Coconut 2% MF Yogurt750 g,$6.49ea,,$0.87/ 100g,False,494.0,
dairy_and_eggs,Riviera,Coconut Milk Vegan Yogurt - Mango And Passion Fruit,RivieraCoconut Milk Vegan Yogurt - Mango And Passion Fruit500 g,$6.49ea,,$1.30/ 100g,False,495.0,
dairy_and_eggs,President's Choice,Pizza Mozzarella and Cheddar Shredded Cheese Blend,President's ChoicePizza Mozzarella and Cheddar Shredded Cheese Blend320 g,$6.49ea,,$2.03/ 100g,False,496.0,
dairy_and_eggs,Astro,"Original Balkan Style Yogurt, Plain 3%    ","AstroOriginal Balkan Style Yogurt, Plain 3%    750 g",$4.49ea,$3.99ea,$0.53/ 100g,True,497.0,saleEnds 03/15
dairy_and_eggs,Earth Island, Mozzarella Slices,Earth Island Mozzarella Slices200 g,$8.99ea,,$4.50/ 100g,False,498.0,
dairy_and_eggs,President's Choice,Vanilla Kefir,President's ChoiceVanilla Kefir1000 ml,$4.79ea,,$0.48/ 100ml,False,499.0,
dairy_and_eggs,Armstrong,Combos - Marble & Naturally Smoked Ham Sausage Sticks,ArmstrongCombos - Marble & Naturally Smoked Ham Sausage Sticks180 g,$7.49ea,,$4.16/ 100g,False,500.0,
dairy_and_eggs,Pillsbury,Pizza Crust,PillsburyPizza Crust391 g,$4.49ea,,$1.15/ 100g,False,501.0,
dairy_and_eggs,Cracker Barrel,Snack Medium Cheddar,Cracker BarrelSnack Medium Cheddar168 g,$6.29ea,$5.99ea,$3.57/ 100g,True,502.0,saleEnds 03/15
dairy_and_eggs,Rolling Meadow,Grass Fed 2% Milk,Rolling MeadowGrass Fed 2% Milk2 l,$6.29ea,,$0.31/ 100ml,False,503.0,
dairy_and_eggs,No Name,Coffee Whitener,No NameCoffee Whitener450 g,$5.49ea,,$1.22/ 100g,False,504.0,
dairy_and_eggs,Black Diamond,Cheestrings Cheddar Flavour 27% M.F.,Black DiamondCheestrings Cheddar Flavour 27% M.F.336 g,$6.99ea,,$2.08/ 100g,False,505.0,
dairy_and_eggs,Earth Island,Cheddar Style Dairy-Free Cheese,Earth IslandCheddar Style Dairy-Free Cheese198 g,$6.99ea,$6.49ea,$3.28/ 100g,True,506.0,saleEnds 03/29
dairy_and_eggs,Liberte,Raspberry Pomegranate 1.5 % M.F. Drinkable Yogourt,LiberteRaspberry Pomegranate 1.5 % M.F. Drinkable Yogourt1 l,$6.99ea,,$0.70/ 100ml,False,507.0,
dairy_and_eggs,Liberte,Vanilla 2.9% MF Yogurt,LiberteVanilla 2.9% MF Yogurt650 g,$4.49ea,,$0.69/ 100g,False,508.0,
dairy_and_eggs,President's Choice,Chocolate Chip Cookie Dough,President's ChoiceChocolate Chip Cookie Dough468 g,$4.49ea,,$0.96/ 100g,False,509.0,
dairy_and_eggs,PC Organics,"Organic Cultured Coconut Milk Yogurt, Alternative Vanilla","PC OrganicsOrganic Cultured Coconut Milk Yogurt, Alternative Vanilla680 g",$5.99ea,,$0.88/ 100g,False,510.0,
dairy_and_eggs,Violife, Smoke Flavoured Provolone Style Slices ,Violife Smoke Flavoured Provolone Style Slices 200 g,$6.99ea,,$3.50/ 100g,False,511.0,
dairy_and_eggs,Armstrong,Snack Old Cheddar,ArmstrongSnack Old Cheddar210 g,$6.99ea,,$3.33/ 100g,False,512.0,
dairy_and_eggs,Violife,Creamy Original ,ViolifeCreamy Original 200 g,$6.99ea,,$3.50/ 100g,False,513.0,
dairy_and_eggs,Nestle,COFFEE-MATE Original Powder,NestleCOFFEE-MATE Original Powder450 g,$7.49ea,,$1.66/ 100g,False,514.0,
dairy_and_eggs,No Name,Shredded Old White Cheddar Cheese,No NameShredded Old White Cheddar Cheese320 g,$5.99ea,,$1.87/ 100g,False,515.0,
dairy_and_eggs,Yoplait,Tubes Vanilla Yogurt,YoplaitTubes Vanilla Yogurt8x56.0 g,$4.79ea,,$1.07/ 100g,False,516.0,
dairy_and_eggs,Yoplait,Source Dessert Lemon Meringue Pie/Berry Crumble/Key Lime Pie/Strawberries and Cream 0% MF Yogurt,YoplaitSource Dessert Lemon Meringue Pie/Berry Crumble/Key Lime Pie/Strawberries and Cream 0% MF Yogurt16x100.0 g,$6.49ea,,$0.41/ 100g,False,517.0,
dairy_and_eggs,Black Diamond,Pizza Mozzarella Regular Shredded,Black DiamondPizza Mozzarella Regular Shredded320 g,$6.99ea,,$2.18/ 100g,False,518.0,
dairy_and_eggs,President's Choice,"Yogurt, Plant Based Cultured Oat Alternative Yuzu Citrus Flavour","President's ChoiceYogurt, Plant Based Cultured Oat Alternative Yuzu Citrus Flavour500 g",$3.99ea,,$0.80/ 100g,False,519.0,
dairy_and_eggs,siggi's,"Yogurt, Strawberry 2% M.F. Simple Ingredient Skyr","siggi'sYogurt, Strawberry 2% M.F. Simple Ingredient Skyr650 g",$6.99ea,$6.49ea,$1.00/ 100g,True,520.0,saleEnds 03/15
dairy_and_eggs,IOGO,"Zip Yogurt, Limited Edition Game Over Edition Strawberry-Melon/Blueberry","IOGOZip Yogurt, Limited Edition Game Over Edition Strawberry-Melon/Blueberry8x60.0 g",$3.29ea,$2.99ea,$0.62/ 100g,True,521.0,saleEnds 03/22
dairy_and_eggs,PC Blue Menu,Blue Menu Calorie Reduced Margarine,PC Blue MenuBlue Menu Calorie Reduced Margarine907 g,$6.49ea,,$0.72/ 100g,False,522.0,
dairy_and_eggs,Tre Stelle,Paneer,Tre StellePaneer350 g,$5.39ea,,$1.54/ 100g,False,523.0,
dairy_and_eggs,Black Diamond,Natural Cheese Slices Lactose Free Mozzarella Cheese 27% M.F,Black DiamondNatural Cheese Slices Lactose Free Mozzarella Cheese 27% M.F220 g,$5.99ea,,$2.72/ 100g,False,524.0,
dairy_and_eggs,Neilson,Chocolate Milkshake,NeilsonChocolate Milkshake310 ml,$2.79ea,,$0.90/ 100ml,False,525.0,
dairy_and_eggs,Neilson,Trutaste Lactose Free 1% Milk,NeilsonTrutaste Lactose Free 1% Milk4 l,$10.79ea,,$0.27/ 100ml,False,526.0,
dairy_and_eggs,Liberte,Goat Milk 3.25% M.F,LiberteGoat Milk 3.25% M.F1 l,$5.49ea,,$0.55/ 100ml,False,527.0,
dairy_and_eggs,Midday Squares,Chocolate Bar Fudge Yah ,Midday SquaresChocolate Bar Fudge Yah 33 g,$2.99ea,,$9.06/ 100g,False,528.0,
dairy_and_eggs,IOGO,"Nano Yogurt, Vanilla","IOGONano Yogurt, Vanilla6x93.0 ml",$3.99ea,,$0.72/ 100ml,False,529.0,
dairy_and_eggs,Cracker Barrel,"Cheese, Shredded Natural Smoked Aged & Medium 34 % M.F.","Cracker BarrelCheese, Shredded Natural Smoked Aged & Medium 34 % M.F.300 g",$7.99ea,,$2.66/ 100g,False,530.0,
dairy_and_eggs,Activia,"Yogurt With Probiotics, Strawberry Vanilla Flavour","ActiviaYogurt With Probiotics, Strawberry Vanilla Flavour8x100.0 g",$6.99ea,,$0.87/ 100g,False,531.0,
dairy_and_eggs,PC Organics,"Organic Free-Range Large Brown Eggs, Club Pack (30 Count)","PC OrganicsOrganic Free-Range Large Brown Eggs, Club Pack (30 Count)30 ea",$16.29ea,,$16.29/ 1ea,False,532.0,
dairy_and_eggs,Cracker Barrel,Shreds Habanero,Cracker BarrelShreds Habanero320 g,$7.99ea,,$2.50/ 100g,False,533.0,
dairy_and_eggs,Savor,Grass Fed Salted Butter,SavorGrass Fed Salted Butter250 g,$7.99ea,,$3.20/ 100g,False,534.0,
dairy_and_eggs,Silk,"Almond For Coffee, Vanilla, Plant Based, Dairy Free Coffee Creamer","SilkAlmond For Coffee, Vanilla, Plant Based, Dairy Free Coffee Creamer473 ml",$2.99ea,,$0.63/ 100ml,False,535.0,
dairy_and_eggs,Liberte,Grk Ex Crm Vanilla 5%,LiberteGrk Ex Crm Vanilla 5%650 g,$6.49ea,,$1.00/ 100g,False,536.0,
dairy_and_eggs,The Greek Gods,"Greek Style Yogurt, Traditional Plain","The Greek GodsGreek Style Yogurt, Traditional Plain500 g",$5.49ea,,$1.10/ 100g,False,537.0,
dairy_and_eggs,Yoplait,Source Cherry Yogurt 0% MF,YoplaitSource Cherry Yogurt 0% MF630 g,$4.79ea,,$0.76/ 100g,False,538.0,
dairy_and_eggs,Liberte,Greek Vanilla 2% MF Yogurt,LiberteGreek Vanilla 2% MF Yogurt750 g,$6.49ea,,$0.87/ 100g,False,539.0,
dairy_and_eggs,Tre Stelle,"Grated Cheese, 100% Parmesan","Tre StelleGrated Cheese, 100% Parmesan200 g",$8.19ea,,$4.10/ 100g,False,540.0,
dairy_and_eggs,Yoplait,Strawberry Banana Yogurt,YoplaitStrawberry Banana Yogurt8x93.0 ml,$7.49ea,,$1.01/ 100ml,False,541.0,
dairy_and_eggs,PC Organics,"Organic Greek Yogurt, Plain","PC OrganicsOrganic Greek Yogurt, Plain500 g",$6.49ea,,$1.30/ 100g,False,542.0,
dairy_and_eggs,Activia,"Probiotics Yogurt, Yellow Apple/Apricot/Mango/Peach","ActiviaProbiotics Yogurt, Yellow Apple/Apricot/Mango/Peach12x100.0 g",$6.99ea,,$0.58/ 100g,False,543.0,
dairy_and_eggs,Yoplait,Source Raspberry 0% MF,YoplaitSource Raspberry 0% MF630 g,$4.79ea,,$0.76/ 100g,False,544.0,
dairy_and_eggs,siggi's,Vanilla Yogurt,siggi'sVanilla Yogurt750 g,$6.99ea,$6.49ea,$0.87/ 100g,True,545.0,saleEnds 03/15
dairy_and_eggs,Liberte,Greek Yogourt Black Cherry Raspberry 2% M.F.,LiberteGreek Yogourt Black Cherry Raspberry 2% M.F.650 g,$6.99ea,$6.49ea,$1.00/ 100g,True,546.0,saleEnds 03/15
dairy_and_eggs,Violife,Cheddar Style Slices ,ViolifeCheddar Style Slices 200 g,$6.99ea,,$3.50/ 100g,False,547.0,
dairy_and_eggs,PC Organics,Organic Homogenized Milk,PC OrganicsOrganic Homogenized Milk2 l,$7.29ea,,$0.36/ 100ml,False,548.0,
dairy_and_eggs,Liberte,Kéfir 1% MF Plain,LiberteKéfir 1% MF Plain1000 ml,$6.49ea,,$0.65/ 100ml,False,549.0,
dairy_and_eggs,Melt,"Organic Spread, Rich & Creamy  ","MeltOrganic Spread, Rich & Creamy  368 g",$5.49ea,,$1.49/ 100g,False,550.0,
dairy_and_eggs,Violife,Mozzarella Style Shreds ,ViolifeMozzarella Style Shreds 227 g,$6.99ea,,$3.08/ 100g,False,551.0,
dairy_and_eggs,Black Diamond,Cheestrings Marble 18% M.F.,Black DiamondCheestrings Marble 18% M.F.588 g,$12.29ea,,$2.09/ 100g,False,552.0,
dairy_and_eggs,President's Choice,Pizza Mozzarella Shredded Cheese,President's ChoicePizza Mozzarella Shredded Cheese320 g,$6.49ea,,$2.03/ 100g,False,553.0,
dairy_and_eggs,No Name,Coffee Whitener,No NameCoffee Whitener450 g,$5.49ea,,$1.22/ 100g,False,554.0,
dairy_and_eggs,Black Diamond,Cheestrings Cheddar Flavour 27% M.F.,Black DiamondCheestrings Cheddar Flavour 27% M.F.336 g,$6.99ea,,$2.08/ 100g,False,555.0,
dairy_and_eggs,Earth Island,Cheddar Style Dairy-Free Cheese,Earth IslandCheddar Style Dairy-Free Cheese198 g,$6.99ea,$6.49ea,$3.28/ 100g,True,556.0,saleEnds 03/29
dairy_and_eggs,Liberte,Raspberry Pomegranate 1.5 % M.F. Drinkable Yogourt,LiberteRaspberry Pomegranate 1.5 % M.F. Drinkable Yogourt1 l,$6.99ea,,$0.70/ 100ml,False,557.0,
dairy_and_eggs,Liberte,Vanilla 2.9% MF Yogurt,LiberteVanilla 2.9% MF Yogurt650 g,$4.49ea,,$0.69/ 100g,False,558.0,
dairy_and_eggs,President's Choice,Chocolate Chip Cookie Dough,President's ChoiceChocolate Chip Cookie Dough468 g,$4.49ea,,$0.96/ 100g,False,559.0,
dairy_and_eggs,PC Organics,"Organic Cultured Coconut Milk Yogurt, Alternative Vanilla","PC OrganicsOrganic Cultured Coconut Milk Yogurt, Alternative Vanilla680 g",$5.99ea,,$0.88/ 100g,False,560.0,
dairy_and_eggs,Violife, Smoke Flavoured Provolone Style Slices ,Violife Smoke Flavoured Provolone Style Slices 200 g,$6.99ea,,$3.50/ 100g,False,561.0,
dairy_and_eggs,Armstrong,Snack Old Cheddar,ArmstrongSnack Old Cheddar210 g,$6.99ea,,$3.33/ 100g,False,562.0,
dairy_and_eggs,Violife,Creamy Original ,ViolifeCreamy Original 200 g,$6.99ea,,$3.50/ 100g,False,563.0,
dairy_and_eggs,Nestle,COFFEE-MATE Original Powder,NestleCOFFEE-MATE Original Powder450 g,$7.49ea,,$1.66/ 100g,False,564.0,
dairy_and_eggs,No Name,Shredded Old White Cheddar Cheese,No NameShredded Old White Cheddar Cheese320 g,$5.99ea,,$1.87/ 100g,False,565.0,
dairy_and_eggs,Yoplait,Tubes Vanilla Yogurt,YoplaitTubes Vanilla Yogurt8x56.0 g,$4.79ea,,$1.07/ 100g,False,566.0,
dairy_and_eggs,Yoplait,Source Dessert Lemon Meringue Pie/Berry Crumble/Key Lime Pie/Strawberries and Cream 0% MF Yogurt,YoplaitSource Dessert Lemon Meringue Pie/Berry Crumble/Key Lime Pie/Strawberries and Cream 0% MF Yogurt16x100.0 g,$6.49ea,,$0.41/ 100g,False,567.0,
dairy_and_eggs,Black Diamond,Pizza Mozzarella Regular Shredded,Black DiamondPizza Mozzarella Regular Shredded320 g,$6.99ea,,$2.18/ 100g,False,568.0,
dairy_and_eggs,President's Choice,"Yogurt, Plant Based Cultured Oat Alternative Yuzu Citrus Flavour","President's ChoiceYogurt, Plant Based Cultured Oat Alternative Yuzu Citrus Flavour500 g",$3.99ea,,$0.80/ 100g,False,569.0,
dairy_and_eggs,siggi's,"Yogurt, Strawberry 2% M.F. Simple Ingredient Skyr","siggi'sYogurt, Strawberry 2% M.F. Simple Ingredient Skyr650 g",$6.99ea,$6.49ea,$1.00/ 100g,True,570.0,saleEnds 03/15
dairy_and_eggs,IOGO,"Zip Yogurt, Limited Edition Game Over Edition Strawberry-Melon/Blueberry","IOGOZip Yogurt, Limited Edition Game Over Edition Strawberry-Melon/Blueberry8x60.0 g",$3.29ea,$2.99ea,$0.62/ 100g,True,571.0,saleEnds 03/22
dairy_and_eggs,Kraft,Grated Parmesan Cheese,KraftGrated Parmesan Cheese250 g,$8.99ea,,$3.60/ 100g,False,572.0,
dairy_and_eggs,IOGO,"Yogurt, Vanilla 1.5%","IOGOYogurt, Vanilla 1.5%650 g",$3.49ea,,$0.54/ 100g,False,573.0,
dairy_and_eggs,PC Organics,"Organic Cheese, Old Cheddar","PC OrganicsOrganic Cheese, Old Cheddar200 g",$6.49ea,,$3.25/ 100g,False,574.0,
dairy_and_eggs,Oikos,"Fat Free Greek Yogurt, Cherry Flavour, Fruit On The Bottom, 0% M.F.","OikosFat Free Greek Yogurt, Cherry Flavour, Fruit On The Bottom, 0% M.F.4x100.0 g",$4.79ea,,$1.20/ 100g,False,575.0,
dairy_and_eggs,Activia,"Yogurt With Probiotics, Vanilla Flavour","ActiviaYogurt With Probiotics, Vanilla Flavour650 g",$3.99ea,,$0.61/ 100g,False,576.0,
dairy_and_eggs,Yoplait,Minigo 3% MF  Fresh Cheese Blueberry/Strawberry/Vanilla ,YoplaitMinigo 3% MF  Fresh Cheese Blueberry/Strawberry/Vanilla 6x60.0 g,$4.79ea,,$1.33/ 100g,False,577.0,
dairy_and_eggs,Liberte,Méditerrannée Strawberry 9% MF Yogurt,LiberteMéditerrannée Strawberry 9% MF Yogurt500 g,$5.79ea,,$1.16/ 100g,False,578.0,
dairy_and_eggs,Olympic,Organic Greek Plain Yogurt  ,OlympicOrganic Greek Plain Yogurt  650 g,$6.99ea,,$1.08/ 100g,False,579.0,
dairy_and_eggs,Yoplait,Yop Drinkable Yogurt  Strawberry-Banana Flavour,YoplaitYop Drinkable Yogurt  Strawberry-Banana Flavour200 ml,$1.59ea,,$0.80/ 100ml,False,580.0,
dairy_and_eggs,Silk,"Dairy Free Plant Based Coconut Yogurt, Vanilla, Unsweetened","SilkDairy Free Plant Based Coconut Yogurt, Vanilla, Unsweetened680 g",$7.49ea,,$1.10/ 100g,False,581.0,
dairy_and_eggs,Olympic,Organic Yogurt Plain,OlympicOrganic Yogurt Plain1.75 kg,$12.99ea,,$0.74/ 100g,False,582.0,
dairy_and_eggs,Yoplait,Source Vanilla  Yogurt 0% MF,YoplaitSource Vanilla  Yogurt 0% MF630 g,$4.79ea,,$0.76/ 100g,False,583.0,
dairy_and_eggs,Kraft,Cheez Whiz Cheese Spread,KraftCheez Whiz Cheese Spread450 g,$6.29ea,,$1.40/ 100g,False,584.0,
dairy_and_eggs,Yoplait,Source Strawberry 0% MF,YoplaitSource Strawberry 0% MF630 g,$4.79ea,,$0.76/ 100g,False,585.0,
dairy_and_eggs,Yoplait,Yop Drinkable Yogurt Blueberry Flavour,YoplaitYop Drinkable Yogurt Blueberry Flavour200 ml,$1.59ea,,$0.80/ 100ml,False,586.0,
dairy_and_eggs,Activia,"Probiotic Yogurt, Mixed Berries, Drinkable Yogurt, 8 Pack","ActiviaProbiotic Yogurt, Mixed Berries, Drinkable Yogurt, 8 Pack8x93.0 ml",$8.49ea,,$1.14/ 100ml,False,587.0,
dairy_and_eggs,Oikos,"Greek Yogurt, Blueberry Flavour, Fruit On The Bottom, 2% M.F.","OikosGreek Yogurt, Blueberry Flavour, Fruit On The Bottom, 2% M.F.4x100.0 g",$4.79ea,,$1.20/ 100g,False,588.0,
dairy_and_eggs,Yoplait,Tubes Mixed Berry,YoplaitTubes Mixed Berry8x56.0 g,$4.79ea,,$1.07/ 100g,False,589.0,
dairy_and_eggs,Yoplait,Yop Drinkable Yogurt Watermelon Flavour ,YoplaitYop Drinkable Yogurt Watermelon Flavour 200 ml,$1.59ea,,$0.80/ 100ml,False,590.0,
dairy_and_eggs,Activia,"Fat Free Yogurt With Probiotics, Vanilla/Strawberry/Peach/Raspberry, 0% M.F.","ActiviaFat Free Yogurt With Probiotics, Vanilla/Strawberry/Peach/Raspberry, 0% M.F.12x100.0 g",$6.99ea,,$0.58/ 100g,False,591.0,
dairy_and_eggs,Yoplait,Tubes Strawberry Yogurt,YoplaitTubes Strawberry Yogurt8x56.0 g,$4.79ea,,$1.07/ 100g,False,592.0,
dairy_and_eggs,Kraft,Light Grated Parmesan Cheese,KraftLight Grated Parmesan Cheese250 g,$8.99ea,,$3.60/ 100g,False,593.0,
dairy_and_eggs,Liberte,Greek Yogurt Double Cream Plain 8% MF,LiberteGreek Yogurt Double Cream Plain 8% MF650 g,$6.49ea,,$1.00/ 100g,False,594.0,
dairy_and_eggs,Olympic,"Organic Probiotic Yogurt, Mango","OlympicOrganic Probiotic Yogurt, Mango650 g",$4.99ea,,$0.77/ 100g,False,595.0,
dairy_and_eggs,Black Diamond,Cheestrings Mozzarella Lactose Free 18% M.F.,Black DiamondCheestrings Mozzarella Lactose Free 18% M.F.252 g,$6.99ea,,$2.77/ 100g,False,596.0,
dairy_and_eggs,Armstrong,Snack Marble Cheese,ArmstrongSnack Marble Cheese210 g,$6.99ea,,$3.33/ 100g,False,597.0,
dairy_and_eggs,President's Choice,Salad Topper Shredded Cheese Blend,President's ChoiceSalad Topper Shredded Cheese Blend300 g,$6.49ea,,$2.16/ 100g,False,598.0,
dairy_and_eggs,Yoplait,Lactose Free Strawberry/Raspberry Drinkable Yogurt,YoplaitLactose Free Strawberry/Raspberry Drinkable Yogurt200 ml,$1.59ea,,$0.80/ 100ml,False,599.0,
dairy_and_eggs,President's Choice,"Plant Based Cultured Coconut Milk Yogurt Alternative, Vanilla","President's ChoicePlant Based Cultured Coconut Milk Yogurt Alternative, Vanilla500 g",$4.79ea,,$0.96/ 100g,False,600.0,
dairy_and_eggs,President's Choice,"Yogurt, Mango Coconut Kefir Probiotic Fermented 1% M.F. Milk","President's ChoiceYogurt, Mango Coconut Kefir Probiotic Fermented 1% M.F. Milk1 l",$4.79ea,,$0.48/ 100ml,False,601.0,
dairy_and_eggs,Cracker Barrel,Cheddar Cheese Old Probiotic 34% M.F.,Cracker BarrelCheddar Cheese Old Probiotic 34% M.F.168 g,$6.49ea,$5.99ea,$3.57/ 100g,True,602.0,saleEnds 03/15
dairy_and_eggs,Astro,"Original Balkan Style Yogurt, Cappuccino","AstroOriginal Balkan Style Yogurt, Cappuccino650 g",$3.99ea,,$0.61/ 100g,False,603.0,
dairy_and_eggs,Black Diamond,Marble Shredded Cheese,Black DiamondMarble Shredded Cheese320 g,$6.99ea,,$2.18/ 100g,False,604.0,
dairy_and_eggs,Cracker Barrel,Snack Marble Cheddar,Cracker BarrelSnack Marble Cheddar168 g,$6.29ea,$5.99ea,$3.57/ 100g,True,605.0,saleEnds 03/15
dairy_and_eggs,Black Diamond,Cheestrings Mozzarella 18% M.F.,Black DiamondCheestrings Mozzarella 18% M.F.336 g,$6.99ea,,$2.08/ 100g,False,606.0,
dairy_and_eggs,President's Choice,Plain 2% M.F. Greek Yogurt,President's ChoicePlain 2% M.F. Greek Yogurt4x100.0 g,$4.49ea,,$1.12/ 100g,False,607.0,
dairy_and_eggs,Black Diamond,"Cheese, Pizza Mozzarella Stringable Marbelicious Zêbrés 18% M.F.","Black DiamondCheese, Pizza Mozzarella Stringable Marbelicious Zêbrés 18% M.F.252 g",$6.99ea,,$2.77/ 100g,False,608.0,
dairy_and_eggs,President's Choice,Smoke Flavoured Shredded Cheddar Cheese ,President's ChoiceSmoke Flavoured Shredded Cheddar Cheese 320 g,$6.49ea,,$2.03/ 100g,False,609.0,
dairy_and_eggs,Pillsbury,Pizza Crust,PillsburyPizza Crust391 g,$4.49ea,,$1.15/ 100g,False,610.0,
dairy_and_eggs,Cracker Barrel,Snack Medium Cheddar,Cracker BarrelSnack Medium Cheddar168 g,$6.29ea,$5.99ea,$3.57/ 100g,True,611.0,saleEnds 03/15
dairy_and_eggs,Rolling Meadow,Grass Fed 2% Milk,Rolling MeadowGrass Fed 2% Milk2 l,$6.29ea,,$0.31/ 100ml,False,612.0,
dairy_and_eggs,siggi's,Lemon 3.25% M.F. Creamy Skyr,siggi'sLemon 3.25% M.F. Creamy Skyr650 g,$6.99ea,$6.49ea,$1.00/ 100g,True,613.0,saleEnds 03/15
dairy_and_eggs,No Name,Coffee Whitener,No NameCoffee Whitener1 kg,$8.49ea,,$0.85/ 100g,False,614.0,
dairy_and_eggs,Nestle,"Coffee-Mate, Original","NestleCoffee-Mate, Original1.4 kg",$13.99ea,,$1.00/ 100g,False,615.0,
dairy_and_eggs,Woolwich,Dairy Old Goat's Milk Cheddar Cheese,WoolwichDairy Old Goat's Milk Cheddar Cheese200 g,$9.99ea,$8.99ea,$4.50/ 100g,True,616.0,saleEnds 03/15
dairy_and_eggs,Liberte,Kéfir 1% MF Mango,LiberteKéfir 1% MF Mango1000 ml,$6.49ea,,$0.65/ 100ml,False,617.0,
dairy_and_eggs,Astro,"Original Yogurt, Banana Cream 6%","AstroOriginal Yogurt, Banana Cream 6%650 g",$3.99ea,,$0.61/ 100g,False,618.0,
dairy_and_eggs,Liberte,Greek Cherry 2% MF Yogurt,LiberteGreek Cherry 2% MF Yogurt750 g,$6.49ea,,$0.87/ 100g,False,619.0,
dairy_and_eggs,IOGO,3.2% M.F. Yogurt,IOGO3.2% M.F. Yogurt12x100.0 g,$7.49ea,$6.49ea,$0.54/ 100g,True,620.0,saleEnds 03/15
dairy_and_eggs,President's Choice,Triple Cheddar Shredded Cheese Blend ,President's ChoiceTriple Cheddar Shredded Cheese Blend 620 g,$12.49ea,,$2.01/ 100g,False,621.0,
dairy_and_eggs,Astro,"Original Balkan Style Yogurt, Plain 0%","AstroOriginal Balkan Style Yogurt, Plain 0%750 g",$4.49ea,$3.99ea,$0.53/ 100g,True,622.0,saleEnds 03/15
dairy_and_eggs,President's Choice,Plant Based Kefir Probiotic Fermented Coconut Milk,President's ChoicePlant Based Kefir Probiotic Fermented Coconut Milk1 l,$4.79ea,,$0.48/ 100ml,False,623.0,
dairy_and_eggs,President's Choice,Plain 1% M.F. Yogurt,President's ChoicePlain 1% M.F. Yogurt750 g,$3.79ea,,$0.51/ 100g,False,624.0,
dairy_and_eggs,President's Choice,"Strawberry, Vanilla, Raspberry & Banana Creamy Stirred Yogurt","President's ChoiceStrawberry, Vanilla, Raspberry & Banana Creamy Stirred Yogurt16x100.0 g",$6.99ea,,$0.44/ 100g,False,625.0,
dairy_and_eggs,Liberte,Goat Milk 3.25% M.F,LiberteGoat Milk 3.25% M.F1 l,$5.49ea,,$0.55/ 100ml,False,626.0,
dairy_and_eggs,Midday Squares,Chocolate Bar Fudge Yah ,Midday SquaresChocolate Bar Fudge Yah 33 g,$2.99ea,,$9.06/ 100g,False,627.0,
dairy_and_eggs,Earths Own,Dairy Free Butter Spread Whipped & Salted,Earths OwnDairy Free Butter Spread Whipped & Salted340 g,$4.99ea,,$1.47/ 100g,False,628.0,
dairy_and_eggs,Rolling Meadow,"Yogurt, Plain 3.25%","Rolling MeadowYogurt, Plain 3.25%500 g",$4.29ea,,$0.86/ 100g,False,629.0,
dairy_and_eggs,Organic Meadow,"Organic Cheese, Old Cheddar","Organic MeadowOrganic Cheese, Old Cheddar340 g",$12.99ea,,$3.82/ 100g,False,630.0,
dairy_and_eggs,Liberte,Greek Vanilla 0% Lactose Free,LiberteGreek Vanilla 0% Lactose Free1000 g,$9.79ea,,$0.98/ 100g,False,631.0,
dairy_and_eggs,Arla,Havarti 33 % M.F. 8 Snack Cheese Bars,ArlaHavarti 33 % M.F. 8 Snack Cheese Bars168 g,$5.99ea,,$3.57/ 100g,False,632.0,
dairy_and_eggs,Liberte,Méditerranée Coconut 9% MF Yogurt,LiberteMéditerranée Coconut 9% MF Yogurt500 g,$5.79ea,,$1.16/ 100g,False,633.0,
dairy_and_eggs,No Name,Stringable Cheese Pizza Mozzarella,No NameStringable Cheese Pizza Mozzarella336 g,$6.79ea,,$2.02/ 100g,False,634.0,
dairy_and_eggs,Saputo,"4-Cheese Blend, Shredded","Saputo4-Cheese Blend, Shredded1 kg",$20.99ea,,$2.10/ 100g,False,635.0,
dairy_and_eggs,No Name,Large Grade A Eggs,No NameLarge Grade A Eggs12 eggs,$3.75ea,,$0.31/ 1ea,False,636.0,
dairy_and_eggs,Organic Meadow,Vanilla Kefir,Organic MeadowVanilla Kefir1 l,$7.49ea,,$0.75/ 100ml,False,637.0,
dairy_and_eggs,Liberte,Greek Yogurt Cream Berry 8% MF,LiberteGreek Yogurt Cream Berry 8% MF650 g,$6.49ea,,$1.00/ 100g,False,638.0,
dairy_and_eggs,Cracker Barrel,Cheese Sauce Kit Mexiqueso,Cracker BarrelCheese Sauce Kit Mexiqueso280 g,$7.99ea,,$2.85/ 100g,False,639.0,
dairy_and_eggs,President's Choice,Tre Formaggi Shredded Cheese Blend,President's ChoiceTre Formaggi Shredded Cheese Blend620 g,$12.49ea,,$2.01/ 100g,False,640.0,
dairy_and_eggs,Black Diamond,Natural Shredded Cheese Mozza Cheddar 24% M.F.,Black DiamondNatural Shredded Cheese Mozza Cheddar 24% M.F.320 g,$6.99ea,,$2.18/ 100g,False,641.0,
dairy_and_eggs,IOGO,2.5% Heart of Fruit Strawberry-Peach-Vanilla and Raspberry-Lemon-Vanilla Yogurt,IOGO2.5% Heart of Fruit Strawberry-Peach-Vanilla and Raspberry-Lemon-Vanilla Yogurt16x95.0 g,$7.49ea,$6.49ea,$0.43/ 100g,True,642.0,saleEnds 03/15
dairy_and_eggs,Yoplait,Special Edition Yogurt,YoplaitSpecial Edition Yogurt8x56.0 g,$4.79ea,,$1.07/ 100g,False,643.0,
dairy_and_eggs,Neilson,Skim Milk,NeilsonSkim Milk2 l,$5.19ea,,$0.26/ 100ml,False,644.0,
dairy_and_eggs,Nestle,Coffee Mate After Eight Liquid Coffee Enhancer,NestleCoffee Mate After Eight Liquid Coffee Enhancer946 ml,$6.49ea,$5.49ea,$0.58/ 100ml,True,645.0,saleEnds 03/15
dairy_and_eggs,No Name,Whipped Topping ,No NameWhipped Topping 225 g,$3.99ea,,$1.77/ 100g,False,646.0,
dairy_and_eggs,President's Choice,Old Cheddar Cheese,President's ChoiceOld Cheddar Cheese400 g,$6.49ea,,$1.62/ 100g,False,647.0,
dairy_and_eggs,Neilson,Chocolate Dairy Beverage 2% M.F.,NeilsonChocolate Dairy Beverage 2% M.F.1 l,$3.69ea,$3.29ea,$0.33/ 100ml,True,648.0,saleEnds 04/05
dairy_and_eggs,Neilson,Caramel Chocolate Milkshake,NeilsonCaramel Chocolate Milkshake310 ml,$2.79ea,,$0.90/ 100ml,False,649.0,
dairy_and_eggs,No Name,Pizza Mozzarella Cheese ,No NamePizza Mozzarella Cheese 200 g,$3.99ea,,$2.00/ 100g,False,650.0,
dairy_and_eggs,Earth Balance,Soy Free Buttery Spread    ,Earth BalanceSoy Free Buttery Spread    425 g,$5.99ea,,$1.41/ 100g,False,651.0,
dairy_and_eggs,Yoplait,Drinkable Yogurt 1% M.F.,YoplaitDrinkable Yogurt 1% M.F.12x200.0 ml,$14.99ea,,$0.62/ 100ml,False,652.0,
dairy_and_eggs,Yoplait,Source Fieldberry Yogurt 0% MF,YoplaitSource Fieldberry Yogurt 0% MF630 g,$4.79ea,,$0.76/ 100g,False,653.0,
dairy_and_eggs,Olympic,"Greek Yogurt, Plain","OlympicGreek Yogurt, Plain650 g",$4.99ea,,$0.77/ 100g,False,654.0,
dairy_and_eggs,IOGO,"Nano Drinkable Yogurt, Raspberry","IOGONano Drinkable Yogurt, Raspberry6x93.0 ml",$3.99ea,,$0.72/ 100ml,False,655.0,
dairy_and_eggs,Danone,Oikos Yogurt Extra Creamy Key Lime 9% M.F.,DanoneOikos Yogurt Extra Creamy Key Lime 9% M.F.650 g,$7.99ea,,$1.23/ 100g,False,656.0,
dairy_and_eggs,Yoplait,Yop Drinkable Yogurt Strawberry Banana Flavour 1% M.F.,YoplaitYop Drinkable Yogurt Strawberry Banana Flavour 1% M.F.1.2 l,$8.99ea,,$0.75/ 100ml,False,657.0,
dairy_and_eggs,Oikos,"Greek Yogurt, Strawberry-Banana Flavour, Blended, 2% M.F.","OikosGreek Yogurt, Strawberry-Banana Flavour, Blended, 2% M.F.4x100.0 g",$4.79ea,,$1.20/ 100g,False,658.0,
dairy_and_eggs,Yoplait,Drinkable Yogurt Strawberry-Raspberry 1.5% M.F.,YoplaitDrinkable Yogurt Strawberry-Raspberry 1.5% M.F.8x93.0 ml,$7.49ea,,$1.01/ 100ml,False,659.0,
dairy_and_eggs,Oikos,"Greek Yogurt, Strawberry Flavour, Fruit On The Bottom, 2% M.F.","OikosGreek Yogurt, Strawberry Flavour, Fruit On The Bottom, 2% M.F.4x100.0 g",$4.79ea,,$1.20/ 100g,False,660.0,
dairy_and_eggs,Oikos,"Fat Free Greek Yogurt, Vanilla Flavour, Blended, 0% M.F.","OikosFat Free Greek Yogurt, Vanilla Flavour, Blended, 0% M.F.750 g",$6.99ea,,$0.93/ 100g,False,661.0,
dairy_and_eggs,Oikos,"Greek Yogurt, Plain, No Added Sugar, 2% M.F., 4 Pack","OikosGreek Yogurt, Plain, No Added Sugar, 2% M.F., 4 Pack4x100.0 g",$4.79ea,,$1.20/ 100g,False,662.0,
dairy_and_eggs,Oikos,"Drinkable Greek Yogurt With Banana, Oats, & Seeds, 9G Protein","OikosDrinkable Greek Yogurt With Banana, Oats, & Seeds, 9G Protein190 ml",$2.29ea,,$1.21/ 100ml,False,663.0,
dairy_and_eggs,Activia,"Yogurt With Probiotics, Plain 3.2% M/F.","ActiviaYogurt With Probiotics, Plain 3.2% M/F.650 g",$3.99ea,,$0.61/ 100g,False,664.0,
dairy_and_eggs,Danone,"Spiderman Yoghurt Drink with Real Fruit, Raspberry, 6 Bottles","DanoneSpiderman Yoghurt Drink with Real Fruit, Raspberry, 6 Bottles558 ml",$5.79ea,,$1.04/ 100ml,False,665.0,
dairy_and_eggs,Activia,"Yogurt With Probiotics, Peach Flavour Tub","ActiviaYogurt With Probiotics, Peach Flavour Tub650 g",$3.99ea,,$0.61/ 100g,False,666.0,
dairy_and_eggs,Liberte,Greek Plain 0% MF Yogurt,LiberteGreek Plain 0% MF Yogurt750 g,$6.49ea,,$0.87/ 100g,False,667.0,
dairy_and_eggs,Oikos,"Greek Yogurt, Strawberry Raspberry, Fruit On The Bottom, 2% M.F.","OikosGreek Yogurt, Strawberry Raspberry, Fruit On The Bottom, 2% M.F.4x100.0 g",$4.79ea,,$1.20/ 100g,False,668.0,
dairy_and_eggs,IOGO,"Drinkable Yogurt, Banana 1.5%","IOGODrinkable Yogurt, Banana 1.5%6x93.0 ml",$3.99ea,,$0.72/ 100ml,False,669.0,
dairy_and_eggs,Silk,"Coconut Yogurt Style, Plain, Unsweetened, Plant Based Dairy Free Yogurt","SilkCoconut Yogurt Style, Plain, Unsweetened, Plant Based Dairy Free Yogurt680 g",$7.49ea,,$1.10/ 100g,False,670.0,
dairy_and_eggs,Liberte,Classique Class Plain 0% MF Yogurt,LiberteClassique Class Plain 0% MF Yogurt650 g,$4.49ea,,$0.69/ 100g,False,671.0,
dairy_and_eggs,Silk,"Soy For Coffee, Original Coffee Creamer","SilkSoy For Coffee, Original Coffee Creamer890 ml",$5.49ea,,$0.62/ 100ml,False,672.0,
dairy_and_eggs,PC Organics,"Organic Fresh Churned Butter, Unsalted","PC OrganicsOrganic Fresh Churned Butter, Unsalted250 g",$6.99ea,,$2.80/ 100g,False,673.0,
dairy_and_eggs,Riviera,"Goat Yogurt, Plain 4.9%","RivieraGoat Yogurt, Plain 4.9%500 g",$6.49ea,,$1.30/ 100ml,False,674.0,
dairy_and_eggs,Woolwich,Dairy Goat Milk Unsalted Butter,WoolwichDairy Goat Milk Unsalted Butter250 g,$7.49ea,,$3.00/ 100g,False,675.0,
dairy_and_eggs,Yoso,"Cultured Coconut Yogurt, Vanilla","YosoCultured Coconut Yogurt, Vanilla440 g",$5.99ea,,$1.36/ 100g,False,676.0,
dairy_and_eggs,Black Diamond,Marble Cheddar Cheese Sticks,Black DiamondMarble Cheddar Cheese Sticks252 g,$7.29ea,,$2.89/ 100g,False,677.0,
dairy_and_eggs,Earth Island,Cheddar Cheese Slices,Earth IslandCheddar Cheese Slices200 g,$8.99ea,,$4.50/ 100g,False,678.0,
dairy_and_eggs,Tre Stelle,Tre Stelle Organic Cream Cheese Spread,Tre StelleTre Stelle Organic Cream Cheese Spread200 g,$4.49ea,,$2.25/ 100g,False,679.0,
dairy_and_eggs,Woolwich,Dairy Goat Milk Sea Salted Butter,WoolwichDairy Goat Milk Sea Salted Butter250 g,$7.49ea,,$3.00/ 100g,False,680.0,
dairy_and_eggs,PC Organics,Organic Partly Skimmed 1% Milk,PC OrganicsOrganic Partly Skimmed 1% Milk4 l,$10.39ea,$8.99ea,$0.22/ 100ml,True,681.0,saleEnds 03/15
dairy_and_eggs,PC Blue Menu,Egg Whites,PC Blue MenuEgg Whites1 kg,$7.99ea,,$0.80/ 100g,False,682.0,
dairy_and_eggs,Amooza,Pizza Mozzarella Cheese 22 % M.F.,AmoozaPizza Mozzarella Cheese 22 % M.F.228 g,$5.99ea,,$2.63/ 100g,False,683.0,
dairy_and_eggs,President's Choice,"Plant Based Cultured Coconut Milk Yogurt Alternative, Plain","President's ChoicePlant Based Cultured Coconut Milk Yogurt Alternative, Plain500 g",$4.79ea,,$0.96/ 100g,False,684.0,
dairy_and_eggs,Violife, Cheddar Style Shreds,Violife Cheddar Style Shreds227 g,$6.99ea,,$3.08/ 100g,False,685.0,
dairy_and_eggs,Olympic,"Organic Yogurt, Plain 3.5%","OlympicOrganic Yogurt, Plain 3.5%650 g",$4.99ea,,$0.77/ 100g,False,686.0,
dairy_and_eggs,Pillsbury,Grands! Cinnamon Rolls Flaky Supreme with Icing,PillsburyGrands! Cinnamon Rolls Flaky Supreme with Icing468 g,$5.29ea,,$1.07/ 100g,False,687.0,
dairy_and_eggs,Saputo,"Shredded Cheese, Mozzarellissima Light","SaputoShredded Cheese, Mozzarellissima Light1 kg",$20.99ea,,$2.10/ 100g,False,688.0,
dairy_and_eggs,Cracker Barrel,Shreds Light Double Cheddar,Cracker BarrelShreds Light Double Cheddar320 g,$7.99ea,,$2.50/ 100g,False,689.0,
dairy_and_eggs,Califia Farms,Barista Blend,Califia FarmsBarista Blend946 ml,$6.49ea,,$0.69/ 100ml,False,690.0,
dairy_and_eggs,Organic Meadow,Mozzarella Cheese Sticks 20 % M.F. 8 Sticks,Organic MeadowMozzarella Cheese Sticks 20 % M.F. 8 Sticks168 g,$8.99ea,,$5.35/ 100g,False,691.0,
dairy_and_eggs,President's Choice,Peach Mango 2% M.F. Greek Yogurt,President's ChoicePeach Mango 2% M.F. Greek Yogurt4x100.0 g,$4.49ea,,$1.12/ 100g,False,692.0,
dairy_and_eggs,Saputo,Shredded Mozzarella,SaputoShredded Mozzarella1 kg,$20.99ea,,$2.10/ 100g,False,693.0,
dairy_and_eggs,Olympic,Yogurt-French Vanilla,OlympicYogurt-French Vanilla1.75 kg,$12.99ea,,$0.74/ 100g,False,694.0,
dairy_and_eggs,Cracker Barrel,Shreds Parmesan,Cracker BarrelShreds Parmesan250 g,$7.99ea,,$3.20/ 100g,False,695.0,
dairy_and_eggs,President's Choice,Shredded Pizza Mozzarella Cheese,President's ChoiceShredded Pizza Mozzarella Cheese620 g,$12.49ea,,$2.01/ 100g,False,696.0,
dairy_and_eggs,Liberte,Greek Yogurt Cream Cappuchino  8%MF,LiberteGreek Yogurt Cream Cappuchino  8%MF650 g,$6.49ea,,$1.00/ 100g,False,697.0,
dairy_and_eggs,Silk,"Dairy-Free Whipping Cream Alternative, Coconut based","SilkDairy-Free Whipping Cream Alternative, Coconut based473 ml",$5.49ea,,$1.16/ 100ml,False,698.0,
dairy_and_eggs,Armstrong,Snack Old Cheddar Cheese,ArmstrongSnack Old Cheddar Cheese630 g,$14.99ea,,$2.38/ 100g,False,699.0,
dairy_and_eggs,PC Organics,Balkan Style Yogurt Plain 6% M.F. ,PC OrganicsBalkan Style Yogurt Plain 6% M.F. 500 g,$4.49ea,,$0.90/ 100g,False,700.0,
dairy_and_eggs,Activia,"Yogurt With Probiotics, Stawberry Raspberry Flavour","ActiviaYogurt With Probiotics, Stawberry Raspberry Flavour8x100.0 g",$6.99ea,,$0.87/ 100g,False,701.0,
dairy_and_eggs,Earths Own,Oat Cafe Edition,Earths OwnOat Cafe Edition473 ml,$4.99ea,$4.49ea,$0.95/ 100ml,True,702.0,saleEnds 03/29
dairy_and_eggs,IOGO,"0% Strawberry, Raspberry, Blueberry, Cherry Yogurt","IOGO0% Strawberry, Raspberry, Blueberry, Cherry Yogurt16x100.0 g",$8.49ea,$6.49ea,$0.41/ 100g,True,703.0,saleEnds 03/15
dairy_and_eggs,Liberte,Méditerranée Raspbery Cheesecake 9%MF Yogurt,LiberteMéditerranée Raspbery Cheesecake 9%MF Yogurt500 g,$5.79ea,,$1.16/ 100g,False,704.0,
dairy_and_eggs,Yoplait,Yop Drinkable Yogurt Limited Edition,YoplaitYop Drinkable Yogurt Limited Edition200 ml,$1.59ea,,$0.80/ 100ml,False,705.0,
dairy_and_eggs,Liberte,Greek Mango 0% MF Yogurt,LiberteGreek Mango 0% MF Yogurt750 g,$6.49ea,,$0.87/ 100g,False,706.0,
dairy_and_eggs,PC Organics,"Organic Fresh Churned Butter, Salted","PC OrganicsOrganic Fresh Churned Butter, Salted250 g",$6.99ea,,$2.80/ 100g,False,707.0,
dairy_and_eggs,Oikos,Maple Syrup 2% M.F. Greek Yogurt,OikosMaple Syrup 2% M.F. Greek Yogurt4x100.0 g,$4.79ea,,$1.20/ 100g,False,708.0,
dairy_and_eggs,Oikos,"High Protein Greek Yogurt, Strawberry-Raspberry Flavour, Blended, Value Tub","OikosHigh Protein Greek Yogurt, Strawberry-Raspberry Flavour, Blended, Value Tub650 g",$6.99ea,,$1.08/ 100g,False,709.0,
dairy_and_eggs,PC Organics,Organic Free-Range Egg Whites,PC OrganicsOrganic Free-Range Egg Whites500 g,$5.99ea,,$1.20/ 100g,False,710.0,
dairy_and_eggs,Liberte,Greek Grk Ex Crm Str/Ban 5%,LiberteGreek Grk Ex Crm Str/Ban 5%650 g,$6.49ea,,$1.00/ 100g,False,711.0,
dairy_and_eggs,President's Choice,Plain Greek Yogurt Club Size,President's ChoicePlain Greek Yogurt Club Size1 kg,$8.29ea,,$0.83/ 100g,False,712.0,
dairy_and_eggs,Activia,"Yogurt With Probiotics, Coconut Flavour","ActiviaYogurt With Probiotics, Coconut Flavour650 g",$3.99ea,,$0.61/ 100g,False,713.0,
dairy_and_eggs,Oikos,"Greek Yogurt, Pineapple Flavour, Fruit On The Bottom, 2% M.F.","OikosGreek Yogurt, Pineapple Flavour, Fruit On The Bottom, 2% M.F.4x100.0 g",$4.79ea,,$1.20/ 100g,False,714.0,
dairy_and_eggs,Fairlife,Chocolate Lactose Free 2% Partly Skimmed Ultrafiltered Milk,FairlifeChocolate Lactose Free 2% Partly Skimmed Ultrafiltered Milk1.5 l,$5.79ea,,$0.39/ 100ml,False,715.0,
dairy_and_eggs,Cracker Barrel,Slice Swiss,Cracker BarrelSlice Swiss220 g,$5.99ea,,$2.72/ 100g,False,716.0,
dairy_and_eggs,Neilson,Dairy Milker 2% M.F.,NeilsonDairy Milker 2% M.F.160x9.0 ml,$9.59ea,,$0.67/ 100ml,False,717.0,
dairy_and_eggs,No Name,Light Coffee Whitener,No NameLight Coffee Whitener450 g,$5.49ea,,$1.22/ 100g,False,718.0,
dairy_and_eggs,Gay Lea,"Sour Cream, Regular 14%","Gay LeaSour Cream, Regular 14%500 ml",$4.29ea,,$0.86/ 100ml,False,719.0,
dairy_and_eggs,Armstrong,Natural Swiss Cheese Slice,ArmstrongNatural Swiss Cheese Slice220 g,$6.49ea,,$2.95/ 100g,False,720.0,
dairy_and_eggs,Neilson,Buttermilk,NeilsonButtermilk1 l,$4.49ea,,$0.45/ 100ml,False,721.0,
dairy_and_eggs,Oikos,"High Protein Greek Yogurt, Vanilla Flavour, Blended, Value Tub","OikosHigh Protein Greek Yogurt, Vanilla Flavour, Blended, Value Tub650 g",$6.99ea,,$1.08/ 100g,False,722.0,
dairy_and_eggs,IOGO,"Nano Yogurt, Peach 1%","IOGONano Yogurt, Peach 1%6x93.0 ml",$3.99ea,,$0.72/ 100ml,False,723.0,
dairy_and_eggs,Oikos,"Fat Free Greek Yogurt, 30% Less Sugar, Peach Flavour, Blended","OikosFat Free Greek Yogurt, 30% Less Sugar, Peach Flavour, Blended4x100.0 g",$4.79ea,,$1.20/ 100g,False,724.0,
dairy_and_eggs,Oikos,"Greek Yogurt, Plain, No Added Sugar, 2% Mf, Value Tub","OikosGreek Yogurt, Plain, No Added Sugar, 2% Mf, Value Tub750 g",$6.99ea,,$0.93/ 100g,False,725.0,
dairy_and_eggs,Activia,"Probiotic Yogurt, Strawberry Rhubarb Flavour","ActiviaProbiotic Yogurt, Strawberry Rhubarb Flavour650 g",$3.99ea,,$0.61/ 100g,False,726.0,
dairy_and_eggs,Danone,"Two Good Greek Yogurt, Plain Yogurt Tub, Blended, 2% MF","DanoneTwo Good Greek Yogurt, Plain Yogurt Tub, Blended, 2% MF625 g",$6.49ea,,$1.04/ 100g,False,727.0,
dairy_and_eggs,Becel,Margarine with Olive Oil,BecelMargarine with Olive Oil454 g,$5.49ea,,$1.29/ 100g,False,728.0,
dairy_and_eggs,Cracker Barrel,Shreds Tex Mex,Cracker BarrelShreds Tex Mex320 g,$7.99ea,,$2.50/ 100g,False,729.0,
dairy_and_eggs,PC Organics,Organic Free-Range Large Brown Eggs,PC OrganicsOrganic Free-Range Large Brown Eggs12 eggs,$7.49ea,,$0.62/ 1ea,False,730.0,
dairy_and_eggs,Activia,"Yogurt With Probiotics, Vanilla Flavour Lactose-Free","ActiviaYogurt With Probiotics, Vanilla Flavour Lactose-Free8x100.0 g",$6.99ea,,$0.87/ 100g,False,731.0,
dairy_and_eggs,Derlea,Garlic Spread,DerleaGarlic Spread250 g,$2.79ea,,$1.12/ 100g,False,732.0,
dairy_and_eggs,PC Organics,Organic 14% M.F. Sour Cream,PC OrganicsOrganic 14% M.F. Sour Cream500 g,$5.29ea,,$1.06/ 100g,False,733.0,
dairy_and_eggs,President's Choice,Berries & Cherries Skyr Icelandic Style 0% M.F. Yogurt,President's ChoiceBerries & Cherries Skyr Icelandic Style 0% M.F. Yogurt500 g,$6.29ea,,$1.26/ 100g,False,734.0,
dairy_and_eggs,Pillsbury,Grands Cinnamon Rolls Regular   ,PillsburyGrands Cinnamon Rolls Regular   496 g,$5.29ea,,$1.07/ 100g,False,735.0,
dairy_and_eggs,Follow Your Heart,Soy Free Vegenaise,Follow Your HeartSoy Free Vegenaise473 ml,$9.49ea,,$2.01/ 100ml,False,736.0,
dairy_and_eggs,President's Choice,Raspberry Skyr Icelandic Style 4% M.F. Yogurt,President's ChoiceRaspberry Skyr Icelandic Style 4% M.F. Yogurt500 g,$6.29ea,,$1.26/ 100g,False,737.0,
dairy_and_eggs,Liberte,Greek Strawberry 2% MF Yogurt ,LiberteGreek Strawberry 2% MF Yogurt 750 g,$6.49ea,,$0.87/ 100g,False,738.0,
dairy_and_eggs,President's Choice,Triple Cheddar Shredded Cheese Blend,President's ChoiceTriple Cheddar Shredded Cheese Blend320 g,$6.49ea,,$2.03/ 100g,False,739.0,
dairy_and_eggs,Oikos,"Extra Creamy Greek Yogurt, Black Cherry, Fruit On The Bottom, 9% M.F.","OikosExtra Creamy Greek Yogurt, Black Cherry, Fruit On The Bottom, 9% M.F.4x95.0 g",$4.79ea,,$1.26/ 100g,False,740.0,
dairy_and_eggs,No Name,Shredded Nacho Cheese Blend,No NameShredded Nacho Cheese Blend320 g,$5.99ea,,$1.87/ 100g,False,741.0,
dairy_and_eggs,Liberte,Yogourt Plain Large Size 5 % M.F.,LiberteYogourt Plain Large Size 5 % M.F.900 g,$9.79ea,,$1.09/ 100g,False,742.0,
dairy_and_eggs,Yoplait,Yop Drinkable Yogurt Coconut Flavour,YoplaitYop Drinkable Yogurt Coconut Flavour200 ml,$1.59ea,,$0.80/ 100ml,False,743.0,
dairy_and_eggs,Silk,"Oat Yogurt Style, Plainluten Free, Vegan","SilkOat Yogurt Style, Plainluten Free, Vegan640 g",$7.49ea,,$1.17/ 100g,False,744.0,
dairy_and_eggs,PC Organics,"Organic Cheese, Medium Cheddar","PC OrganicsOrganic Cheese, Medium Cheddar200 g",$6.49ea,,$3.25/ 100g,False,745.0,
dairy_and_eggs,IOGO,Nanö Drinkable Yogurt Strawberry 1 % M.F.,IOGONanö Drinkable Yogurt Strawberry 1 % M.F.900 ml,$4.99ea,,$0.55/ 100ml,False,746.0,
dairy_and_eggs,Activia,"Probiotic Yogurt, 4X Blueberry, 4X Strawberry & Rhubarb, 8 Pack","ActiviaProbiotic Yogurt, 4X Blueberry, 4X Strawberry & Rhubarb, 8 Pack8x100.0 g",$6.99ea,,$0.87/ 100g,False,747.0,
dairy_and_eggs,Activia,"Yogurt With Probiotics, Pear Flavour Tub","ActiviaYogurt With Probiotics, Pear Flavour Tub650 g",$3.99ea,,$0.61/ 100g,False,748.0,
dairy_and_eggs,Activia,"Yogurt With Probiotics & Fibre, 3X Vanilla, 3X Blueberry, 3X Peach, 3X Strawberry Kiwi,","ActiviaYogurt With Probiotics & Fibre, 3X Vanilla, 3X Blueberry, 3X Peach, 3X Strawberry Kiwi,12x100.0 g",$6.99ea,,$0.58/ 100g,False,749.0,
dairy_and_eggs,Yoplait,Minigo 3% MF Fresh Cheese Strawberry/Strawberry-Vanilla/Strawberry-Banana,YoplaitMinigo 3% MF Fresh Cheese Strawberry/Strawberry-Vanilla/Strawberry-Banana6x60.0 g,$4.79ea,,$1.33/ 100g,False,750.0,
dairy_and_eggs,Activia,"Yogurt With Probiotics, Raspberry Flavour","ActiviaYogurt With Probiotics, Raspberry Flavour650 g",$3.99ea,,$0.61/ 100g,False,751.0,
dairy_and_eggs,IOGO,"Yogurt Duo, Pineapple-Coconut-Banana, Raspberry, Orange-Mandarin, Peach-Mango","IOGOYogurt Duo, Pineapple-Coconut-Banana, Raspberry, Orange-Mandarin, Peach-Mango16x100.0 g",$8.49ea,$6.49ea,$0.41/ 100g,True,752.0,saleEnds 03/15
dairy_and_eggs,IOGO,3.2% Canadian Harvest Cherry Yogurt,IOGO3.2% Canadian Harvest Cherry Yogurt650 g,$3.49ea,,$0.54/ 100g,False,753.0,
dairy_and_eggs,Danone,"Drinkable Yogurt, Peach Flavour, Made With Real Fruit, 2% M.F.","DanoneDrinkable Yogurt, Peach Flavour, Made With Real Fruit, 2% M.F.190 ml",$1.29ea,,$0.68/ 100ml,False,754.0,
dairy_and_eggs,Activia,"Probiotic Smoothie, Kiwi, Pineapple & Cucumber, Drinkable Yogurt","ActiviaProbiotic Smoothie, Kiwi, Pineapple & Cucumber, Drinkable Yogurt190 ml",$2.29ea,,$1.21/ 100ml,False,755.0,
dairy_and_eggs,Astro,"Original Balkan Style Yogurt, Strawberry, Raspberry, Black Cherry, Nectarine","AstroOriginal Balkan Style Yogurt, Strawberry, Raspberry, Black Cherry, Nectarine12x100.0 g",$7.99ea,$5.99ea,$0.50/ 100g,True,756.0,saleEnds 03/15
dairy_and_eggs,IOGO,"Nano Drinkable Yogurt, Strawberry Raspberry ","IOGONano Drinkable Yogurt, Strawberry Raspberry 24x93.0 ml",$19.99ea,,$0.90/ 100ml,False,757.0,
dairy_and_eggs,Neilson,2% Milk,Neilson2% Milk1 l,$3.49ea,,$0.35/ 100ml,False,758.0,
dairy_and_eggs,President,Premium Salted Cultured Butter,PresidentPremium Salted Cultured Butter250 g,$5.49ea,,$2.20/ 100g,False,759.0,
dairy_and_eggs,Riviera,Sour Cream,RivieraSour Cream2x120.0 ml,$3.79ea,,$1.58/ 100ml,False,760.0,
dairy_and_eggs,IOGO,"1.5% Lactose Free Cherry, Lemon, Vanilla, Blackberry-Blueberry Yogurt","IOGO1.5% Lactose Free Cherry, Lemon, Vanilla, Blackberry-Blueberry Yogurt16x100.0 g",$8.49ea,$6.49ea,$0.41/ 100g,True,761.0,saleEnds 03/15
dairy_and_eggs,No Name,Marble Cheddar Cheese Slices,No NameMarble Cheddar Cheese Slices230 g,$5.49ea,,$2.39/ 100g,False,762.0,
dairy_and_eggs,Kraft,Singles Original Slices,KraftSingles Original Slices410 g,$6.29ea,,$1.53/ 100g,False,763.0,
dairy_and_eggs,PC Organics,Organic Milk 1%,PC OrganicsOrganic Milk 1%1 l,$4.69ea,,$0.47/ 100ml,False,764.0,
dairy_and_eggs,Natrel,3.25% Lactose Free Enriched Milk,Natrel3.25% Lactose Free Enriched Milk2 l,$6.59ea,,$0.33/ 100ml,False,765.0,
dairy_and_eggs,Lactantia,"My Country Butter, Unsalted","LactantiaMy Country Butter, Unsalted454 g",$9.29ea,,$2.05/ 100g,False,766.0,
dairy_and_eggs,Oikos,"Greek Yogurt, Raspberry-Pomegramate Flavour, Fruit On Bottom, 2% M.F.,","OikosGreek Yogurt, Raspberry-Pomegramate Flavour, Fruit On Bottom, 2% M.F.,4x100.0 g",$4.79ea,,$1.20/ 100g,False,767.0,
dairy_and_eggs,siggi's,Plain Yogurt,siggi'sPlain Yogurt750 g,$6.99ea,$6.49ea,$0.87/ 100g,True,768.0,saleEnds 03/15
dairy_and_eggs,Yoso,Yoats Yogurt Alternative Oat Vanilla,YosoYoats Yogurt Alternative Oat Vanilla440 g,$6.49ea,$5.49ea,$1.25/ 100g,True,769.0,saleEnds 03/15
dairy_and_eggs,Oikos,"Greek Yogurt, Raspberry-Pomegramate Flavour, Fruit On Bottom, 2% M.F.,","OikosGreek Yogurt, Raspberry-Pomegramate Flavour, Fruit On Bottom, 2% M.F.,4x100.0 g",$4.79ea,,$1.20/ 100g,False,770.0,
dairy_and_eggs,siggi's,Plain Yogurt,siggi'sPlain Yogurt750 g,$6.99ea,$6.49ea,$0.87/ 100g,True,771.0,saleEnds 03/15
dairy_and_eggs,Oikos,"Lactose Free Greek Yogurt, Plain, Fat Free, No Added Sugar, 0% M.F.","OikosLactose Free Greek Yogurt, Plain, Fat Free, No Added Sugar, 0% M.F.750 g",$6.99ea,,$0.93/ 100g,False,772.0,
dairy_and_eggs,Kraft,Grated Parmesan Cheese,KraftGrated Parmesan Cheese500 g,$16.99ea,,$3.40/ 100g,False,773.0,
dairy_and_eggs,Danone,"Drinkable Yogurt, Strawberry Banana Flavour, Made With Real Fruit, 2% M.F.","DanoneDrinkable Yogurt, Strawberry Banana Flavour, Made With Real Fruit, 2% M.F.190 ml",$1.29ea,,$0.68/ 100ml,False,774.0,
dairy_and_eggs,President's Choice,Blueberry Fruit On The Bottom 0% M.F. Greek Yogurt,President's ChoiceBlueberry Fruit On The Bottom 0% M.F. Greek Yogurt4x100.0 g,$4.49ea,,$1.12/ 100g,False,775.0,
dairy_and_eggs,Danone,"Drinkable Yogurt, Strawberry, Made With Real Fruit, 2% M.F.","DanoneDrinkable Yogurt, Strawberry, Made With Real Fruit, 2% M.F.190 ml",$1.29ea,,$0.68/ 100ml,False,776.0,
dairy_and_eggs,Astro,Original Balkan Balkan Style Yogurt,AstroOriginal Balkan Balkan Style Yogurt750 g,$4.49ea,$3.99ea,$0.53/ 100g,True,777.0,saleEnds 03/15
dairy_and_eggs,Silk,"For Coffee, Hazelnut Flavour, Dairy Free Coffee Creamer","SilkFor Coffee, Hazelnut Flavour, Dairy Free Coffee Creamer473 ml",$2.99ea,,$0.63/ 100ml,False,778.0,
dairy_and_eggs,President's Choice,Strawberry 0% M.F. Greek Yogurt ,President's ChoiceStrawberry 0% M.F. Greek Yogurt 4x100.0 g,$4.49ea,,$1.12/ 100g,False,779.0,
dairy_and_eggs,Activia,"Yogurt With Probiotics, Blueberry Flavour","ActiviaYogurt With Probiotics, Blueberry Flavour650 g",$3.99ea,,$0.61/ 100g,False,780.0,
dairy_and_eggs,IOGO,"Lactose Free Yogurt, Vanilla 1.5%","IOGOLactose Free Yogurt, Vanilla 1.5%650 g",$3.49ea,,$0.54/ 100g,False,781.0,
dairy_and_eggs,Activia,"Yogurt With Probiotics, Pear Flavour Tub","ActiviaYogurt With Probiotics, Pear Flavour Tub650 g",$3.99ea,,$0.61/ 100g,False,782.0,
dairy_and_eggs,Liberte,Yogourt Black Cherry 9 % M.F.,LiberteYogourt Black Cherry 9 % M.F.4x100.0 g,$5.49ea,,$1.37/ 100g,False,783.0,
dairy_and_eggs,Yoplait,Source Peach Yogurt 0% MF,YoplaitSource Peach Yogurt 0% MF630 g,$4.79ea,,$0.76/ 100g,False,784.0,
dairy_and_eggs,Yoplait,Yop Drinkable Yogurt Raspberrry Flavour,YoplaitYop Drinkable Yogurt Raspberrry Flavour200 ml,$1.59ea,,$0.80/ 100ml,False,785.0,
dairy_and_eggs,Activia,"Yogurt With Probiotics, Vanilla Flavour","ActiviaYogurt With Probiotics, Vanilla Flavour8x100.0 g",$6.99ea,,$0.87/ 100g,False,786.0,
dairy_and_eggs,Activia,"Yogurt With Probiotics, Strawberry Flavour","ActiviaYogurt With Probiotics, Strawberry Flavour12x100.0 g",$6.99ea,,$0.58/ 100g,False,787.0,
dairy_and_eggs,President's Choice,Lactose Free Plain Greek Yogurt,President's ChoiceLactose Free Plain Greek Yogurt750 g,$6.99ea,,$0.93/ 100g,False,788.0,
dairy_and_eggs,Riviera,Oat Based Vegan Delight Plain,RivieraOat Based Vegan Delight Plain650 g,$7.49ea,,$1.15/ 100g,False,789.0,
dairy_and_eggs,Organic Meadow,"Organic Yogurt, Strawberry","Organic MeadowOrganic Yogurt, Strawberry4x100.0 g",$5.69ea,,$1.42/ 100g,False,790.0,
dairy_and_eggs,Yoplait,Yop Drinkable Yogurt Strawberry Flavour 1% M.F.,YoplaitYop Drinkable Yogurt Strawberry Flavour 1% M.F.6x200.0 ml,$8.99ea,,$0.75/ 100ml,False,791.0,
dairy_and_eggs,Oikos,"Fat Free Greek Yogurt, High Protein, Plain, 0% M.F.","OikosFat Free Greek Yogurt, High Protein, Plain, 0% M.F.650 g",$6.99ea,,$1.08/ 100g,False,792.0,
dairy_and_eggs,IOGO,Yogurt Maple Syrup 3.2% M.F.,IOGOYogurt Maple Syrup 3.2% M.F.650 g,$3.49ea,,$0.54/ 100g,False,793.0,
dairy_and_eggs,Oikos,"Extra Creamy Greek Yogurt, Cappuccino On The Bottom, 9% M.F.","OikosExtra Creamy Greek Yogurt, Cappuccino On The Bottom, 9% M.F.4x95.0 g",$4.79ea,,$1.26/ 100g,False,794.0,
dairy_and_eggs,Oikos,"Greek Yogurtimited Edition, Vanilla Chai Flavour, 4X100G","OikosGreek Yogurtimited Edition, Vanilla Chai Flavour, 4X100G4x100.0 g",$4.79ea,,$1.20/ 100g,False,795.0,
dairy_and_eggs,Silk,"Oat Yogurt Style, Plainluten Free, Vegan","SilkOat Yogurt Style, Plainluten Free, Vegan640 g",$7.49ea,,$1.17/ 100g,False,796.0,
dairy_and_eggs,PC Organics,"Organic Cheese, Medium Cheddar","PC OrganicsOrganic Cheese, Medium Cheddar200 g",$6.49ea,,$3.25/ 100g,False,797.0,
dairy_and_eggs,IOGO,Nanö Drinkable Yogurt Strawberry 1 % M.F.,IOGONanö Drinkable Yogurt Strawberry 1 % M.F.900 ml,$4.99ea,,$0.55/ 100ml,False,798.0,
dairy_and_eggs,Activia,"Probiotic Yogurt, 4X Blueberry, 4X Strawberry & Rhubarb, 8 Pack","ActiviaProbiotic Yogurt, 4X Blueberry, 4X Strawberry & Rhubarb, 8 Pack8x100.0 g",$6.99ea,,$0.87/ 100g,False,799.0,
dairy_and_eggs,Oikos,"Extra Creamy Greek Yogurt, Blueberry, Blended, 9% M.F.","OikosExtra Creamy Greek Yogurt, Blueberry, Blended, 9% M.F.650 g",$6.99ea,,$1.08/ 100g,False,800.0,
dairy_and_eggs,Liberte,Greek 5% M.F Plain Yogourt,LiberteGreek 5% M.F Plain Yogourt650 g,$6.49ea,,$1.00/ 100g,False,801.0,
dairy_and_eggs,Activia,"Yogurt With Probiotics, Cherry Flavour","ActiviaYogurt With Probiotics, Cherry Flavour650 g",$3.99ea,,$0.61/ 100g,False,802.0,
dairy_and_eggs,IOGO,Nano Yogurt Vanilla,IOGONano Yogurt Vanilla900 ml,$4.99ea,,$0.55/ 100ml,False,803.0,
dairy_and_eggs,Activia,"Yogurt With Probiotics & Fibre, 3X Vanilla, 3X Blueberry, 3X Peach, 3X Strawberry Kiwi,","ActiviaYogurt With Probiotics & Fibre, 3X Vanilla, 3X Blueberry, 3X Peach, 3X Strawberry Kiwi,12x100.0 g",$6.99ea,,$0.58/ 100g,False,804.0,
dairy_and_eggs,Yoplait,Minigo 3% MF Fresh Cheese Strawberry/Strawberry-Vanilla/Strawberry-Banana,YoplaitMinigo 3% MF Fresh Cheese Strawberry/Strawberry-Vanilla/Strawberry-Banana6x60.0 g,$4.79ea,,$1.33/ 100g,False,805.0,
dairy_and_eggs,Activia,"Yogurt With Probiotics, Raspberry Flavour","ActiviaYogurt With Probiotics, Raspberry Flavour650 g",$3.99ea,,$0.61/ 100g,False,806.0,
dairy_and_eggs,IOGO,"Yogurt Duo, Pineapple-Coconut-Banana, Raspberry, Orange-Mandarin, Peach-Mango","IOGOYogurt Duo, Pineapple-Coconut-Banana, Raspberry, Orange-Mandarin, Peach-Mango16x100.0 g",$8.49ea,$6.49ea,$0.41/ 100g,True,807.0,saleEnds 03/15
dairy_and_eggs,IOGO,3.2% Canadian Harvest Cherry Yogurt,IOGO3.2% Canadian Harvest Cherry Yogurt650 g,$3.49ea,,$0.54/ 100g,False,808.0,
dairy_and_eggs,Danone,"Drinkable Yogurt, Peach Flavour, Made With Real Fruit, 2% M.F.","DanoneDrinkable Yogurt, Peach Flavour, Made With Real Fruit, 2% M.F.190 ml",$1.29ea,,$0.68/ 100ml,False,809.0,
dairy_and_eggs,Activia,"Immune System, Probiotic Yogurt Drink, Strawberry Drinkable Yogurt, 8 Pack","ActiviaImmune System, Probiotic Yogurt Drink, Strawberry Drinkable Yogurt, 8 Pack8x93.0 ml",$8.49ea,,$1.14/ 100ml,False,810.0,
dairy_and_eggs,Activia,"Probiotic Smoothie, Kiwi, Pineapple & Cucumber, Drinkable Yogurt","ActiviaProbiotic Smoothie, Kiwi, Pineapple & Cucumber, Drinkable Yogurt190 ml",$2.29ea,,$1.21/ 100ml,False,811.0,
dairy_and_eggs,Astro,"Original Balkan Style Yogurt, Strawberry, Raspberry, Black Cherry, Nectarine","AstroOriginal Balkan Style Yogurt, Strawberry, Raspberry, Black Cherry, Nectarine12x100.0 g",$7.99ea,$5.99ea,$0.50/ 100g,True,812.0,saleEnds 03/15
dairy_and_eggs,IOGO,"Nano Drinkable Yogurt, Strawberry Raspberry ","IOGONano Drinkable Yogurt, Strawberry Raspberry 24x93.0 ml",$19.99ea,,$0.90/ 100ml,False,813.0,
dairy_and_eggs,Activia,"Yogurt With Probiotics, Strawberry, Raspberry, Vanilla, Blueberry Flavour, 24XG","ActiviaYogurt With Probiotics, Strawberry, Raspberry, Vanilla, Blueberry Flavour, 24XG24x100.0 g",$14.99ea,,$0.62/ 100g,False,814.0,
dairy_and_eggs,Liberte,Méditerranée Plain 10% MF Yogurt Limited Edition,LiberteMéditerranée Plain 10% MF Yogurt Limited Edition900 g,$6.49ea,,$0.72/ 100g,False,815.0,
dairy_and_eggs,Liberte,Greek Vanilla Bean 5% MF Yogurt,LiberteGreek Vanilla Bean 5% MF Yogurt4x100.0 g,$5.49ea,,$1.37/ 100g,False,816.0,
dairy_and_eggs,Riviera,Oat Based Vegan Delight Plain,RivieraOat Based Vegan Delight Plain650 g,$7.49ea,,$1.15/ 100g,False,817.0,
dairy_and_eggs,Liberte,Greek 5% M.F Plain Yogourt,LiberteGreek 5% M.F Plain Yogourt650 g,$6.49ea,,$1.00/ 100g,False,818.0,
dairy_and_eggs,Danone,"Extra Creamy Greek Yogurt, Vanilla, Blended, 9% M.F.","DanoneExtra Creamy Greek Yogurt, Vanilla, Blended, 9% M.F.650 g",$7.99ea,,$1.23/ 100g,False,819.0,
dairy_and_eggs,Activia,"Probiotic Smoothie, Kiwi, Pineapple & Cucumber, Drinkable Yogurt","ActiviaProbiotic Smoothie, Kiwi, Pineapple & Cucumber, Drinkable Yogurt190 ml",$2.29ea,,$1.21/ 100ml,False,820.0,
dairy_and_eggs,Astro,"Original Balkan Style Yogurt, Strawberry, Raspberry, Black Cherry, Nectarine","AstroOriginal Balkan Style Yogurt, Strawberry, Raspberry, Black Cherry, Nectarine12x100.0 g",$7.99ea,$5.99ea,$0.50/ 100g,True,821.0,saleEnds 03/15
dairy_and_eggs,IOGO,"Nano Drinkable Yogurt, Strawberry Raspberry ","IOGONano Drinkable Yogurt, Strawberry Raspberry 24x93.0 ml",$19.99ea,,$0.90/ 100ml,False,822.0,
dairy_and_eggs,Danone,"Danino Strawberry-Banana Flavoured Paw Patrol Yogurt Drink For Kids, 6X93","DanoneDanino Strawberry-Banana Flavoured Paw Patrol Yogurt Drink For Kids, 6X93558 ml",$5.79ea,,$1.04/ 100ml,False,823.0,
dairy_and_eggs,Cracker Barrel,Shreds Mozza Cheddar,Cracker BarrelShreds Mozza Cheddar320 g,$7.99ea,,$2.50/ 100g,False,824.0,
dairy_and_eggs,Activia,"Yogurt With Probiotics Lactose Free, Vanilla, Strawberry, Raspberry, Cherry Flavour","ActiviaYogurt With Probiotics Lactose Free, Vanilla, Strawberry, Raspberry, Cherry Flavour12x100.0 g",$6.99ea,,$0.58/ 100g,False,825.0,
dairy_and_eggs,Cracker Barrel,Shreds Mozzarella,Cracker BarrelShreds Mozzarella320 g,$7.99ea,,$2.50/ 100g,False,826.0,
dairy_and_eggs,Cracker Barrel,Shreds 3 Cheese Mexicana,Cracker BarrelShreds 3 Cheese Mexicana320 g,$7.99ea,,$2.50/ 100g,False,827.0,
dairy_and_eggs,Cracker Barrel,Shreds Light Tex Mex,Cracker BarrelShreds Light Tex Mex320 g,$7.99ea,,$2.50/ 100g,False,828.0,
dairy_and_eggs,Pillsbury,"Crescents Original Dough, 8 Pieces","PillsburyCrescents Original Dough, 8 Pieces226 g",$3.19ea,,$1.41/ 100g,False,829.0,
dairy_and_eggs,Pillsbury,Crescents Flaky Rolls,PillsburyCrescents Flaky Rolls340 g,$4.49ea,,$1.32/ 100g,False,830.0,
dairy_and_eggs,Pillsbury,Reese Cookie Dough,PillsburyReese Cookie Dough454 g,$5.29ea,,$1.17/ 100g,False,831.0,
dairy_and_eggs,IOGO,"Greek Yogurt, Vanilla 0% ","IOGOGreek Yogurt, Vanilla 0% 750 g",$5.49ea,,$0.73/ 100g,False,832.0,
dairy_and_eggs,Pillsbury,Flaky Real Apple Turnovers,PillsburyFlaky Real Apple Turnovers383 g,$4.49ea,,$1.17/ 100g,False,833.0,
dairy_and_eggs,Liberte,Greek Lactose Free Plain 0% MF Yogurt,LiberteGreek Lactose Free Plain 0% MF Yogurt750 g,$6.49ea,,$0.87/ 100g,False,834.0,
dairy_and_eggs,President's Choice,Oatmeal Chocolate Chip Cookie Dough,President's ChoiceOatmeal Chocolate Chip Cookie Dough468 g,$4.49ea,,$0.96/ 100g,False,835.0,
dairy_and_eggs,Miyoko's,Butter Cultured Vegan    ,Miyoko'sButter Cultured Vegan    227 g,$7.99ea,,$3.52/ 100g,False,836.0,
dairy_and_eggs,Nestle,COFFEE-MATE Light Powder,NestleCOFFEE-MATE Light Powder450 g,$7.49ea,,$1.66/ 100g,False,837.0,
dairy_and_eggs,Black Diamond,Cheestrings Marble Lactose Free,Black DiamondCheestrings Marble Lactose Free252 g,$6.99ea,,$2.77/ 100g,False,838.0,
dairy_and_eggs,President's Choice,Mac & Cheese Shredded Cheese Blend,President's ChoiceMac & Cheese Shredded Cheese Blend320 g,$6.49ea,,$2.03/ 100g,False,839.0,
dairy_and_eggs,Black Diamond,Cheddar Old Coloured Shred,Black DiamondCheddar Old Coloured Shred320 g,$6.99ea,,$2.18/ 100g,False,840.0,
dairy_and_eggs,President's Choice,Shredded Feta Cheese,President's ChoiceShredded Feta Cheese300 g,$6.49ea,,$2.16/ 100g,False,841.0,
dairy_and_eggs,President's Choice,Lactose Free Nacho Shredded Cheese Blend,President's ChoiceLactose Free Nacho Shredded Cheese Blend320 g,$6.49ea,,$2.03/ 100g,False,842.0,
dairy_and_eggs,Woolwich,Partially Skimmed Goat Milk 2%,WoolwichPartially Skimmed Goat Milk 2%1 l,$4.59ea,,$0.46/ 100ml,False,843.0,
dairy_and_eggs,No Name,Cheddar Flavour Processed Cheese Product Slices,No NameCheddar Flavour Processed Cheese Product Slices800 g,$7.99ea,,$1.00/ 100g,False,844.0,
dairy_and_eggs,Lactantia,Unsalted Butter,LactantiaUnsalted Butter454 g,$9.29ea,,$2.05/ 100g,False,845.0,
dairy_and_eggs,President's Choice,Lactose Free Plain Cream Cheese ,President's ChoiceLactose Free Plain Cream Cheese 250 g,$4.29ea,,$1.72/ 100g,False,846.0,
dairy_and_eggs,Pillsbury,"Wiener Wrap, Regular","PillsburyWiener Wrap, Regular200 g",$3.19ea,,$1.60/ 100g,False,847.0,
dairy_and_eggs,President's Choice,Vanilla Skyr Icelandic Style 4% M.F. Yogurt,President's ChoiceVanilla Skyr Icelandic Style 4% M.F. Yogurt500 g,$6.29ea,,$1.26/ 100g,False,848.0,
dairy_and_eggs,siggi's,Coffee Creamy Skyr 3.25% M.F.,siggi'sCoffee Creamy Skyr 3.25% M.F.650 g,$6.99ea,$6.49ea,$1.00/ 100g,True,849.0,saleEnds 03/15
dairy_and_eggs,Olympic,"Organic Yogurt, Blueberry","OlympicOrganic Yogurt, Blueberry650 g",$4.99ea,,$0.77/ 100g,False,850.0,
dairy_and_eggs,No Name,Cheese Sticks Stringable Marble,No NameCheese Sticks Stringable Marble588 g,$11.49ea,,$1.95/ 100g,False,851.0,
dairy_and_eggs,Riviera,Coconut Milk Vegan Yogurt - Raspberry Blackcurrant,RivieraCoconut Milk Vegan Yogurt - Raspberry Blackcurrant500 g,$6.49ea,,$1.30/ 100g,False,852.0,
dairy_and_eggs,Pillsbury,Country Biscuits,PillsburyCountry Biscuits340 g,$4.49ea,,$1.32/ 100g,False,853.0,
dairy_and_eggs,Pillsbury,Chocolatey Chip Cookies,PillsburyChocolatey Chip Cookies468 g,$4.49ea,,$0.96/ 100g,False,854.0,
dairy_and_eggs,Liberte,Méditerranée Lemon 9% MF Yogurt,LiberteMéditerranée Lemon 9% MF Yogurt500 g,$5.79ea,,$1.16/ 100g,False,855.0,
dairy_and_eggs,No Name,Shredded Part Skimmed Mozzarella,No NameShredded Part Skimmed Mozzarella320 g,$5.99ea,,$1.87/ 100g,False,856.0,
dairy_and_eggs,Pillsbury,Grands! Crescents,PillsburyGrands! Crescents318 g,$4.49ea,,$1.41/ 100g,False,857.0,
dairy_and_eggs,Pillsbury,Ciinnamon Rolls,PillsburyCiinnamon Rolls351 g,$4.49ea,,$1.28/ 100g,False,858.0,
dairy_and_eggs,Sweet Loren's,Gluten Free Cookie Chocolate Chunk,Sweet Loren'sGluten Free Cookie Chocolate Chunk340 g,$8.29ea,,$2.44/ 100g,False,859.0,
dairy_and_eggs,Yoplait,Tubes Peach Blueberry Yogurt,YoplaitTubes Peach Blueberry Yogurt8x56.0 g,$4.79ea,,$1.07/ 100g,False,860.0,
dairy_and_eggs,President's Choice,"Plant Based Cultured Coconut Milk Yogurt Alternative, Blueberry","President's ChoicePlant Based Cultured Coconut Milk Yogurt Alternative, Blueberry500 g",$4.79ea,,$0.96/ 100g,False,861.0,
dairy_and_eggs,No Name,Shredded Cheddar & Monterey Jack Cheese Blend,No NameShredded Cheddar & Monterey Jack Cheese Blend900 g,$14.99ea,,$1.67/ 100g,False,862.0,
dairy_and_eggs,No Name,Shredded Medium Cheddar Cheese,No NameShredded Medium Cheddar Cheese900 g,$14.99ea,,$1.67/ 100g,False,863.0,
dairy_and_eggs,International Delight,"White Chocolate Mocha, Zero Sugar Coffee Creamer, Limited Edition","International DelightWhite Chocolate Mocha, Zero Sugar Coffee Creamer, Limited Edition946 ml",$5.99ea,,$0.63/ 100ml,False,864.0,
dairy_and_eggs,Kraft,Velveeta Original Thin Slices,KraftVelveeta Original Thin Slices410 g,$6.29ea,,$1.53/ 100g,False,865.0,
dairy_and_eggs,Burnbrae Farms,Naturegg Free Run Egg Whites,Burnbrae FarmsNaturegg Free Run Egg Whites1 eggs,$5.29ea,,$1.06/ 100g,False,866.0,
dairy_and_eggs,Neilson,"Flavoured Milk, Strawberry","NeilsonFlavoured Milk, Strawberry1 l",$3.49ea,$1.99ea,$0.20/ 100ml,True,867.0,saleEnds 03/22
dairy_and_eggs,No Name,Part Skim Mozzarella Cheese,No NamePart Skim Mozzarella Cheese200 g,$3.99ea,,$2.00/ 100g,False,868.0,
dairy_and_eggs,International Delight,"White Chocolate Mocha, Zero Sugar Coffee Creamer, Limited Edition","International DelightWhite Chocolate Mocha, Zero Sugar Coffee Creamer, Limited Edition946 ml",$5.99ea,,$0.63/ 100ml,False,869.0,
dairy_and_eggs,President's Choice,Free Run Brown Eggs Large,President's ChoiceFree Run Brown Eggs Large12 eggs,$6.69ea,,$0.56/ 1ea,False,870.0,
dairy_and_eggs,Parmalat,Yogourt Plain 2% M.F.,ParmalatYogourt Plain 2% M.F.750 g,$3.79ea,,$0.51/ 100g,False,871.0,
dairy_and_eggs,Philadelphia,Original Cream Cheese,PhiladelphiaOriginal Cream Cheese227 g,$6.49ea,,$2.86/ 100g,False,872.0,
dairy_and_eggs,President's Choice,Lactose Free Plain Cream Cheese ,President's ChoiceLactose Free Plain Cream Cheese 250 g,$4.29ea,,$1.72/ 100g,False,873.0,
dairy_and_eggs,President's Choice,Plain Greek Yogurt 5%,President's ChoicePlain Greek Yogurt 5%650 g,$6.99ea,,$1.08/ 100g,False,874.0,
dairy_and_eggs,Yoplait,Minigo 3% MF Duo Fresh Cheese Strawberry-Banana/Blueberry-Strawberry/Banana-Blueberry,YoplaitMinigo 3% MF Duo Fresh Cheese Strawberry-Banana/Blueberry-Strawberry/Banana-Blueberry6x60.0 g,$4.79ea,,$1.33/ 100g,False,875.0,
dairy_and_eggs,Liberte,Vanilla Large Size 9 % M.F. Yogourt,LiberteVanilla Large Size 9 % M.F. Yogourt900 g,$6.49ea,,$0.72/ 100g,False,876.0,
dairy_and_eggs,Yummy Doh,Raw Cookie Dough Chocolate Chunk,Yummy DohRaw Cookie Dough Chocolate Chunk400 g,$6.49ea,,$1.62/ 100g,False,877.0,
dairy_and_eggs,Liberte,Méditerranée Lemon 9% MF Yogurt,LiberteMéditerranée Lemon 9% MF Yogurt500 g,$5.79ea,,$1.16/ 100g,False,878.0,
dairy_and_eggs,No Name,Shredded Part Skimmed Mozzarella,No NameShredded Part Skimmed Mozzarella320 g,$5.99ea,,$1.87/ 100g,False,879.0,
dairy_and_eggs,Pillsbury,Grands! Crescents,PillsburyGrands! Crescents318 g,$4.49ea,,$1.41/ 100g,False,880.0,
dairy_and_eggs,Pillsbury,Ciinnamon Rolls,PillsburyCiinnamon Rolls351 g,$4.49ea,,$1.28/ 100g,False,881.0,
dairy_and_eggs,Sweet Loren's,Gluten Free Cookie Chocolate Chunk,Sweet Loren'sGluten Free Cookie Chocolate Chunk340 g,$8.29ea,,$2.44/ 100g,False,882.0,
dairy_and_eggs,Yoplait,Tubes Peach Blueberry Yogurt,YoplaitTubes Peach Blueberry Yogurt8x56.0 g,$4.79ea,,$1.07/ 100g,False,883.0,
dairy_and_eggs,President's Choice,"Plant Based Cultured Coconut Milk Yogurt Alternative, Blueberry","President's ChoicePlant Based Cultured Coconut Milk Yogurt Alternative, Blueberry500 g",$4.79ea,,$0.96/ 100g,False,884.0,
dairy_and_eggs,Pillsbury,"Crescents Original Dough, 8 Pieces","PillsburyCrescents Original Dough, 8 Pieces226 g",$3.19ea,,$1.41/ 100g,False,885.0,
dairy_and_eggs,Liberte,Greek Vanilla 0% MF Yogurt,LiberteGreek Vanilla 0% MF Yogurt750 g,$6.49ea,,$0.87/ 100g,False,886.0,
dairy_and_eggs,Oikos,"Fat Free Greek Yogurt, 30% Less Sugar, Vanilla Flavour, Blended","OikosFat Free Greek Yogurt, 30% Less Sugar, Vanilla Flavour, Blended750 g",$6.99ea,,$0.93/ 100g,False,887.0,
dairy_and_eggs,President's Choice,Black Cherry Greek Yogurt,President's ChoiceBlack Cherry Greek Yogurt750 g,$6.99ea,,$0.93/ 100g,False,888.0,
dairy_and_eggs,Silk,"Dairy Free Plant Based Almond Yogurt, Vanilla Flavour","SilkDairy Free Plant Based Almond Yogurt, Vanilla Flavour640 g",$7.49ea,,$1.17/ 100g,False,889.0,
dairy_and_eggs,JUST Egg,Plant Based Egg,JUST EggPlant Based Egg355 ml,$7.49ea,,$2.20/ 100ml,False,890.0,
dairy_and_eggs,Oikos,"Extra Creamy Greek Yogurt, Extra Creamy Plain 11%","OikosExtra Creamy Greek Yogurt, Extra Creamy Plain 11%750 g",$6.99ea,,$0.93/ 100g,False,891.0,
dairy_and_eggs,Oikos,"Greek Yogurt, Banana Flavour, Blended, 2% Mf, 4X100G","OikosGreek Yogurt, Banana Flavour, Blended, 2% Mf, 4X100G4x100.0 g",$4.79ea,,$1.20/ 100g,False,892.0,
dairy_and_eggs,IOGO,Nanö 1% Lactose Free Apple-Grape Drinkable Yogurt,IOGONanö 1% Lactose Free Apple-Grape Drinkable Yogurt6x93.0 ml,$3.99ea,,$0.72/ 100ml,False,893.0,
dairy_and_eggs,Activia,Yogurt With Probiotics Lemon Flavour,ActiviaYogurt With Probiotics Lemon Flavour650 g,$3.99ea,,$0.61/ 100g,False,894.0,
dairy_and_eggs,PC Organics,Organic Partly Skimmed 2% Milk,PC OrganicsOrganic Partly Skimmed 2% Milk2 l,$7.09ea,,$0.35/ 100ml,False,895.0,
dairy_and_eggs,Activia,"Probiotic Smoothie, Blueberry, Strawberry, & Beet, Drinkable Yogurt","ActiviaProbiotic Smoothie, Blueberry, Strawberry, & Beet, Drinkable Yogurt190 ml",$2.29ea,,$1.21/ 100ml,False,896.0,
dairy_and_eggs,Oikos,"Greek Yogurt, Vanilla Flavour, 2% M.F., Value Tub","OikosGreek Yogurt, Vanilla Flavour, 2% M.F., Value Tub750 g",$6.99ea,,$0.93/ 100g,False,897.0,
dairy_and_eggs,Liberte,Greek Plain 2% MF Yogurt,LiberteGreek Plain 2% MF Yogurt1000 g,$9.79ea,,$0.98/ 100g,False,898.0,
dairy_and_eggs,Liberte,Greek Vanilla 0% MF Yogurt,LiberteGreek Vanilla 0% MF Yogurt4x100.0 g,$5.49ea,,$1.37/ 100g,False,899.0,
dairy_and_eggs,Oikos,"Greek Yogurt, Key Lime Flavour, 2% M.F., Blended","OikosGreek Yogurt, Key Lime Flavour, 2% M.F., Blended4x100.0 g",$4.79ea,,$1.20/ 100g,False,900.0,
dairy_and_eggs,PC Organics,Dairy-Free Coconut Milk Kefir,PC OrganicsDairy-Free Coconut Milk Kefir1000 ml,$5.49ea,,$0.55/ 100ml,False,901.0,
dairy_and_eggs,Danone,"Two Good Greek Yogurt, Strawberry Yogurt 4 Pack, Blended, 2% MF","DanoneTwo Good Greek Yogurt, Strawberry Yogurt 4 Pack, Blended, 2% MF380 g",$3.99ea,,$1.05/ 100g,False,902.0,
dairy_and_eggs,Vegenaise,Original,VegenaiseOriginal473 ml,$6.99ea,,$1.48/ 100ml,False,903.0,
dairy_and_eggs,Activia,"Drinkable Yogurt, Mixed Berries, 8 Pack","ActiviaDrinkable Yogurt, Mixed Berries, 8 Pack1520 ml",$15.99ea,,$1.05/ 100ml,False,904.0,
dairy_and_eggs,Astro,"Biobest Probiotic Yogurt, Plain","AstroBiobest Probiotic Yogurt, Plain750 g",$4.79ea,$3.99ea,$0.53/ 100g,True,905.0,saleEnds 03/15
dairy_and_eggs,Yoplait,"Yogurt Tubes, Strawberry Banana & Fruit Punch","YoplaitYogurt Tubes, Strawberry Banana & Fruit Punch8x56.0 g",$4.79ea,,$1.07/ 100g,False,906.0,
dairy_and_eggs,Oikos,"Fat Free Greek Yogurt, 30% Less Sugar, Mixed Berry Flavour, Blended","OikosFat Free Greek Yogurt, 30% Less Sugar, Mixed Berry Flavour, Blended4x100.0 g",$4.79ea,,$1.20/ 100g,False,907.0,
dairy_and_eggs,Yoplait,Source Blueberry/Strawberry/Blackberry/Nectarine  0% MF Yogurt,YoplaitSource Blueberry/Strawberry/Blackberry/Nectarine  0% MF Yogurt16x100.0 g,$6.49ea,,$0.41/ 100g,False,908.0,
dairy_and_eggs,Yoplait,Yop Drinkable Yogurt Strawberry Flavour ,YoplaitYop Drinkable Yogurt Strawberry Flavour 200 ml,$1.59ea,,$0.80/ 100ml,False,909.0,
dairy_and_eggs,Liberte,Classique Strawberry 2.9%%,LiberteClassique Strawberry 2.9%%650 g,$4.49ea,,$0.69/ 100g,False,910.0,
dairy_and_eggs,Astro,"Original Balkan Style Yogurt, Plain 2%","AstroOriginal Balkan Style Yogurt, Plain 2%750 g",$4.49ea,$3.99ea,$0.53/ 100g,True,911.0,saleEnds 03/15
dairy_and_eggs,Liberte,Greek Plain 2% MF Yogurt,LiberteGreek Plain 2% MF Yogurt750 g,$6.49ea,,$0.87/ 100g,False,912.0,
dairy_and_eggs,Woolwich,Partially Skimmed Goat Milk 2%,WoolwichPartially Skimmed Goat Milk 2%1 l,$4.59ea,,$0.46/ 100ml,False,913.0,
dairy_and_eggs,No Name,Cheddar Flavour Processed Cheese Product Slices,No NameCheddar Flavour Processed Cheese Product Slices800 g,$7.99ea,,$1.00/ 100g,False,914.0,
dairy_and_eggs,Liberte,Greek Plain 2% MF Yogurt,LiberteGreek Plain 2% MF Yogurt750 g,$6.49ea,,$0.87/ 100g,False,915.0,
dairy_and_eggs,Astro,"Biobest Probiotic Yogurt, Plain","AstroBiobest Probiotic Yogurt, Plain750 g",$4.79ea,$3.99ea,$0.53/ 100g,True,916.0,saleEnds 03/15
dairy_and_eggs,Yoplait,"Yogurt Tubes, Strawberry Banana & Fruit Punch","YoplaitYogurt Tubes, Strawberry Banana & Fruit Punch8x56.0 g",$4.79ea,,$1.07/ 100g,False,917.0,
dairy_and_eggs,Astro,"Original Balkan Style Yogurt, Plain 2%","AstroOriginal Balkan Style Yogurt, Plain 2%750 g",$4.49ea,$3.99ea,$0.53/ 100g,True,918.0,saleEnds 03/15
dairy_and_eggs,Yoplait,Vanilla Yogurt,YoplaitVanilla Yogurt200 ml,$1.59ea,,$0.80/ 100ml,False,919.0,
dairy_and_eggs,Liberte,Greek Lactose Free Vanilla 0% MF Yogurt,LiberteGreek Lactose Free Vanilla 0% MF Yogurt750 g,$6.49ea,,$0.87/ 100g,False,920.0,
dairy_and_eggs,Liberte,Greek Peach 2% MF Yogurt,LiberteGreek Peach 2% MF Yogurt750 g,$6.49ea,,$0.87/ 100g,False,921.0,
dairy_and_eggs,Oikos,"High Protein Greek Yogurt, Zesty Lemon & Lime Flavour, Blended, Value Tub","OikosHigh Protein Greek Yogurt, Zesty Lemon & Lime Flavour, Blended, Value Tub650 g",$6.99ea,,$1.08/ 100g,False,922.0,
dairy_and_eggs,Liberte,Kéfir 1% MF Strawberry,LiberteKéfir 1% MF Strawberry1000 ml,$6.49ea,,$0.65/ 100ml,False,923.0,
dairy_and_eggs,Violife,Mature Cheddar Style Slices,ViolifeMature Cheddar Style Slices200 g,$6.99ea,,$3.50/ 100g,False,924.0,
dairy_and_eggs,President's Choice,Plain Kefir Probiotic Fermented 1% M.F. Milk,President's ChoicePlain Kefir Probiotic Fermented 1% M.F. Milk1 l,$4.79ea,,$0.48/ 100ml,False,925.0,
dairy_and_eggs,Silk,"Coconut Yogurt Style, Raspberry Flavour, Plant Based Dairy Free Yogurt","SilkCoconut Yogurt Style, Raspberry Flavour, Plant Based Dairy Free Yogurt680 g",$7.49ea,,$1.10/ 100g,False,926.0,
dairy_and_eggs,Yoplait,Yop Drinkable Yogurt Tropical Flavour,YoplaitYop Drinkable Yogurt Tropical Flavour200 ml,$1.59ea,,$0.80/ 100ml,False,927.0,
dairy_and_eggs,Oikos,"Drinkable Greek Yogurt With Vanilla, Apricot, Oats, & Seeds, 9G Protein","OikosDrinkable Greek Yogurt With Vanilla, Apricot, Oats, & Seeds, 9G Protein190 ml",$2.29ea,,$1.21/ 100ml,False,928.0,
dairy_and_eggs,Activia,"Yogurt With Probiotics, Strawberry Flavour","ActiviaYogurt With Probiotics, Strawberry Flavour650 g",$3.99ea,,$0.61/ 100g,False,929.0,
dairy_and_eggs,Activia,"Probiotic Yogurt, Blackberry, Blueberry, Blackcurrent, Berries, 12XG","ActiviaProbiotic Yogurt, Blackberry, Blueberry, Blackcurrent, Berries, 12XG12x100.0 g",$6.99ea,,$0.58/ 100g,False,930.0,
dairy_and_eggs,Danone,"Encanto Yoghurt Drink, Vanilla, 6 Bottles","DanoneEncanto Yoghurt Drink, Vanilla, 6 Bottles558 ml",$5.79ea,,$1.04/ 100ml,False,931.0,
dairy_and_eggs,Activia,"Probiotic Yogurt With Fibre, Vanilla Flavour With Oats, Almonds, Pumpkin Seeds And Dried Cranberries, 3 Pack","ActiviaProbiotic Yogurt With Fibre, Vanilla Flavour With Oats, Almonds, Pumpkin Seeds And Dried Cranberries, 3 Pack3x150.0 g",$6.99ea,,$1.55/ 100g,False,932.0,
dairy_and_eggs,Liberte,Greek Vanilla Large Size 0 % M.F. Yogourt,LiberteGreek Vanilla Large Size 0 % M.F. Yogourt1 kg,$9.79ea,,$0.98/ 100g,False,933.0,
dairy_and_eggs,PC Organics,Organic Fresh Skim Milk,PC OrganicsOrganic Fresh Skim Milk2 l,$7.09ea,,$0.35/ 100ml,False,934.0,
dairy_and_eggs,Activia,"Yogurt With Probiotics, Fieldberry Flavour Tub","ActiviaYogurt With Probiotics, Fieldberry Flavour Tub650 g",$3.99ea,,$0.61/ 100g,False,935.0,
dairy_and_eggs,Danone,"Raspberry Greek Yogurt, 2G Sugar, 8G Protein","DanoneRaspberry Greek Yogurt, 2G Sugar, 8G Protein380 g",$3.99ea,,$1.05/ 100g,False,936.0,
dairy_and_eggs,Activia,"Yogurt With Probiotics, Lemon & Pineapple Flavour","ActiviaYogurt With Probiotics, Lemon & Pineapple Flavour8x100.0 g",$6.99ea,,$0.87/ 100g,False,937.0,
dairy_and_eggs,Danone,"Danino Strawberry Flavoured Drinkable Yogurt, 6 Bottles","DanoneDanino Strawberry Flavoured Drinkable Yogurt, 6 Bottles558 ml",$5.79ea,,$1.04/ 100ml,False,938.0,
dairy_and_eggs,Activia,"Yogurt With Probiotics Lactose Free, Strawberry, Blueberry, Peach, Mango Flavour, 12XG","ActiviaYogurt With Probiotics Lactose Free, Strawberry, Blueberry, Peach, Mango Flavour, 12XG12x100.0 g",$6.99ea,,$0.58/ 100g,False,939.0,
dairy_and_eggs,Activia,"Probiotic Yogurt Lactose Free Lemon-Lime, Pomegranate-Berry, Raspberry-Lychee, Mandarin-Orange Flavour","ActiviaProbiotic Yogurt Lactose Free Lemon-Lime, Pomegranate-Berry, Raspberry-Lychee, Mandarin-Orange Flavour12x100.0 g",$6.99ea,,$0.58/ 100g,False,940.0,
dairy_and_eggs,President's Choice,Tre Formaggi Shredded Cheese Blend,President's ChoiceTre Formaggi Shredded Cheese Blend320 g,$6.49ea,,$2.03/ 100g,False,941.0,
dairy_and_eggs,Violife,Feta Style Block Alternative To Cheese,ViolifeFeta Style Block Alternative To Cheese200 g,$6.99ea,,$3.50/ 100g,False,942.0,
dairy_and_eggs,No Name,Shredded Marble Farmer's Cheese,No NameShredded Marble Farmer's Cheese900 g,$14.99ea,,$1.67/ 100g,False,943.0,
dairy_and_eggs,Oikos,"Greek Yogurt, Blackberry Flavour, Fruit On The Bottom","OikosGreek Yogurt, Blackberry Flavour, Fruit On The Bottom4x100.0 g",$4.79ea,,$1.20/ 100g,False,944.0,
dairy_and_eggs,Riviera,"Vegan Yogurt, Plain Coconut","RivieraVegan Yogurt, Plain Coconut650 g",$6.49ea,,$1.00/ 100g,False,945.0,
dairy_and_eggs,Liberte,Greek Coconut 2% MF Yogurt,LiberteGreek Coconut 2% MF Yogurt750 g,$6.49ea,,$0.87/ 100g,False,946.0,
dairy_and_eggs,Riviera,Coconut Milk Vegan Yogurt - Mango And Passion Fruit,RivieraCoconut Milk Vegan Yogurt - Mango And Passion Fruit500 g,$6.49ea,,$1.30/ 100g,False,947.0,
dairy_and_eggs,President's Choice,Pizza Mozzarella and Cheddar Shredded Cheese Blend,President's ChoicePizza Mozzarella and Cheddar Shredded Cheese Blend320 g,$6.49ea,,$2.03/ 100g,False,948.0,
dairy_and_eggs,Astro,"Original Balkan Style Yogurt, Plain 3%    ","AstroOriginal Balkan Style Yogurt, Plain 3%    750 g",$4.49ea,$3.99ea,$0.53/ 100g,True,949.0,saleEnds 03/15
dairy_and_eggs,Earth Island, Mozzarella Slices,Earth Island Mozzarella Slices200 g,$8.99ea,,$4.50/ 100g,False,950.0,
dairy_and_eggs,President's Choice,Vanilla Kefir,President's ChoiceVanilla Kefir1000 ml,$4.79ea,,$0.48/ 100ml,False,951.0,
dairy_and_eggs,Armstrong,Combos - Marble & Naturally Smoked Ham Sausage Sticks,ArmstrongCombos - Marble & Naturally Smoked Ham Sausage Sticks180 g,$7.49ea,,$4.16/ 100g,False,952.0,
dairy_and_eggs,President's Choice,Plant Based Cultured Oat Yogurt Alternative Strawberry Vanilla,President's ChoicePlant Based Cultured Oat Yogurt Alternative Strawberry Vanilla500 g,$3.99ea,,$0.80/ 100g,False,953.0,
dairy_and_eggs,Black Diamond,Shredded Cheese Tacos & Nachos,Black DiamondShredded Cheese Tacos & Nachos320 g,$6.99ea,,$2.18/ 100g,False,954.0,
dairy_and_eggs,President's Choice,Tex Mex Shredded Cheese Blend,President's ChoiceTex Mex Shredded Cheese Blend620 g,$12.49ea,,$2.01/ 100g,False,955.0,
dairy_and_eggs,Cracker Barrel,Cheese Sauce Kit Creamy Alfredo,Cracker BarrelCheese Sauce Kit Creamy Alfredo271 g,$7.99ea,,$2.95/ 100g,False,956.0,
dairy_and_eggs,Liberte,Greek Coconut 2% MF Yogurt,LiberteGreek Coconut 2% MF Yogurt4x100.0 g,$5.49ea,,$1.37/ 100g,False,957.0,
dairy_and_eggs,Pillsbury,Sugar Cookies,PillsburySugar Cookies468 g,$4.49ea,,$0.96/ 100g,False,958.0,
dairy_and_eggs,Oikos,"Fat Free Greek Yogurt, Plain, No Added Sugar Value Tub","OikosFat Free Greek Yogurt, Plain, No Added Sugar Value Tub750 g",$6.99ea,,$0.93/ 100g,False,959.0,
dairy_and_eggs,Cracker Barrel,Cheese Sauce Kit 4 Cheeses Italiano,Cracker BarrelCheese Sauce Kit 4 Cheeses Italiano280 g,$7.99ea,,$2.85/ 100g,False,960.0,
dairy_and_eggs,Armstrong,Combos - Mozzarella & Naturally Smoked Salami Sticks,ArmstrongCombos - Mozzarella & Naturally Smoked Salami Sticks180 g,$7.49ea,,$4.16/ 100g,False,961.0,
dairy_and_eggs,Yummy Doh,Raw Cookie Dough Strawberry Confetti,Yummy DohRaw Cookie Dough Strawberry Confetti400 g,$6.49ea,,$1.62/ 100g,False,962.0,
dairy_and_eggs,President's Choice,Vanilla 2% M.F. Greek Yogurt,President's ChoiceVanilla 2% M.F. Greek Yogurt4x100.0 g,$4.49ea,,$1.12/ 100g,False,963.0,
dairy_and_eggs,Earth Island,Shredded Cheese Alternative Parmesan Style,Earth IslandShredded Cheese Alternative Parmesan Style113 g,$7.99ea,$6.99ea,$6.19/ 100g,True,964.0,saleEnds 03/29
dairy_and_eggs,No Name,Shredded Mozzarella,No NameShredded Mozzarella320 g,$5.99ea,,$1.87/ 100g,False,965.0,
dairy_and_eggs,IOGO,1% Nano Cherry Drinkable Yogurt,IOGO1% Nano Cherry Drinkable Yogurt6x93.0 ml,$3.99ea,,$0.72/ 100ml,False,966.0,
dairy_and_eggs,President's Choice,Power Fruit Skyr Icelandic Style 0% M.F. Yogurt,President's ChoicePower Fruit Skyr Icelandic Style 0% M.F. Yogurt4x100.0 g,$4.49ea,,$1.12/ 100g,False,967.0,
dairy_and_eggs,President's Choice,Vanilla Skyr Icelandic Style 0% M.F. Yogurt,President's ChoiceVanilla Skyr Icelandic Style 0% M.F. Yogurt4x100.0 g,$4.49ea,,$1.12/ 100g,False,968.0,
dairy_and_eggs,Cracker Barrel,Shreds Old Cheddar,Cracker BarrelShreds Old Cheddar320 g,$7.99ea,,$2.50/ 100g,False,969.0,
dairy_and_eggs,President's Choice,Vanilla Skyr Icelandic Style 0% M.F. Yogurt,President's ChoiceVanilla Skyr Icelandic Style 0% M.F. Yogurt500 g,$6.29ea,,$1.26/ 100g,False,970.0,
dairy_and_eggs,Earth Balance,Organic Whipped Spread,Earth BalanceOrganic Whipped Spread369 g,$6.99ea,,$1.89/ 100g,False,971.0,
dairy_and_eggs,IOGO,iÖGO Canadian Harvest 3.2% Peach Yogurt,IOGOiÖGO Canadian Harvest 3.2% Peach Yogurt650 g,$3.49ea,,$0.54/ 100g,False,972.0,
dairy_and_eggs,Rolling Meadow,Grass Fed 10% Cream,Rolling MeadowGrass Fed 10% Cream473 ml,$4.29ea,,$0.91/ 100ml,False,973.0,
dairy_and_eggs,Activia,"Immune System, Raspberry Probiotic Yogurt Drink. Lactose Free, 8 Pack","ActiviaImmune System, Raspberry Probiotic Yogurt Drink. Lactose Free, 8 Pack8x93.0 ml",$8.49ea,,$1.14/ 100ml,False,974.0,
dairy_and_eggs,No Name,Light Double Cheddar Shredded Cheese,No NameLight Double Cheddar Shredded Cheese320 g,$5.99ea,,$1.87/ 100g,False,975.0,
dairy_and_eggs,Del Monte,Peach Chunks In Light Syrup 8 Cups X (1.52 L)  (Case),Del MontePeach Chunks In Light Syrup 8 Cups X (1.52 L)  (Case)8x190.0 ml,$17.99ea,,$1.18/ 100ml,False,976.0,
dairy_and_eggs,Pillsbury,Easy Roll Pie Crust   ,PillsburyEasy Roll Pie Crust   400 g,$4.99ea,,$1.25/ 100g,False,977.0,
dairy_and_eggs,IOGO,"Yogurt Tubes, Strawberry & Peach","IOGOYogurt Tubes, Strawberry & Peach8x60.0 g",$3.29ea,$2.99ea,$0.62/ 100g,True,978.0,saleEnds 03/22
dairy_and_eggs,Pillsbury,Crescents - Reduced Fat,PillsburyCrescents - Reduced Fat227 g,$3.19ea,,$1.41/ 100g,False,979.0,
dairy_and_eggs,Armstrong,Marble Cheese Sticks,ArmstrongMarble Cheese Sticks630 g,$14.99ea,,$2.38/ 100g,False,980.0,
dairy_and_eggs,Organic Meadow,Cottage Cheese,Organic MeadowCottage Cheese500 g,$9.49ea,,$1.90/ 100g,False,981.0,
dairy_and_eggs,PC Organics,Balkan Style Yogurt Plain 11 % M.F. ,PC OrganicsBalkan Style Yogurt Plain 11 % M.F. 500 g,$4.99ea,,$1.00/ 100g,False,982.0,
dairy_and_eggs,Olympic,"Organic Yogurt, French Vanilla","OlympicOrganic Yogurt, French Vanilla650 g",$4.99ea,,$0.77/ 100g,False,983.0,
dairy_and_eggs,President's Choice,Strawberry Kefir Probiotic Fermented 1% M.F. Milk,President's ChoiceStrawberry Kefir Probiotic Fermented 1% M.F. Milk1 l,$4.79ea,,$0.48/ 100ml,False,984.0,
dairy_and_eggs,Amooza,Pizza Mozzarella Cheese With Mild Cheddar Taste 22 % M.F.,AmoozaPizza Mozzarella Cheese With Mild Cheddar Taste 22 % M.F.228 g,$5.99ea,,$2.63/ 100g,False,985.0,
dairy_and_eggs,Activia,"Immune System, Probiotic Drinkable Yogurt, Vanilla, 8 Bottles","ActiviaImmune System, Probiotic Drinkable Yogurt, Vanilla, 8 Bottles744 ml",$8.49ea,,$1.14/ 100ml,False,986.0,
dairy_and_eggs,Liberte,Greek Yogourt Banana 0 % M.F.,LiberteGreek Yogourt Banana 0 % M.F.750 g,$6.49ea,,$0.87/ 100g,False,987.0,
dairy_and_eggs,Liberte,Greek Lemon 2% MF Yogurt,LiberteGreek Lemon 2% MF Yogurt4x100.0 g,$5.49ea,,$1.37/ 100g,False,988.0,
dairy_and_eggs,Liberte,Greek Blueberry 0% MF Yogurt,LiberteGreek Blueberry 0% MF Yogurt750 g,$6.49ea,,$0.87/ 100g,False,989.0,
dairy_and_eggs,Oikos,"Fat Free Greek Yogurt, Peach-Mango Flavour, Fruit On The Bottom, 0% M.F.","OikosFat Free Greek Yogurt, Peach-Mango Flavour, Fruit On The Bottom, 0% M.F.4x100.0 g",$4.79ea,,$1.20/ 100g,False,990.0,
dairy_and_eggs,PC Organics,Organic Plain Kefir Probiotic Fermented 1% M.F. Milk,PC OrganicsOrganic Plain Kefir Probiotic Fermented 1% M.F. Milk1 l,$5.49ea,,$0.55/ 100ml,False,991.0,
dairy_and_eggs,Astro,"Original Balkan Style Yogurt, Vanilla","AstroOriginal Balkan Style Yogurt, Vanilla650 g",$4.49ea,$3.99ea,$0.61/ 100g,True,992.0,saleEnds 03/15
dairy_and_eggs,Oikos,"Greek Yogurt, Vanilla Flavour, 2% M.F.,  Blended","OikosGreek Yogurt, Vanilla Flavour, 2% M.F.,  Blended4x100.0 g",$4.79ea,,$1.20/ 100g,False,993.0,
dairy_and_eggs,President's Choice,Key Lime 2% M.F. Greek Yogurt ,President's ChoiceKey Lime 2% M.F. Greek Yogurt 4x100.0 g,$4.49ea,,$1.12/ 100g,False,994.0,
dairy_and_eggs,IOGO,"Nano Drinkable Yogurt, Strawberry","IOGONano Drinkable Yogurt, Strawberry6x93.0 ml",$3.99ea,,$0.72/ 100ml,False,995.0,
dairy_and_eggs,Liberte,Greek Black Cherry 2% MF Yogurt ,LiberteGreek Black Cherry 2% MF Yogurt 4x100.0 g,$5.49ea,,$1.37/ 100g,False,996.0,
dairy_and_eggs,Liberte,Greek Vanilla 3% MF Yogurt,LiberteGreek Vanilla 3% MF Yogurt750 g,$6.49ea,,$0.87/ 100g,False,997.0,
dairy_and_eggs,Liberte,Méditerranée Black Cherry 9% MF Yogurt,LiberteMéditerranée Black Cherry 9% MF Yogurt500 g,$5.79ea,,$1.16/ 100g,False,998.0,
dairy_and_eggs,Activia,"Immune System, Probiotic Drinkable Yogurt, Strawberry Banana, 8X","ActiviaImmune System, Probiotic Drinkable Yogurt, Strawberry Banana, 8X8x93.0 ml",$8.49ea,,$1.14/ 100ml,False,999.0,
dairy_and_eggs,Yoso,Oat Unsweetened Yogurt Alternative,YosoOat Unsweetened Yogurt Alternative440 g,$6.49ea,$5.49ea,$1.25/ 100g,True,1000.0,saleEnds 03/15
dairy_and_eggs,Organic Meadow,"Organic Yogurt, Plain 3.8%","Organic MeadowOrganic Yogurt, Plain 3.8%750 g",$7.49ea,,$1.00/ 100g,False,1001.0,
dairy_and_eggs,Yoplait,Yop Drinkable Yogurt Peach Flavour 1% M.F.,YoplaitYop Drinkable Yogurt Peach Flavour 1% M.F.200 ml,$1.59ea,,$0.80/ 100ml,False,1002.0,
dairy_and_eggs,Yoplait,Tubes Raspberry,YoplaitTubes Raspberry8x56.0 g,$4.79ea,,$1.07/ 100g,False,1003.0,
dairy_and_eggs,PC Organics,"Organic Kefir Milk, Strawberry","PC OrganicsOrganic Kefir Milk, Strawberry1000 ml",$5.49ea,,$0.55/ 100ml,False,1004.0,
dairy_and_eggs,Activia,"Plant-Based Probiotic Yogurt, Cherry And Peach, 8 Pack","ActiviaPlant-Based Probiotic Yogurt, Cherry And Peach, 8 Pack8x100.0 g",$6.99ea,,$0.87/ 100g,False,1005.0,
dairy_and_eggs,Oikos,"Extra Creamy Greek Yogurtemon Meringue Flavour, 4% Mf","OikosExtra Creamy Greek Yogurtemon Meringue Flavour, 4% Mf4x95.0 g",$4.79ea,,$1.26/ 100g,False,1006.0,
dairy_and_eggs,Olympic,"Greek Yogurt, Vanilla","OlympicGreek Yogurt, Vanilla650 g",$4.99ea,,$0.77/ 100g,False,1007.0,
dairy_and_eggs,Liberte,Greek Strawberry 0% MF Yogurt,LiberteGreek Strawberry 0% MF Yogurt4x100.0 g,$5.49ea,,$1.37/ 100g,False,1008.0,
dairy_and_eggs,Milk 2 Go,"Milk, Strawberry Partly Skimmed 1 % M.F.","Milk 2 GoMilk, Strawberry Partly Skimmed 1 % M.F.310 ml",$2.75ea,,$0.89/ 100ml,False,1009.0,
dairy_and_eggs,Woolwich,Homogenized Goat Milk 3.25%MF  ,WoolwichHomogenized Goat Milk 3.25%MF  1 l,$4.59ea,,$0.46/ 100ml,False,1010.0,
dairy_and_eggs,Black Diamond,Cheestrings Marble 18% M.F.,Black DiamondCheestrings Marble 18% M.F.336 g,$6.99ea,,$2.08/ 100g,False,1011.0,
dairy_and_eggs,Gay Lea,"Sour Cream, Regular 14%","Gay LeaSour Cream, Regular 14%250 ml",$3.49ea,,$1.40/ 100ml,False,1012.0,
dairy_and_eggs,President's Choice,Extra Large Free Run Brown Eggs,President's ChoiceExtra Large Free Run Brown Eggs12 eggs,$7.09ea,,$0.59/ 1ea,False,1013.0,
dairy_and_eggs,No Name,14% M.F. Regular Sour Cream,No Name14% M.F. Regular Sour Cream250 ml,$2.99ea,,$1.20/ 100ml,False,1014.0,
dairy_and_eggs,Cracker Barrel,Bar Mozzarella,Cracker BarrelBar Mozzarella400 g,$9.79ea,,$2.45/ 100g,False,1015.0,
dairy_and_eggs,Neilson,Table Cream,NeilsonTable Cream237 ml,$3.29ea,,$1.39/ 100ml,False,1016.0,
dairy_and_eggs,President's Choice,Vanilla Skyr Icelandic Style 0% M.F. Yogurt,President's ChoiceVanilla Skyr Icelandic Style 0% M.F. Yogurt4x100.0 g,$4.49ea,,$1.12/ 100g,False,1017.0,
dairy_and_eggs,Cracker Barrel,Shreds Old Cheddar,Cracker BarrelShreds Old Cheddar320 g,$7.99ea,,$2.50/ 100g,False,1018.0,
dairy_and_eggs,President's Choice,Vanilla Skyr Icelandic Style 0% M.F. Yogurt,President's ChoiceVanilla Skyr Icelandic Style 0% M.F. Yogurt500 g,$6.29ea,,$1.26/ 100g,False,1019.0,
dairy_and_eggs,Earth Balance,Organic Whipped Spread,Earth BalanceOrganic Whipped Spread369 g,$6.99ea,,$1.89/ 100g,False,1020.0,
dairy_and_eggs,Activia,"Immune System, Probiotic Drinkable Yogurt, Vanilla, 8 Bottles","ActiviaImmune System, Probiotic Drinkable Yogurt, Vanilla, 8 Bottles744 ml",$8.49ea,,$1.14/ 100ml,False,1021.0,
dairy_and_eggs,Savor,Grass Fed Unsalted Butter,SavorGrass Fed Unsalted Butter250 g,$7.99ea,,$3.20/ 100g,False,1022.0,
dairy_and_eggs,Activia,"Yogurt With Probiotics Lactose-Free, Vanilla Flavour","ActiviaYogurt With Probiotics Lactose-Free, Vanilla Flavour650 g",$3.99ea,,$0.61/ 100g,False,1023.0,
dairy_and_eggs,Cracker Barrel,Signature Shredded Natural Cheese Extra Old & Mozza 31 % M.F.,Cracker BarrelSignature Shredded Natural Cheese Extra Old & Mozza 31 % M.F.300 g,$7.99ea,,$2.66/ 100g,False,1024.0,
dairy_and_eggs,Cracker Barrel,Shreds Italiano,Cracker BarrelShreds Italiano320 g,$7.99ea,,$2.50/ 100g,False,1025.0,
dairy_and_eggs,Riviera,Oat Based Vegan Delight Vanilla,RivieraOat Based Vegan Delight Vanilla650 g,$7.49ea,,$1.15/ 100g,False,1026.0,
