category,brand,product_text,product_name,price_text,sale_price,per_unit_price_text,is_sale
frozen,President's Choice,Blueberries Cultivated,President's ChoiceBlueberries Cultivated600 g,$5.99ea,,$1.00/ 100g,False
frozen,No Name,Potato Patties,No NamePotato Patties20 ea,$6.49ea,,$0.32/ 1ea,False
frozen,Mccain,Tasti Taters Potato Bites,MccainTasti Taters Potato Bites800 g,$4.25ea,$2.99ea,$0.37/ 100g,True
frozen,Mccain,Diced Hashbrowns,MccainDiced Hashbrowns900 g,$3.29ea,,$0.37/ 100g,False
frozen,President's Choice, Canadian Wild Blueberries,President's Choice Canadian Wild Blueberries400 g,$5.99ea,,$1.50/ 100g,False
frozen,Schneider,"Deep Dish Quiche Florentine, Spinach & Cheese","SchneiderDeep Dish Quiche Florentine, Spinach & Cheese624 g",$16.99ea,,$2.72/ 100g,False
frozen,President's Choice,Plant Based Root Vegetable Galette,President's ChoicePlant Based Root Vegetable Galette490 g,$7.99ea,,$1.63/ 100g,False
frozen,Wholly Veggie,Vegan Buffalo Cauliflower Wings,Wholly VeggieVegan Buffalo Cauliflower Wings375 g,$8.99ea,$7.49ea,$2.00/ 100g,True
frozen,The Keg,Prime Rib Beef Burger,The KegPrime Rib Beef Burger1.02 kg,$22.99ea,,$2.25/ 100g,False
frozen,TMRW, The Sausage,TMRW The Sausage240 g,$7.99ea,,$3.33/ 100g,False
frozen,Roman,"Cannelloni, Cheese","RomanCannelloni, Cheese908 g",$8.99ea,,$0.99/ 100g,False
frozen,Mama Yolanda's,Mini Ricotta and Spinach Lasagna,Mama Yolanda'sMini Ricotta and Spinach Lasagna1.22 kg,$14.99ea,$12.99ea,$1.06/ 100g,True
frozen,Evive,Smoothie Cubes Asana,EviveSmoothie Cubes Asana405 g,$11.99ea,,$2.96/ 100g,False
frozen,Roman,Meatballs,RomanMeatballs908 g,$8.99ea,,$0.99/ 100g,False
frozen,Pulp and Press,"& Press Juice, Spicy Lemon  ","Pulp and Press& Press Juice, Spicy Lemon  355 ml",$7.99ea,,$2.25/ 100ml,False
frozen,Felix & Norton,Frozen Trois Cookie Dough,Felix & NortonFrozen Trois Cookie Dough500 g,$8.99ea,,$1.80/ 100g,False
frozen,PC Organics,Organic Green Peas,PC OrganicsOrganic Green Peas500 g,$5.49ea,,$1.10/ 100g,False
frozen,President's Choice,Club Pack Fully Cooked Buttermilk Chicken Breast Fillets,President's ChoiceClub Pack Fully Cooked Buttermilk Chicken Breast Fillets1.81 kg,$33.99ea,,$1.88/ 100g,False
frozen,Dream Pops,Chocolate-Covered Frozen Dessert Peanut Butter Bites,Dream PopsChocolate-Covered Frozen Dessert Peanut Butter Bites118 ml,$8.99ea,,$7.62/ 100ml,False
frozen,Holy Napoli,Margherita Pizza,Holy NapoliMargherita Pizza365 g,$9.99ea,,$2.74/ 100g,False
frozen,Mikes,"Pepperoni, Bacon and Mozzarella Cheese Pizza","MikesPepperoni, Bacon and Mozzarella Cheese Pizza840 g",$10.49ea,,$1.25/ 100g,False
frozen,Chef Bombay,Vegetable Samosas,Chef BombayVegetable Samosas300 g,$6.99ea,,$2.33/ 100g,False
frozen,Silver Hills,Sprouted Power Organic Spinach Tortillas 6 Hand-Stretched Tortillas,Silver HillsSprouted Power Organic Spinach Tortillas 6 Hand-Stretched Tortillas255 g,$6.99ea,,$2.74/ 100g,False
frozen,Stouffers,"Fit Wraps, Teriyaki Chicken","StouffersFit Wraps, Teriyaki Chicken163 g",$6.99ea,,$4.29/ 100g,False
frozen,Dream Pops,Non-Dairy Frozen Pops Chocolate Lion,Dream PopsNon-Dairy Frozen Pops Chocolate Lion168 ml,$7.49ea,,$4.46/ 100ml,False
frozen,44th Street,Beef Pot Roast,44th StreetBeef Pot Roast575 g,$16.99ea,,$2.95/ 100g,False
frozen,President's Choice,Plant Based Fishless Cakes,President's ChoicePlant Based Fishless Cakes170 g,$3.99ea,,$2.35/ 100g,False
frozen,So Delicious,"Dairy Free Cashew-Based Frozen Dessert, Creamy Chocolate","So DeliciousDairy Free Cashew-Based Frozen Dessert, Creamy Chocolate479 ml",$8.49ea,,$1.70/ 100ml,False
frozen,Chef Bombay,Mini Cholé Naanpanadas,Chef BombayMini Cholé Naanpanadas240 g,$6.99ea,,$2.91/ 100g,False
frozen,BlueWater Seafoods,"Crispy Tempura Fillets, Haddock","BlueWater SeafoodsCrispy Tempura Fillets, Haddock350 g",$8.49ea,,$2.43/ 100g,False
frozen,Minute Maid,Pina Colada Mixers,Minute MaidPina Colada Mixers250 ml,$2.79ea,,$1.12/ 100ml,False
frozen,PC Blue Menu,"Chicken Breast Boneless Skinless, Club Pack","PC Blue MenuChicken Breast Boneless Skinless, Club Pack1.36 kg",$26.99ea,,$1.98/ 100g,False
frozen,Tre Stelle,Cheez Made chicken-less nuggets,Tre StelleCheez Made chicken-less nuggets360 g,$13.99ea,,$3.89/ 100g,False
frozen,Daiya,"Flatbread Meatless Italian Sausage Flavoured Crumbles, Roasted Pepper & Kale","DaiyaFlatbread Meatless Italian Sausage Flavoured Crumbles, Roasted Pepper & Kale327 g",$10.99ea,,$3.36/ 100g,False
frozen,Prime,"Chicken Burgers, Raised Without Antibiotics","PrimeChicken Burgers, Raised Without Antibiotics581 g",$15.99ea,,$2.75/ 100g,False
frozen,Evive,Smoothie Cubes Yogi    ,EviveSmoothie Cubes Yogi    405 g,$11.99ea,,$2.96/ 100g,False
frozen,Kelloggs,"Frozen Eggos, Buttermilk","KelloggsFrozen Eggos, Buttermilk620 g",$6.99ea,,$1.13/ 100g,False
frozen,Carbonaut,Bread Seeded,CarbonautBread Seeded544 g,$8.99ea,$7.99ea,$1.47/ 100g,True
frozen,PC Organics,"Organic Frozen Strawberries, Club Pack","PC OrganicsOrganic Frozen Strawberries, Club Pack1.5 kg",$20.99ea,$16.99ea,$1.13/ 100g,True
frozen,Evive,Smoothie Cubes Touk-Touk,EviveSmoothie Cubes Touk-Touk405 g,$11.99ea,,$2.96/ 100g,False
frozen,President's Choice,Chicken Suisse 4 Pieces,President's ChoiceChicken Suisse 4 Pieces560 g,$17.49ea,,$3.12/ 100g,False
frozen,Pizza Oggi,Quattro Formaggi,Pizza OggiQuattro Formaggi450 g,$9.99ea,,$2.22/ 100g,False
frozen,President's Choice,Carrot Pecan Cake,President's ChoiceCarrot Pecan Cake480 g,$9.99ea,,$2.08/ 100g,False
frozen,Silver Hills,Organic Multigrain Sprouted Bread,Silver HillsOrganic Multigrain Sprouted Bread680 g,$4.99ea,,$0.73/ 100g,False
frozen,TMRW, Protein Shreds,TMRW Protein Shreds200 g,$7.99ea,,$4.00/ 100g,False
frozen,Foppen,Smoked Salmon Slices Flame Roasted ,FoppenSmoked Salmon Slices Flame Roasted 170 g,$12.99ea,,$7.64/ 100g,False
frozen,Carbonaut,Bread Cinnamon Raisin Gluten Free,CarbonautBread Cinnamon Raisin Gluten Free550 g,$9.99ea,$8.99ea,$1.63/ 100g,True
frozen,Silver Hills,100% Sprouted Power The Big 16 Sprouted Wheat Bread,Silver Hills100% Sprouted Power The Big 16 Sprouted Wheat Bread615 g,$7.99ea,,$1.30/ 100g,False
frozen,Roman,"Cannelloni, Cheese","RomanCannelloni, Cheese908 g",$8.99ea,,$0.99/ 100g,False
frozen,Mama Yolanda's,Mini Ricotta and Spinach Lasagna,Mama Yolanda'sMini Ricotta and Spinach Lasagna1.22 kg,$14.99ea,$12.99ea,$1.06/ 100g,True
frozen,President's Choice,Chicken Suisse 4 Pieces,President's ChoiceChicken Suisse 4 Pieces560 g,$17.49ea,,$3.12/ 100g,False
frozen,Pizza Oggi,Quattro Formaggi,Pizza OggiQuattro Formaggi450 g,$9.99ea,,$2.22/ 100g,False
frozen,Carbonaut,Bread Cinnamon Raisin Gluten Free,CarbonautBread Cinnamon Raisin Gluten Free550 g,$9.99ea,$8.99ea,$1.63/ 100g,True
frozen,Silver Hills,Organic Multigrain Sprouted Bread,Silver HillsOrganic Multigrain Sprouted Bread680 g,$4.99ea,,$0.73/ 100g,False
frozen,Silver Hills,100% Sprouted Power The Big 16 Sprouted Wheat Bread,Silver Hills100% Sprouted Power The Big 16 Sprouted Wheat Bread615 g,$7.99ea,,$1.30/ 100g,False
frozen,Silver Hills,Sprouted Wheat Bread,Silver HillsSprouted Wheat Bread615 g,$7.99ea,,$1.30/ 100g,False
frozen,No Name,Vegetable Cantonese- Style Egg Rolls,No NameVegetable Cantonese- Style Egg Rolls1.25 kg,$8.99ea,,$0.72/ 100g,False
frozen,So Delicious,"Dairy Free Coconut-Based Frozen Dessert, Vanilla Bean","So DeliciousDairy Free Coconut-Based Frozen Dessert, Vanilla Bean500 ml",$8.49ea,,$1.70/ 100ml,False
frozen,Nanuk,Smoked Coho Salmon,NanukSmoked Coho Salmon300 g,$22.99ea,,$7.66/ 100g,False
frozen,Sufra,Halal Chicken Strips,SufraHalal Chicken Strips840 g,$12.99ea,,$1.55/ 100g,False
frozen,President's Choice,Too Good To Be Wings Maple Barbecue Boneless Coated Chicken Breast Chunks,President's ChoiceToo Good To Be Wings Maple Barbecue Boneless Coated Chicken Breast Chunks800 g,$16.99ea,,$2.12/ 100g,False
frozen,So Delicious,Dairy Free Salted Caramel Swirl Mousse,So DeliciousDairy Free Salted Caramel Swirl Mousse500 ml,$7.49ea,,$1.50/ 100ml,False
frozen,Burnbrae Farms,Egg Bake Garden Mushroom & Bacon Quiche,Burnbrae FarmsEgg Bake Garden Mushroom & Bacon Quiche2x95.0 g,$3.99ea,$3.49ea,$1.84/ 100g,True
frozen,Michelina,"Pizza Snack, Pepperoni","MichelinaPizza Snack, Pepperoni496 g",$4.99ea,,$1.01/ 100g,False
frozen,President's Choice,Mexican-Style Street Corn Fritters,President's ChoiceMexican-Style Street Corn Fritters384 g,$9.99ea,,$2.60/ 100g,False
frozen,Michelina,Grande Fettuccine Alfredo,MichelinaGrande Fettuccine Alfredo454 g,$4.49ea,,$0.99/ 100g,False
frozen,Maple Leaf,Oktoberfest Dinner Sausage,Maple LeafOktoberfest Dinner Sausage375 g,$8.99ea,,$2.40/ 100g,False
frozen,So Delicious,"Dairy Free Coconut-Based Frozen Dessert, Cookie Dough","So DeliciousDairy Free Coconut-Based Frozen Dessert, Cookie Dough500 ml",$8.49ea,,$1.70/ 100ml,False
frozen,PC Blue Menu,Vegetable Lasagna,PC Blue MenuVegetable Lasagna1.13 kg,$12.99ea,,$1.15/ 100g,False
frozen,Stouffers,Bowl Fulls Cheesy Meatball Marinara,StouffersBowl Fulls Cheesy Meatball Marinara305 g,$6.99ea,,$2.29/ 100g,False
frozen,Janes,Chicken Breast Fillets,JanesChicken Breast Fillets720 g,$19.99ea,,$2.78/ 100g,False
frozen,President's Choice,Scottish Atlantic Salmon Double Smoked ,President's ChoiceScottish Atlantic Salmon Double Smoked 150 g,$11.99ea,$10.99ea,$7.33/ 100g,True
frozen,President's Choice,Apple Caramel Blossoms,President's ChoiceApple Caramel Blossoms228 g,$3.99ea,,$1.75/ 100g,False
frozen,President's Choice,Plant Based Chickenless Breaded Strips,President's ChoicePlant Based Chickenless Breaded Strips350 g,$8.99ea,,$2.57/ 100g,False
frozen,President's Choice,The Decadent Double Chocolate Cream Pie,President's ChoiceThe Decadent Double Chocolate Cream Pie830 g,$11.99ea,,$1.44/ 100g,False
frozen,Michelina,Chicken Fried Rice,MichelinaChicken Fried Rice255 g,$2.49ea,,$0.98/ 100g,False
frozen,Daiya,Supreme Pizza,DaiyaSupreme Pizza550 g,$10.99ea,$8.49ea,$1.54/ 100g,True
frozen,Healthy Choice,Zero Verde Chicken,Healthy ChoiceZero Verde Chicken269 g,$7.49ea,,$2.78/ 100g,False
frozen,Wholly Wholesome,Wholly Gluten Free Two 9” (23 Cm) Pie Shells,Wholly WholesomeWholly Gluten Free Two 9” (23 Cm) Pie Shells425 g,$9.49ea,,$2.23/ 100g,False
frozen,Stouffers,Diner Classics Fried Chicken Breast,StouffersDiner Classics Fried Chicken Breast251 g,$6.99ea,,$2.78/ 100g,False
frozen,President's Choice,Loads Of Mango Fruit Bars,President's ChoiceLoads Of Mango Fruit Bars480 ml,$6.99ea,,$1.46/ 100ml,False
frozen,Mccain,Superfries Extra Crispy Straight Cut Fries,MccainSuperfries Extra Crispy Straight Cut Fries650 g,$4.25ea,$2.99ea,$0.46/ 100g,True
frozen,Mccain,Superfries Straight Cut Fries,MccainSuperfries Straight Cut Fries650 g,$4.25ea,$2.99ea,$0.46/ 100g,True
frozen,Delissio,Thin Crispy Crust Pepperoni Pizza,DelissioThin Crispy Crust Pepperoni Pizza475 g,$7.29ea,,$1.53/ 100g,False
frozen,President's Choice,Chicken General Tao,President's ChoiceChicken General Tao907 g,$12.49ea,,$1.38/ 100g,False
frozen,President's Choice,Chicken Divan 4 Pieces,President's ChoiceChicken Divan 4 Pieces560 g,$17.49ea,,$3.12/ 100g,False
frozen,Stouffers,"Bistro Flatbreads, 4 Cheese Grilled Chicken","StouffersBistro Flatbreads, 4 Cheese Grilled Chicken184 g",$6.99ea,,$3.80/ 100g,False
frozen,PC Organics,Organic Four Cheese Pizza,PC OrganicsOrganic Four Cheese Pizza346 g,$9.99ea,,$2.89/ 100g,False
frozen,PC Organics,Organic Edamame In Shell,PC OrganicsOrganic Edamame In Shell500 g,$5.49ea,,$1.10/ 100g,False
frozen,President's Choice,Frozen Profiteroles Chocolate Enrobed,President's ChoiceFrozen Profiteroles Chocolate Enrobed490 g,$14.99ea,,$3.06/ 100g,False
frozen,Five Alive,Passionate Peach Juice,Five AlivePassionate Peach Juice295 ml,$2.79ea,,$0.95/ 100ml,False
frozen,So Delicious,Non-Dairy Frozen Dessert Oat S'Mores,So DeliciousNon-Dairy Frozen Dessert Oat S'Mores500 ml,$7.99ea,,$1.60/ 100ml,False
frozen,No Name,Uncooked Stuffed Breaded Chicken Breast Cutlettes Parmesan,No NameUncooked Stuffed Breaded Chicken Breast Cutlettes Parmesan284 g,$3.99ea,,$1.40/ 100g,False
frozen,Delissio,Crispy Pan 4-Cheese Pizza,DelissioCrispy Pan 4-Cheese Pizza570 g,$9.99ea,,$1.75/ 100g,False
frozen,Cool Whip,Low Fat Frozen Whipped Topping,Cool WhipLow Fat Frozen Whipped Topping1 l,$4.99ea,,$0.50/ 100ml,False
frozen,President's Choice,Crispy Shrimp Fine Hors D'Oeuvre Trio,President's ChoiceCrispy Shrimp Fine Hors D'Oeuvre Trio528 g,$16.99ea,,$3.22/ 100g,False
frozen,President's Choice,The Decadent Double Chocolate Cream Pie,President's ChoiceThe Decadent Double Chocolate Cream Pie830 g,$11.99ea,,$1.44/ 100g,False
frozen,Michelina,Chicken Fried Rice,MichelinaChicken Fried Rice255 g,$2.49ea,,$0.98/ 100g,False
frozen,Magnum,Double Caramel Belgian Chocolate Ice Cream,MagnumDouble Caramel Belgian Chocolate Ice Cream3x90.0 ml,$6.99ea,,$2.59/ 100ml,False
frozen,Delissio,Thin Crispy Crust Pepperoni Pizza,DelissioThin Crispy Crust Pepperoni Pizza475 g,$7.29ea,,$1.53/ 100g,False
frozen,Fruitopia,Strawberry Passion Awareness Fruit Beverage,FruitopiaStrawberry Passion Awareness Fruit Beverage295 ml,$2.79ea,,$0.95/ 100ml,False
frozen,Cheemo,"Perogies, Potato, Bacon & Cheese","CheemoPerogies, Potato, Bacon & Cheese907 g",$4.29ea,,$0.47/ 100g,False
frozen,Pillsbury,Pizza Bites Pepperoni,PillsburyPizza Bites Pepperoni693 g,$8.99ea,,$1.30/ 100g,False
frozen,Janes,Boneless Chicken Bites,JanesBoneless Chicken Bites710 g,$20.99ea,,$2.96/ 100g,False
frozen,Mccain,Bistro Selects Super Crisps Steak Cut Fries,MccainBistro Selects Super Crisps Steak Cut Fries650 g,$4.99ea,$2.99ea,$0.46/ 100g,True
frozen,No Name,Vegetable Cantonese- Style Egg Rolls,No NameVegetable Cantonese- Style Egg Rolls1.25 kg,$8.99ea,,$0.72/ 100g,False
frozen,So Delicious,"Dairy Free Coconut-Based Frozen Dessert, Vanilla Bean","So DeliciousDairy Free Coconut-Based Frozen Dessert, Vanilla Bean500 ml",$8.49ea,,$1.70/ 100ml,False
frozen,Roman,Lasagna,RomanLasagna908 g,$8.99ea,,$0.99/ 100g,False
frozen,Mikes,Pizza International,MikesPizza International871 g,$10.49ea,,$1.20/ 100g,False
frozen,Pizza Oggi,Vegan Pizza Beyond Meat  Sausage,Pizza OggiVegan Pizza Beyond Meat  Sausage390 g,$8.99ea,,$2.31/ 100g,False
frozen,Boston Market,Chicken Parmesan ,Boston MarketChicken Parmesan 371 g,$5.49ea,,$1.48/ 100g,False
frozen,Nature's Path,"Flax Plus Waffles, Buckwheat Wildberry","Nature's PathFlax Plus Waffles, Buckwheat Wildberry210 g",$5.49ea,$4.49ea,$2.14/ 100g,True
frozen,President's Choice,Smokin Stampede Pork Back Ribs ,President's ChoiceSmokin Stampede Pork Back Ribs 680 g,$16.99ea,,$2.50/ 100g,False
frozen,Stouffers,Diner Classics Beef Stroganoff,StouffersDiner Classics Beef Stroganoff245 g,$6.99ea,,$2.85/ 100g,False
frozen,President's Choice,Plant Based Chickenless Breaded Cutlets,President's ChoicePlant Based Chickenless Breaded Cutlets340 g,$8.99ea,,$2.64/ 100g,False
frozen,President's Choice,"Thick & Crispy Breaded Chicken Burgers, Fully Cooked","President's ChoiceThick & Crispy Breaded Chicken Burgers, Fully Cooked700 g",$5.99ea,,$0.86/ 100g,False
frozen,Butcher's Choice,Beef Burgers,Butcher's ChoiceBeef Burgers1.13 kg,$16.99ea,,$1.50/ 100g,False
frozen,President's Choice,Plant Based Mini Sausageless Rolls,President's ChoicePlant Based Mini Sausageless Rolls600 g,$7.99ea,,$1.33/ 100g,False
frozen,President's Choice,"Candied Salmon, Maple Flavour","President's ChoiceCandied Salmon, Maple Flavour150 g",$10.99ea,,$7.33/ 100g,False
frozen,Delissio,Crispy Pan Meat Lovers Pizza,DelissioCrispy Pan Meat Lovers Pizza598 g,$9.99ea,,$1.67/ 100g,False
frozen,Premier, Seafood Mix,Premier Seafood Mix340 g,$5.99ea,,$1.76/ 100g,False
frozen,Nature's Path,Gluten Free Chocolate Chip Waffle,Nature's PathGluten Free Chocolate Chip Waffle210 g,$5.49ea,$4.49ea,$2.14/ 100g,True
frozen,President's Choice,Chocolate Brownie Cheesecake with Ganache Topping,President's ChoiceChocolate Brownie Cheesecake with Ganache Topping600 g,$10.99ea,,$1.83/ 100g,False
frozen,No Name,Concentrated Berry Punch,No NameConcentrated Berry Punch283 ml,$1.29ea,,$0.46/ 100ml,False
frozen,Amys,"Burrito, Cheddar Cheese","AmysBurrito, Cheddar Cheese170 g",$4.49ea,,$2.64/ 100g,False
frozen,President's Choice,Gluten Free Chicken Breast Fillets,President's ChoiceGluten Free Chicken Breast Fillets750 g,$20.99ea,$19.99ea,$2.67/ 100g,True
frozen,President's Choice,Pacific White Shrimp Platter with Mild Cocktail Sauce,President's ChoicePacific White Shrimp Platter with Mild Cocktail Sauce568 g,$19.99ea,,$3.52/ 100g,False
frozen,President's Choice,Kofta Beef Meatballs,President's ChoiceKofta Beef Meatballs454 g,$9.99ea,,$2.20/ 100g,False
frozen,Sol Cuisine,Plant-Based Crispy Chik'n Bites,Sol CuisinePlant-Based Crispy Chik'n Bites300 g,$7.49ea,,$2.50/ 100g,False
frozen,President's Choice,Shepherd's Pie,President's ChoiceShepherd's Pie900 g,$13.99ea,,$1.55/ 100g,False
frozen,Delissio,Croissant Crust Pepperoni Pizza,DelissioCroissant Crust Pepperoni Pizza667 g,$9.99ea,,$1.50/ 100g,False
frozen,PC Blue Menu,Lean Beef Burgers,PC Blue MenuLean Beef Burgers2.27 kg,$27.99ea,,$1.23/ 100g,False
frozen,Swiss Chalet,Chicken Pot Pie,Swiss ChaletChicken Pot Pie650 g,$11.49ea,,$1.77/ 100g,False
frozen,PC Organics,California Vegetable Blend Mixed Vegetables,PC OrganicsCalifornia Vegetable Blend Mixed Vegetables500 g,$5.49ea,,$1.10/ 100g,False
frozen,Honeydew,Frozen Concentrated Fruit Beverage Breakfast Orange,HoneydewFrozen Concentrated Fruit Beverage Breakfast Orange355 ml,$1.79ea,,$0.50/ 100ml,False
frozen,Janes,"Pub Style Chicken Burger, Fully Cooked","JanesPub Style Chicken Burger, Fully Cooked700 g",$13.99ea,,$2.00/ 100g,False
frozen,President's Choice,Blueberries Cultivated,President's ChoiceBlueberries Cultivated2 kg,$15.99ea,,$0.80/ 100g,False
frozen,President's Choice,"Pub Recipe Chicken Nuggets, Fully Cooked","President's ChoicePub Recipe Chicken Nuggets, Fully Cooked700 g",$5.99ea,,$0.86/ 100g,False
frozen,President's Choice,Free From Chicken Breast,President's ChoiceFree From Chicken Breast680 g,$23.99ea,,$3.53/ 100g,False
frozen,Minute Maid,"Pink Lemonade Frozen Concentrate, Can","Minute MaidPink Lemonade Frozen Concentrate, Can295 ml",$2.79ea,,$0.95/ 100ml,False
frozen,Pillsbury,Pizza Pops Deluxe 4ct,PillsburyPizza Pops Deluxe 4ct380 g,$2.99ea,,$0.79/ 100g,False
frozen,President's Choice,Sea Salt and Malt Vinegar Haddock Bites,President's ChoiceSea Salt and Malt Vinegar Haddock Bites454 g,$11.99ea,,$2.64/ 100g,False
frozen,President's Choice,Gluten Free Four Cheese Pizza,President's ChoiceGluten Free Four Cheese Pizza340 g,$9.99ea,,$2.94/ 100g,False
frozen,Amys,"Gluten-Free Burrito, Cheddar Cheese","AmysGluten-Free Burrito, Cheddar Cheese156 g",$4.49ea,,$2.88/ 100g,False
frozen,Little Northern Bakehouse,Cinnamon & Raisin Bread,Little Northern BakehouseCinnamon & Raisin Bread482 g,$6.00ea,$5.00ea,$1.04/ 100g,True
frozen,Yves,Veggie Nuggets With Whole Wheat Breading Simulated Chicken Nuggets,YvesVeggie Nuggets With Whole Wheat Breading Simulated Chicken Nuggets320 g,$6.99ea,,$2.18/ 100g,False
frozen,Zabiha Halal,Chicken Breast Strips,Zabiha HalalChicken Breast Strips800 g,$13.99ea,,$1.75/ 100g,False
frozen,Burnbrae Farms,Egg Bites Pizza Mini,Burnbrae FarmsEgg Bites Pizza Mini336 g,$6.99ea,$4.99ea,$1.49/ 100g,True
frozen,PC Organics,Organic Whole Strawberries,PC OrganicsOrganic Whole Strawberries600 g,$8.99ea,,$1.50/ 100g,False
frozen,St Hubert,Frozen Back Ribs,St HubertFrozen Back Ribs680 g,$18.49ea,,$2.72/ 100g,False
frozen,So Delicious,"Dairy Free Cashew-Based Frozen Dessert, Dark Chocolate Truffle","So DeliciousDairy Free Cashew-Based Frozen Dessert, Dark Chocolate Truffle500 ml",$8.49ea,,$1.70/ 100ml,False
frozen,,Chicken Strips,Chicken Strips1.5 kg,$10.00ea,,$0.67/ 100g,False
frozen,Pillsbury,Pizza Pops 3 Cheese Flavour 8ct,PillsburyPizza Pops 3 Cheese Flavour 8ct760 g,$8.99ea,,$1.18/ 100g,False
frozen,PC Organics,Chopped Spinach,PC OrganicsChopped Spinach300 g,$5.49ea,,$1.83/ 100g,False
frozen,Villas,Beef Ravioli,VillasBeef Ravioli400 g,$4.49ea,,$1.12/ 100g,False
frozen,Dr Oetker,Ristorante Gluten Free Mozzarella Pizza,Dr OetkerRistorante Gluten Free Mozzarella Pizza370 g,$8.99ea,,$2.43/ 100g,False
frozen,No Name,"Potatoes, Sour Cream & Chives Perogies","No NamePotatoes, Sour Cream & Chives Perogies907 g",$2.79ea,,$0.31/ 100g,False
frozen,Furlani,"Texas Toast, Garlic","FurlaniTexas Toast, Garlic638 g",$4.49ea,,$0.70/ 100g,False
frozen,President's Choice,Gluten Free Bruschetta Cauliflower Flatbread,President's ChoiceGluten Free Bruschetta Cauliflower Flatbread342 g,$9.99ea,,$2.92/ 100g,False
frozen,Daiya,Cheese Cake Key Lime,DaiyaCheese Cake Key Lime400 g,$9.99ea,$8.49ea,$2.12/ 100g,True
frozen,Pillsbury,Pizza Pops Pepperoni and Bacon 8ct,PillsburyPizza Pops Pepperoni and Bacon 8ct760 g,$8.99ea,,$1.18/ 100g,False
frozen,Dynasty Meats,Lamb Skewers ,Dynasty MeatsLamb Skewers 300 g,$19.99ea,,$6.66/ 100g,False
frozen,Kelloggs,Eggo Waffles Buttermilk,KelloggsEggo Waffles Buttermilk560 g,$6.99ea,,$1.25/ 100g,False
frozen,Stouffers,Diner Classics Swedish Meatballs,StouffersDiner Classics Swedish Meatballs270 g,$6.99ea,,$2.59/ 100g,False
frozen,No Name,"Club Pack Chicken Wings, Split","No NameClub Pack Chicken Wings, Split2 kg",$26.99ea,,$1.35/ 100g,False
frozen,Honeydew,Frozen Concentrated Fruit Beverage Tropical Fruit Punch,HoneydewFrozen Concentrated Fruit Beverage Tropical Fruit Punch355 ml,$1.79ea,,$0.50/ 100ml,False
frozen,Pillsbury,Pizza Pops Pepperoni 8ct,PillsburyPizza Pops Pepperoni 8ct760 g,$8.99ea,,$1.18/ 100g,False
frozen,Sufra,Halal Breaded Chicken Burgers,SufraHalal Breaded Chicken Burgers828 g,$12.99ea,,$1.57/ 100g,False
frozen,Delissio,Stuffed Crust Pepperoni Pizza,DelissioStuffed Crust Pepperoni Pizza660 g,$9.99ea,,$1.51/ 100g,False
frozen,St Hubert,"Back Ribs, Texas Style","St HubertBack Ribs, Texas Style680 g",$18.49ea,,$2.72/ 100g,False
frozen,Breyers,"Family Classic Frozen Dessert,  Gluten-Free & Kosher Dessert","BreyersFamily Classic Frozen Dessert,  Gluten-Free & Kosher Dessert1.66 l",$6.99ea,$4.99ea,$0.30/ 100ml,True
frozen,Magnum,Ice Cream Bar Velvety Smooth Vanilla Ice Cream ,MagnumIce Cream Bar Velvety Smooth Vanilla Ice Cream 3x100.0 ml,$6.99ea,,$2.33/ 100ml,False
frozen,Chapmans,Neapolitan Ice Cream Sandwich,ChapmansNeapolitan Ice Cream Sandwich12x120.0 ml,$8.99ea,,$0.62/ 100ml,False
frozen,Halo Top,Mint Chip,Halo TopMint Chip473 ml,$5.99ea,,$1.27/ 100ml,False
frozen,President's Choice,Ready Veggie Zucchini Noodles ,President's ChoiceReady Veggie Zucchini Noodles 350 g,$5.49ea,,$1.57/ 100g,False
frozen,President's Choice,Sliced Red Beets,President's ChoiceSliced Red Beets500 g,$5.49ea,,$1.10/ 100g,False
frozen,Chapmans,No Sugar Added Vanilla,ChapmansNo Sugar Added Vanilla1 l,$5.50ea,$3.99ea,$0.40/ 100ml,True
frozen,Chapmans,"Yukon Ice Cream Vanilla, Almonds & Milk Chocolate","ChapmansYukon Ice Cream Vanilla, Almonds & Milk Chocolate5x140.0 ml",$8.99ea,,$1.28/ 100ml,False
frozen,Enlightened,Peanut Butter Chocolate Bar,EnlightenedPeanut Butter Chocolate Bar324 ml,$9.49ea,,$2.93/ 100ml,False
frozen,The Original,Original Shakesicle  Vanilla Frozen Dessert Bars,The OriginalOriginal Shakesicle  Vanilla Frozen Dessert Bars60 ml,$6.99ea,,$11.65/ 100ml,False
frozen,Michelina,Penne Pollo,MichelinaPenne Pollo255 g,$2.49ea,,$0.98/ 100g,False
frozen,President's Choice,Tortilla and Jalapeno Cheese Sticks,President's ChoiceTortilla and Jalapeno Cheese Sticks345 g,$10.99ea,,$3.19/ 100g,False
frozen,High Liner,Lightly Breaded Fish,High LinerLightly Breaded Fish300 g,$10.99ea,$8.49ea,$2.83/ 100g,True
frozen,Marie Callender's,Tender Ginger Beef & Broccoli Bowl,Marie Callender'sTender Ginger Beef & Broccoli Bowl335 g,$6.79ea,,$2.03/ 100g,False
frozen,Mccain,Deep'n Delicious Coconut Vanilla Cake,MccainDeep'n Delicious Coconut Vanilla Cake510 g,$6.99ea,$5.49ea,$1.08/ 100g,True
frozen,Michelina,Fettuccine Alfredo,MichelinaFettuccine Alfredo284 g,$2.49ea,,$0.88/ 100g,False
frozen,Binggrae,Melona Frozen Dessert Bars Mango,BinggraeMelona Frozen Dessert Bars Mango560 ml,$6.99ea,,$1.25/ 100ml,False
frozen,Michelina,Alfredo Chicken ,MichelinaAlfredo Chicken 227 g,$2.49ea,,$1.10/ 100g,False
frozen,No Name,Mixed Garden Vegetables,No NameMixed Garden Vegetables750 g,$3.50ea,$3.29ea,$0.44/ 100g,True
frozen,Ready Bake,Frozen Bread Dough White,Ready BakeFrozen Bread Dough White445 g,$7.99ea,,$1.80/ 100g,False
frozen,No Name,Original Waffles,No NameOriginal Waffles1680 g,$15.99ea,,$0.95/ 100g,False
frozen,Mccain,"Deep'n Delicious® MINIS Chocolate Brownie Cake Cups, 4-pk","MccainDeep'n Delicious® MINIS Chocolate Brownie Cake Cups, 4-pk340 g",$7.79ea,$5.49ea,$1.61/ 100g,True
frozen,Charoen Pokphand,Chicken Pho Noodles Soup,Charoen PokphandChicken Pho Noodles Soup0.25 kg,$5.49ea,,$2.20/ 100g,False
frozen,President's Choice,Bibimbap Meal Kit,President's ChoiceBibimbap Meal Kit907 g,$15.99ea,,$1.76/ 100g,False
frozen,Chapmans,Lolly Triple Treat (Blue Raspberry/Strawberry/Grape),ChapmansLolly Triple Treat (Blue Raspberry/Strawberry/Grape)1400 ml,$5.99ea,$3.99ea,$0.29/ 100ml,True
frozen,President's Choice,Mint Chocolate Ice Cream,President's ChoiceMint Chocolate Ice Cream946 ml,$4.49ea,$3.99ea,$0.42/ 100ml,True
frozen,Chapmans,Yogurt Caramel Pecan Crunch,ChapmansYogurt Caramel Pecan Crunch2 l,$5.49ea,,$0.27/ 100ml,False
frozen,President's Choice, Rocky Road Mini Ice Cream Bars,President's Choice Rocky Road Mini Ice Cream Bars330 ml,$6.49ea,,$1.97/ 100ml,False
frozen,Enlightened,Frozen Dessert Coffee Chip,EnlightenedFrozen Dessert Coffee Chip473 ml,$9.49ea,,$2.01/ 100ml,False
frozen,Beyond Meat,Plant Based Burgers,Beyond MeatPlant Based Burgers678 g,$19.99ea,,$2.95/ 100g,False
frozen,Stouffers,Spaghetti Bolognese,StouffersSpaghetti Bolognese270 g,$4.79ea,,$1.77/ 100g,False
frozen,Breyers,"Vanilla Ice Cream with Fresh Cream, Gluten-Free & Kosher Dessert","BreyersVanilla Ice Cream with Fresh Cream, Gluten-Free & Kosher Dessert1.66 l",$5.49ea,,$0.33/ 100ml,False
frozen,President's Choice,Cream First Vanilla Almond Ice Cream Bars,President's ChoiceCream First Vanilla Almond Ice Cream Bars340 ml,$6.49ea,,$1.91/ 100ml,False
frozen,President's Choice,Black Tiger Shrimp Raw Gigantico,President's ChoiceBlack Tiger Shrimp Raw Gigantico400 g,$16.99ea,,$4.25/ 100g,False
frozen,BlueWater Seafoods,Crunchy Breaded Haddock    ,BlueWater SeafoodsCrunchy Breaded Haddock    525 g,$14.99ea,$13.99ea,$2.66/ 100g,True
frozen,President's Choice,Raw Zipperback Shrimp Grilling,President's ChoiceRaw Zipperback Shrimp Grilling454 g,$18.99ea,,$4.18/ 100g,False
frozen,PC Organics,Organic Peas & Carrots,PC OrganicsOrganic Peas & Carrots500 g,$5.49ea,,$1.10/ 100g,False
frozen,Righteous,Lavender London Fog Gelato   ,RighteousLavender London Fog Gelato   562 ml,$8.99ea,,$1.60/ 100ml,False
frozen,Silver Hills,"Sprouted Organic Ancient Grains, Big Red's Bread","Silver HillsSprouted Organic Ancient Grains, Big Red's Bread510 g",$4.99ea,,$0.98/ 100g,False
frozen,Zabiha Halal,Frozen Popcorn Chicken,Zabiha HalalFrozen Popcorn Chicken800 g,$13.99ea,,$1.75/ 100g,False
frozen,Silver Hills,"Organic Sprouted Bread, Soft Wheat","Silver HillsOrganic Sprouted Bread, Soft Wheat680 g",$4.99ea,,$0.73/ 100g,False
frozen,PC Organics,Organic Zipperback Shrimp,PC OrganicsOrganic Zipperback Shrimp300 g,$14.99ea,,$5.00/ 100g,False
frozen,Lous,Quick-N-Easy Steak Chili,LousQuick-N-Easy Steak Chili400 g,$10.59ea,$9.99ea,$2.50/ 100g,True
frozen,Janes,Chicken Burgers,JanesChicken Burgers852 g,$13.99ea,,$1.64/ 100g,False
frozen,President's Choice,"Plant Based Veggie Bites - Corn, Carrot & Kale  ","President's ChoicePlant Based Veggie Bites - Corn, Carrot & Kale  400 g",$6.99ea,,$1.75/ 100g,False
frozen,ACE,Bake Your Own Brioche Cluster,ACEBake Your Own Brioche Cluster420 g,$6.49ea,,$1.55/ 100g,False
frozen,Unbun,Keto Paleo Buns,UnbunKeto Paleo Buns350 g,$10.99ea,$9.99ea,$2.85/ 100g,True
frozen,Stouffers,Chicken Parmesan With Tomatoes Bowl,StouffersChicken Parmesan With Tomatoes Bowl320 g,$6.99ea,,$2.18/ 100g,False
frozen,BlueWater Seafoods,"Fish Sticks, Haddock","BlueWater SeafoodsFish Sticks, Haddock350 g",$8.49ea,,$2.43/ 100g,False
frozen,President's Choice,"Gluten-Free Original Waffles, Club Size","President's ChoiceGluten-Free Original Waffles, Club Size960 g",$9.49ea,,$0.99/ 100g,False
frozen,Cosmic Bliss,Dairy-Free Frozen Dessert Dark Chocolate,Cosmic BlissDairy-Free Frozen Dessert Dark Chocolate473 ml,$9.99ea,,$2.11/ 100ml,False
frozen,BlueWater Seafoods,English Style Classic Cut Fillets,BlueWater SeafoodsEnglish Style Classic Cut Fillets725 g,$16.99ea,,$2.34/ 100g,False
frozen,ODoughs,"Flax Bagel Thins, Sprouted Whole Grain","ODoughsFlax Bagel Thins, Sprouted Whole Grain300 g",$5.00ea,$4.49ea,$1.50/ 100g,True
frozen,President's Choice,Seasoned Wedges Fried Potatoes,President's ChoiceSeasoned Wedges Fried Potatoes650 g,$4.29ea,,$0.66/ 100g,False
frozen,Janes,Chicken Wings Honey Garlic,JanesChicken Wings Honey Garlic660 g,$17.99ea,,$2.73/ 100g,False
frozen,Toppits,"Tempura Shrimp, Oven Ready","ToppitsTempura Shrimp, Oven Ready500 g",$12.99ea,,$2.60/ 100g,False
frozen,Michelina,Grande Meat Loaf,MichelinaGrande Meat Loaf400 g,$4.49ea,,$1.12/ 100g,False
frozen,Carbonaut,Bread White Gluten Free ,CarbonautBread White Gluten Free 550 g,$8.99ea,,$1.63/ 100g,False
frozen,Daiya,Vegetable Crust Pizza Meatless Pepperoni Flavoured with Jalapeño,DaiyaVegetable Crust Pizza Meatless Pepperoni Flavoured with Jalapeño405 g,$10.99ea,$8.49ea,$2.10/ 100g,True
frozen,Queen St. Bakery,Chia And Flax Seed  Superfood Bagels,Queen St. BakeryChia And Flax Seed  Superfood Bagels116 g,$8.49ea,,$7.32/ 100g,False
frozen,Queen St. Bakery,Gluten Free Chia Classic Bread,Queen St. BakeryGluten Free Chia Classic Bread480 g,$7.99ea,$6.99ea,$1.46/ 100g,True
frozen,President's Choice,Pei Mussels In Creamy White Wine Sauce,President's ChoicePei Mussels In Creamy White Wine Sauce907 g,$12.99ea,,$1.43/ 100g,False
frozen,Krinos,"Fillo Twisters, Feta & Ricotta Cheese","KrinosFillo Twisters, Feta & Ricotta Cheese1 kg",$9.99ea,,$1.00/ 100g,False
frozen,Lean Cuisine,Thai Peanut Chicken,Lean CuisineThai Peanut Chicken248 g,$4.79ea,,$1.93/ 100g,False
frozen,Roman,Lasagna Ricotta,RomanLasagna Ricotta908 g,$8.99ea,,$0.99/ 100g,False
frozen,Stouffers,"Crustini, Italian Five Cheese","StouffersCrustini, Italian Five Cheese255 g",$4.79ea,,$1.88/ 100g,False
frozen,Magnum,Frozen Dessert Bar Non-Dairy Almond Certified Vegan,MagnumFrozen Dessert Bar Non-Dairy Almond Certified Vegan270 ml,$6.99ea,,$2.59/ 100ml,False
frozen,Kelloggs,Eggo Waffles Mickey Mouse,KelloggsEggo Waffles Mickey Mouse280 g,$3.50ea,$2.99ea,$1.07/ 100g,True
frozen,Ben & Jerry's,Ice Cream with Fairtrade Ingredients The Tonight Dough® Non-Gmo,Ben & Jerry'sIce Cream with Fairtrade Ingredients The Tonight Dough® Non-Gmo473 ml,$6.99ea,,$1.48/ 100ml,False
frozen,Pillsbury,"Toaster Strudel, Strawberry and Cream Cheese Spread","PillsburyToaster Strudel, Strawberry and Cream Cheese Spread326 g",$3.99ea,,$1.22/ 100g,False
frozen,Stouffers,"Crustini, Turkey Bacon Club","StouffersCrustini, Turkey Bacon Club255 g",$4.79ea,,$1.88/ 100g,False
frozen,PC Black Label,Yuzu Citrus Flavoured Ice Cream,PC Black LabelYuzu Citrus Flavoured Ice Cream500 ml,$5.99ea,,$1.20/ 100ml,False
frozen,Kelloggs,French Toaster Sticks Cinnamon,KelloggsFrench Toaster Sticks Cinnamon270 g,$3.50ea,$2.99ea,$1.11/ 100g,True
frozen,Magnum,Ice Cream Bars For Chocolate Duet Made with Belgian Chocolate,MagnumIce Cream Bars For Chocolate Duet Made with Belgian Chocolate3 ea,$6.99ea,,$2.33/ 1ea,False
frozen,Ben & Jerry's,Ice Cream Chocolate Chip Cookie Dough Core Non-GMO ,Ben & Jerry'sIce Cream Chocolate Chip Cookie Dough Core Non-GMO 473 ml,$6.99ea,,$1.48/ 100ml,False
frozen,Magnum,Ice Cream Bar Belgian Chocolate,MagnumIce Cream Bar Belgian Chocolate3 ea,$6.99ea,,$2.33/ 1ea,False
frozen,Lean Cuisine,Chicken Parmigiana,Lean CuisineChicken Parmigiana268 g,$4.79ea,,$1.79/ 100g,False
frozen,President's Choice,Loads Of Raspberry Fruit Bars,President's ChoiceLoads Of Raspberry Fruit Bars480 ml,$6.99ea,,$1.46/ 100ml,False
frozen,Mccain,9 Minute Potato Patties,Mccain9 Minute Potato Patties600 g,$4.25ea,$2.99ea,$0.50/ 100g,True
frozen,Mccain,Bistro Selects Savoury Potato Wedges,MccainBistro Selects Savoury Potato Wedges650 g,$4.25ea,$2.99ea,$0.46/ 100g,True
frozen,No Name,Vanilla Ice Milk,No NameVanilla Ice Milk4 l,$7.99ea,,$0.20/ 100ml,False
frozen,Boston Market,Sweet & Sour Chicken ,Boston MarketSweet & Sour Chicken 397 g,$5.49ea,,$1.38/ 100g,False
frozen,Carbonaut,Bagels Plain,CarbonautBagels Plain335 g,$9.99ea,,$2.98/ 100g,False
frozen,Krinos,"Mini Twisters, Spinach & Feta Cheese","KrinosMini Twisters, Spinach & Feta Cheese454 g",$4.99ea,,$1.10/ 100g,False
frozen,Pattyking,"Jamaican Beef Patties, Spicy Hot","PattykingJamaican Beef Patties, Spicy Hot1.17 kg",$11.49ea,,$0.98/ 100g,False
frozen,Burnbrae Farms,Egg Bake Garden Spinach and Ricotta Quiche,Burnbrae FarmsEgg Bake Garden Spinach and Ricotta Quiche2x95.0 g,$3.99ea,$3.49ea,$1.84/ 100g,True
frozen,Mccain,Deep 'n Delicious Vanilla Cake,MccainDeep 'n Delicious Vanilla Cake510 g,$6.99ea,$5.49ea,$1.08/ 100g,True
frozen,PC Organics,Organic Four Vegetable Pizza,PC OrganicsOrganic Four Vegetable Pizza400 g,$9.99ea,,$2.50/ 100g,False
frozen,Villas,3 Cheese Ravioli,Villas3 Cheese Ravioli400 g,$4.49ea,,$1.12/ 100g,False
frozen,Pillsbury,Pizza Pops Pepperoni 4ct,PillsburyPizza Pops Pepperoni 4ct380 g,$2.99ea,,$0.79/ 100g,False
frozen,President's Choice,Cheese Sticks In Za'Atar-Herbed Batter Halloom,President's ChoiceCheese Sticks In Za'Atar-Herbed Batter Halloom300 g,$13.49ea,,$4.50/ 100g,False
frozen,Dr Oetker,Momenti Pepperoni Pizza,Dr OetkerMomenti Pepperoni Pizza170 g,$4.99ea,,$2.94/ 100g,False
frozen,PC Organics,Organic Blueberries,PC OrganicsOrganic Blueberries600 g,$8.99ea,,$1.50/ 100g,False
frozen,No Name,"Stuffed Breaded Chicken, Broccoli & Cheese (2 Pack)","No NameStuffed Breaded Chicken, Broccoli & Cheese (2 Pack)284 g",$3.99ea,,$1.40/ 100g,False
frozen,PC Organics,Perfectly Purple Blueberry Açai Smoothie Blend,PC OrganicsPerfectly Purple Blueberry Açai Smoothie Blend450 g,$7.49ea,,$1.66/ 100g,False
frozen,Nestea,Lemon Iced Tea    ,NesteaLemon Iced Tea    295 ml,$2.79ea,,$0.95/ 100ml,False
frozen,Silver Hills,Sprouted Power Bagels Cinnamon Raisin Organic 5 Bagels,Silver HillsSprouted Power Bagels Cinnamon Raisin Organic 5 Bagels400 g,$8.99ea,,$2.25/ 100g,False
frozen,Mccain,Pepperoni Pizza Pockets,MccainPepperoni Pizza Pockets600 g,$5.99ea,,$1.00/ 100g,False
frozen,Little Northern Bakehouse,Seeds & Grains Bread,Little Northern BakehouseSeeds & Grains Bread482 g,$6.00ea,$5.00ea,$1.04/ 100g,True
frozen,President's Choice,Yuzu Citrus Chicken Breast Bites,President's ChoiceYuzu Citrus Chicken Breast Bites700 g,$15.99ea,,$2.28/ 100g,False
frozen,No Name,"Chicken Wings, Club Pack","No NameChicken Wings, Club Pack1.81 kg",$25.99ea,,$1.44/ 100g,False
frozen,Sol Cuisine,Chickpea Sweet Potato Burger,Sol CuisineChickpea Sweet Potato Burger284 g,$7.49ea,,$2.64/ 100g,False
frozen,President's Choice,Ascolana Fried Olives Stuffed with Cheese,President's ChoiceAscolana Fried Olives Stuffed with Cheese450 g,$8.99ea,,$2.00/ 100g,False
frozen,Butcher's Choice,"Beef Burger, Cheddar Cheese","Butcher's ChoiceBeef Burger, Cheddar Cheese1.13 kg",$16.99ea,,$1.50/ 100g,False
frozen,President's Choice,Pei Mussels In Provencale Sauce,President's ChoicePei Mussels In Provencale Sauce907 g,$12.99ea,,$1.43/ 100g,False
frozen,St Hubert,Chicken Pot Pie,St HubertChicken Pot Pie800 g,$11.49ea,,$1.44/ 100g,False
frozen,President's Choice,Mini Vegetable Samosas,President's ChoiceMini Vegetable Samosas345 g,$6.99ea,,$2.03/ 100g,False
frozen,Honeydew,Frozen Concentrated Fruit Beverage The Grape Blueberry,HoneydewFrozen Concentrated Fruit Beverage The Grape Blueberry355 ml,$1.79ea,,$0.50/ 100ml,False
frozen,PRAN,Frozen Samosa,PRANFrozen Samosa400 g,$3.99ea,,$1.00/ 100g,False
frozen,Amys,Pad Thai,AmysPad Thai269 g,$4.49ea,,$1.67/ 100g,False
frozen,No Name,"Honey Garlic Chicken Wings, Club Pack","No NameHoney Garlic Chicken Wings, Club Pack1.81 kg",$25.99ea,,$1.44/ 100g,False
frozen,CAVENDISH FARMS,Restaurant Style Crispy Sweet Onion Rings,CAVENDISH FARMSRestaurant Style Crispy Sweet Onion Rings1 kg,$10.49ea,,$1.05/ 100g,False
frozen,Burnbrae Farms,Egg Bakes! Crustless Quiche 4 Cheese & Ham,Burnbrae FarmsEgg Bakes! Crustless Quiche 4 Cheese & Ham2 ea,$3.99ea,$3.49ea,$1.75/ 1ea,True
frozen,PC Organics,Organic Pitted Dark Sweet Cherries,PC OrganicsOrganic Pitted Dark Sweet Cherries600 g,$8.99ea,,$1.50/ 100g,False
frozen,Amys,"Gluten-Free Burrito, Beans & Rice","AmysGluten-Free Burrito, Beans & Rice156 g",$4.49ea,,$2.88/ 100g,False
frozen,President's Choice,Mini Chicken Empanadas,President's ChoiceMini Chicken Empanadas480 g,$10.99ea,,$2.29/ 100g,False
frozen,Sol Cuisine,Cuisine Burger Spicy Bean,Sol CuisineCuisine Burger Spicy Bean364 g,$7.49ea,,$2.64/ 100g,False
frozen,President's Choice,Free From Turkey Pot Pie Frozen,President's ChoiceFree From Turkey Pot Pie Frozen800 g,$13.99ea,,$1.75/ 100g,False
frozen,No Name,California Blend Veggies,No NameCalifornia Blend Veggies2 kg,$7.99ea,,$0.40/ 100g,False
frozen,Dr Oetker,Giuseppe Pizzeria Panini Supremo ,Dr OetkerGiuseppe Pizzeria Panini Supremo 250 g,$4.29ea,,$1.72/ 100g,False
frozen,President's Choice,Pad Thai Spring Rolls ,President's ChoicePad Thai Spring Rolls 574 g,$9.99ea,,$1.74/ 100g,False
frozen,Beyond Meat,Beyond Burger Plant-Based,Beyond MeatBeyond Burger Plant-Based226 g,$7.99ea,,$3.54/ 100g,False
frozen,President's Choice,Beef Carnitas Meal Kit,President's ChoiceBeef Carnitas Meal Kit907 g,$15.99ea,,$1.76/ 100g,False
frozen,Zabiha Halal,Buffalo Wings Spicy,Zabiha HalalBuffalo Wings Spicy908 g,$19.49ea,,$2.15/ 100g,False
frozen,Minute Maid,"Home Squeezed Style Frozen Concentate Orange Juice, Can","Minute MaidHome Squeezed Style Frozen Concentate Orange Juice, Can295 ml",$2.79ea,,$0.95/ 100ml,False
frozen,President's Choice,Riced Ready Veggie California Blend,President's ChoiceRiced Ready Veggie California Blend500 g,$5.49ea,,$1.10/ 100g,False
frozen,,Chicken Parmesan ,Chicken Parmesan 994 g,$10.00ea,,$1.01/ 100g,False
frozen,President's Choice,Chicken Spring Rolls ,President's ChoiceChicken Spring Rolls 574 g,$10.99ea,,$1.91/ 100g,False
frozen,President's Choice,Melt In The Middle Sustainably Sourced Cod Fish Cakes,President's ChoiceMelt In The Middle Sustainably Sourced Cod Fish Cakes290 g,$9.99ea,,$3.44/ 100g,False
frozen,Wong Wing,Won Ton Soup,Wong WingWon Ton Soup426 ml,$4.79ea,,$1.12/ 100ml,False
frozen,No Name,Diced Hash Browns,No NameDiced Hash Browns1 kg,$4.49ea,,$0.45/ 100g,False
frozen,PC Blue Menu,Meat Lasagna,PC Blue MenuMeat Lasagna320 g,$4.49ea,,$1.40/ 100g,False
frozen,Lean Cuisine,"Selections, Sweet & Sour Chicken","Lean CuisineSelections, Sweet & Sour Chicken238 g",$4.79ea,,$2.01/ 100g,False
frozen,Green Giant,Riced Cauliflower & Broccoli Florets With Cheese Sauce,Green GiantRiced Cauliflower & Broccoli Florets With Cheese Sauce198 g,$2.79ea,,$1.41/ 100g,False
frozen,Caulipower,Pizza Margherita,CaulipowerPizza Margherita330 g,$10.99ea,,$3.33/ 100g,False
frozen,Carbonaut,Bread Seeded Gluten Free,CarbonautBread Seeded Gluten Free550 g,$8.99ea,,$1.63/ 100g,False
frozen,Green Giant,Cheddar & Bacon Mashed Cauliflower,Green GiantCheddar & Bacon Mashed Cauliflower567 g,$6.69ea,,$1.18/ 100g,False
frozen,BlueWater Seafoods,Potato Crunch Fillets,BlueWater SeafoodsPotato Crunch Fillets516 g,$8.49ea,,$1.65/ 100g,False
frozen,PC Blue Menu,Reduced Fat Shepherd's Pies,PC Blue MenuReduced Fat Shepherd's Pies900 g,$13.99ea,,$1.55/ 100g,False
frozen,Marie Callender's,Chicken Pot Pie Family Sized,Marie Callender'sChicken Pot Pie Family Sized1.275 kg,$17.99ea,,$1.41/ 100g,False
frozen,Nature's Path,Waffles Chia Plus Organic,Nature's PathWaffles Chia Plus Organic210 g,$5.49ea,$4.49ea,$2.14/ 100g,True
frozen,BlueWater Seafoods,English Style Haddock,BlueWater SeafoodsEnglish Style Haddock525 g,$14.99ea,$13.99ea,$2.66/ 100g,True
frozen,PC Organics,Club Size Small Sweet Peas,PC OrganicsClub Size Small Sweet Peas1.5 kg,$10.99ea,$9.49ea,$0.63/ 100g,True
frozen,Caulipower,Pizza Crust Cauliflower,CaulipowerPizza Crust Cauliflower340 g,$10.99ea,,$3.23/ 100g,False
frozen,Minute Maid,Margarita Mixers,Minute MaidMargarita Mixers250 ml,$2.79ea,,$1.12/ 100ml,False
frozen,PC Organics,Organic Whole Green Beans,PC OrganicsOrganic Whole Green Beans500 g,$5.49ea,,$1.10/ 100g,False
frozen,Dream Pops,Cookie Dough Bites,Dream PopsCookie Dough Bites118 ml,$8.99ea,,$7.62/ 100ml,False
frozen,Green Giant,Cauliflower Medley Riced Veggies,Green GiantCauliflower Medley Riced Veggies340 g,$5.49ea,,$1.61/ 100g,False
frozen,44th Street,Turkey Breast Roast,44th StreetTurkey Breast Roast550 g,$15.49ea,,$2.82/ 100g,False
frozen,ODoughs,Bagels Thins Everything,ODoughsBagels Thins Everything300 g,$5.00ea,$4.49ea,$1.50/ 100g,True
frozen,Mama Yolanda's,Layered Traditional Bolognese Lasagna Micro Mini,Mama Yolanda'sLayered Traditional Bolognese Lasagna Micro Mini680 g,$7.99ea,,$1.18/ 100g,False
frozen,Healthy Choice,Sweet N Sour Chicken,Healthy ChoiceSweet N Sour Chicken283 g,$5.79ea,,$2.05/ 100g,False
frozen,President's Choice,"Too Good To Be Wings Boneless Chicken Breast Chunks, Butter Buffalo","President's ChoiceToo Good To Be Wings Boneless Chicken Breast Chunks, Butter Buffalo800 g",$16.99ea,,$2.12/ 100g,False
frozen,President's Choice,Gluten Free Breaded Shrimp,President's ChoiceGluten Free Breaded Shrimp340 g,$11.99ea,,$3.53/ 100g,False
frozen,President's Choice,Honey Garlic Chicken Wings,President's ChoiceHoney Garlic Chicken Wings700 g,$17.99ea,,$2.57/ 100g,False
frozen,Kinnikinnick,Gluten-Free Cinnamon Sugar Donuts,KinnikinnickGluten-Free Cinnamon Sugar Donuts270 g,$6.99ea,,$2.59/ 100g,False
frozen,BlueWater Seafoods,Crunchy Breaded Cod    ,BlueWater SeafoodsCrunchy Breaded Cod    525 g,$14.99ea,$13.99ea,$2.66/ 100g,True
frozen,Mccain,Bistro Selects Super Crisps Straight Cut French Fries,MccainBistro Selects Super Crisps Straight Cut French Fries650 g,$4.25ea,$2.99ea,$0.46/ 100g,True
frozen,PC Organics,Organics Special Blend Of Vegetables Vegetable Medley,PC OrganicsOrganics Special Blend Of Vegetables Vegetable Medley500 g,$5.49ea,,$1.10/ 100g,False
frozen,ODoughs,Multigrain Sandwich Thins,ODoughsMultigrain Sandwich Thins510 g,$5.49ea,,$1.08/ 100g,False
frozen,BlueWater Seafoods,Lemon Pepper Parmesan Cod   ,BlueWater SeafoodsLemon Pepper Parmesan Cod   480 g,$14.99ea,$13.99ea,$2.91/ 100g,True
frozen,St Hubert,Chicken Pot Pie,St HubertChicken Pot Pie470 g,$9.99ea,,$2.13/ 100g,False
frozen,Unbun,Keto Vegan Pizza Crust,UnbunKeto Vegan Pizza Crust200 g,$12.99ea,$11.99ea,$6.00/ 100g,True
frozen,President's Choice,Pacific White Shrimp Cooked Peeled Responsibly Farmed Jumbo ,President's ChoicePacific White Shrimp Cooked Peeled Responsibly Farmed Jumbo 400 g,$18.99ea,,$4.75/ 100g,False
frozen,BlueWater Seafoods,"Breaded Fish Sticks, Value Pack 20","BlueWater SeafoodsBreaded Fish Sticks, Value Pack 20500 g",$8.49ea,,$1.70/ 100g,False
frozen,Queen St. Bakery,Cinnamon Raisin Superfood Bagels,Queen St. BakeryCinnamon Raisin Superfood Bagels116 g,$8.49ea,,$7.32/ 100g,False
frozen,Queen St. Bakery,Cinnamon Raisin Superfood Bagels,Queen St. BakeryCinnamon Raisin Superfood Bagels116 g,$8.49ea,,$7.32/ 100g,False
frozen,Unbun,Plain Unbagels,UnbunPlain Unbagels350 g,$12.99ea,$10.99ea,$3.14/ 100g,True
frozen,General Assembly Pizza,Pizza Sweet Heat,General Assembly PizzaPizza Sweet Heat359 g,$10.99ea,,$3.06/ 100g,False
frozen,President's Choice,Atlantic Salmon Strips Hot Smoked Spicy & Candied ,President's ChoiceAtlantic Salmon Strips Hot Smoked Spicy & Candied 150 g,$10.99ea,,$7.33/ 100g,False
frozen,Mccain,Superfries Crinkle Cut Fries,MccainSuperfries Crinkle Cut Fries1.5 kg,$7.99ea,,$0.53/ 100g,False
frozen,PC Blue Menu,"Skinless, Boneless Seasoned Chicken Breasts Fillets Removed","PC Blue MenuSkinless, Boneless Seasoned Chicken Breasts Fillets Removed680 g",$20.99ea,,$3.09/ 100g,False
frozen,President's Choice,Cheese Hors D’Oeuvre Collection,President's ChoiceCheese Hors D’Oeuvre Collection720 g,$15.49ea,,$2.15/ 100g,False
frozen,Pillsbury,Pizza Pops 3 Meat 8ct,PillsburyPizza Pops 3 Meat 8ct760 g,$8.99ea,,$1.18/ 100g,False
frozen,No Name,"Potato and Cheddar Perogies, Club Size","No NamePotato and Cheddar Perogies, Club Size2 kg",$5.99ea,,$0.30/ 100g,False
frozen,President's Choice,Chicken Kiev 4 Pieces,President's ChoiceChicken Kiev 4 Pieces560 g,$17.49ea,,$3.12/ 100g,False
frozen,Tenderflake,"3"" Tart Shells","Tenderflake3"" Tart Shells255 g",$5.29ea,,$2.07/ 100g,False
frozen,Stouffers,"Fit Bowls, Teriyaki Chicken Bowl","StouffersFit Bowls, Teriyaki Chicken Bowl340 g",$6.99ea,,$2.06/ 100g,False
frozen,President's Choice,"Chicken Nuggets, Club Pack","President's ChoiceChicken Nuggets, Club Pack1.4 kg",$12.99ea,,$0.93/ 100g,False
frozen,Sol Cuisine,Cuisine Burger Meatless,Sol CuisineCuisine Burger Meatless284 g,$7.49ea,,$2.64/ 100g,False
frozen,Unbun,Vegan Keto Gluten Free,UnbunVegan Keto Gluten Free350 g,$10.99ea,$9.99ea,$2.85/ 100g,True
frozen,Seaquest,Shrimp Ring,SeaquestShrimp Ring454 g,$16.99ea,,$3.74/ 100g,False
frozen,So Delicious,"Dairy Free Cashew-Based Frozen Dessert, Simply Vanilla","So DeliciousDairy Free Cashew-Based Frozen Dessert, Simply Vanilla479 ml",$8.49ea,,$1.70/ 100ml,False
frozen,PC Organics,Organic Brussels Sprouts,PC OrganicsOrganic Brussels Sprouts500 g,$5.49ea,,$1.10/ 100g,False
frozen,Carbonaut,Bread U.F. Oat,CarbonautBread U.F. Oat544 g,$8.99ea,$7.99ea,$1.47/ 100g,True
frozen,Sweets From The Earth,Gluten Free Chocolate Cake,Sweets From The EarthGluten Free Chocolate Cake700 g,$18.99ea,,$2.71/ 100g,False
frozen,PC Blue Menu,Sweet Potato Cauliflower-Topped Shepherd'S Pie,PC Blue MenuSweet Potato Cauliflower-Topped Shepherd'S Pie900 g,$13.99ea,,$1.55/ 100g,False
frozen,President's Choice,Wild Atlantic Cod Fillets ,President's ChoiceWild Atlantic Cod Fillets 280 g,$9.99ea,,$3.57/ 100g,False
frozen,Kelloggs,Thick & Fluffy Waffles Strawberry Delight,KelloggsThick & Fluffy Waffles Strawberry Delight330 g,$4.29ea,,$1.30/ 100g,False
frozen,President's Choice,Breaded Cod Bites With Sauce,President's ChoiceBreaded Cod Bites With Sauce454 g,$13.99ea,,$3.08/ 100g,False
frozen,Schneider,"Potato, Cheddar, and Bacon Mini Quiches","SchneiderPotato, Cheddar, and Bacon Mini Quiches330 g",$8.49ea,,$2.57/ 100g,False
frozen,Janes,Pub Style Wings Bold Bbq,JanesPub Style Wings Bold Bbq660 g,$17.99ea,,$2.73/ 100g,False
frozen,Sweets From The Earth,Sugar Free Keto Brownies,Sweets From The EarthSugar Free Keto Brownies132 g,$12.99ea,,$9.84/ 100g,False
frozen,Dream Pops,Berry Dream Bites,Dream PopsBerry Dream Bites118 ml,$8.99ea,,$7.62/ 100ml,False
frozen,President's Choice,Everything Seasoned Breaded Chicken Breast Fillets,President's ChoiceEverything Seasoned Breaded Chicken Breast Fillets750 g,$15.99ea,,$2.13/ 100g,False
frozen,Holy Napoli,Funghi Pizza,Holy NapoliFunghi Pizza385 g,$9.99ea,,$2.59/ 100g,False
frozen,Carbonaut,Bread  White ,CarbonautBread  White 544 g,$8.99ea,$7.99ea,$1.47/ 100g,True
frozen,Swanson Meat Pies,"Meat Pies, Turkey Pie","Swanson Meat PiesMeat Pies, Turkey Pie200 g",$2.69ea,,$1.35/ 100g,False
frozen,Sol Cuisine,Hot and Spicy Chicken Wings,Sol CuisineHot and Spicy Chicken Wings255 g,$7.49ea,,$2.94/ 100g,False
frozen,,Chicken Swiss,Chicken Swiss994 g,$10.00ea,,$1.01/ 100g,False
frozen,Honeydew,Frozen Concentrated Fruit Beverage Cherry Berry,HoneydewFrozen Concentrated Fruit Beverage Cherry Berry355 ml,$1.79ea,,$0.50/ 100ml,False
frozen,Kawartha,"Ice Cream, Strawberry","KawarthaIce Cream, Strawberry1.5 l",$8.99ea,,$0.60/ 100ml,False
frozen,President's Choice,Vanilla Frozen Yogurt,President's ChoiceVanilla Frozen Yogurt2 l,$5.49ea,,$0.27/ 100ml,False
frozen,President's Choice,Loads Of Chocolatey Peanut Butter Treats Light Ice Cream,President's ChoiceLoads Of Chocolatey Peanut Butter Treats Light Ice Cream1.5 l,$7.49ea,$5.49ea,$0.37/ 100ml,True
frozen,Minute Maid,"Grape Punch Frozen Concentrate Juice Beverage, Can","Minute MaidGrape Punch Frozen Concentrate Juice Beverage, Can295 ml",$2.29ea,,$0.78/ 100ml,False
frozen,President's Choice,Sliced Peaches,President's ChoiceSliced Peaches600 g,$5.99ea,,$1.00/ 100g,False
frozen,Chapmans,Yogurt Cappuccino,ChapmansYogurt Cappuccino2 l,$5.49ea,,$0.27/ 100ml,False
frozen,Sufra,Halal Stuffed Chicken Mozzarella,SufraHalal Stuffed Chicken Mozzarella568 g,$12.99ea,,$2.29/ 100g,False
frozen,President's Choice,Fruit Blend,President's ChoiceFruit Blend2 kg,$15.99ea,,$0.80/ 100g,False
frozen,Swanson,Rib Style Boneless Pork,SwansonRib Style Boneless Pork298 g,$4.79ea,,$1.61/ 100g,False
frozen,Dr Oetker,Casa di Mama Classic Canadian Pizza,Dr OetkerCasa di Mama Classic Canadian Pizza410 g,$5.49ea,,$1.34/ 100g,False
frozen,President's Choice,"Plant Based Undeniable Burger, Fresh","President's ChoicePlant Based Undeniable Burger, Fresh226 g",$8.99ea,,$3.98/ 100g,False
frozen,BlueWater Seafoods,Butterfly Shrimp     ,BlueWater SeafoodsButterfly Shrimp     261 g,$8.49ea,,$3.25/ 100g,False
frozen,Nestle,Drumstick Vanilla Caramel,NestleDrumstick Vanilla Caramel4x140.0 ml,$7.99ea,,$1.43/ 100ml,False
frozen,President's Choice,Profiteroles,President's ChoiceProfiteroles625 g,$14.99ea,,$2.40/ 100g,False
frozen,No Name,Winter Vegetables,No NameWinter Vegetables750 g,$3.50ea,$3.29ea,$0.44/ 100g,True
frozen,Stouffers,"Bistro Flatbreads, Chicken Fajita","StouffersBistro Flatbreads, Chicken Fajita187 g",$6.99ea,,$3.74/ 100g,False
frozen,Mccain,Meat Lovers Pizza Pockets,MccainMeat Lovers Pizza Pockets300 g,$4.99ea,,$1.66/ 100g,False
frozen,PC Organics,Organic Whole Kernel Corn,PC OrganicsOrganic Whole Kernel Corn500 g,$5.49ea,,$1.10/ 100g,False
frozen,Pillsbury,Pizza Pops Pepperoni and Bacon 4ct,PillsburyPizza Pops Pepperoni and Bacon 4ct380 g,$2.99ea,,$0.79/ 100g,False
frozen,No Name,Chocolate Chips Waffles,No NameChocolate Chips Waffles280 g,$2.99ea,,$1.07/ 100g,False
frozen,Sufra,Halal Stuffed Chicken Mozzarella,SufraHalal Stuffed Chicken Mozzarella568 g,$12.99ea,,$2.29/ 100g,False
frozen,President's Choice,Fruit Blend,President's ChoiceFruit Blend2 kg,$15.99ea,,$0.80/ 100g,False
frozen,Swanson,Rib Style Boneless Pork,SwansonRib Style Boneless Pork298 g,$4.79ea,,$1.61/ 100g,False
frozen,Dr Oetker,Casa di Mama Classic Canadian Pizza,Dr OetkerCasa di Mama Classic Canadian Pizza410 g,$5.49ea,,$1.34/ 100g,False
frozen,President's Choice,"Plant Based Undeniable Burger, Fresh","President's ChoicePlant Based Undeniable Burger, Fresh226 g",$8.99ea,,$3.98/ 100g,False
frozen,President's Choice,Chicken Lasagna,President's ChoiceChicken Lasagna1.13 kg,$12.49ea,,$1.11/ 100g,False
frozen,Daiya,"Flatbread Mushroom, Caramelized Onion & Fig","DaiyaFlatbread Mushroom, Caramelized Onion & Fig354 g",$10.99ea,,$3.10/ 100g,False
frozen,No Name,Pepperoni Pizzas,No NamePepperoni Pizzas1660 g,$16.99ea,,$1.02/ 100g,False
frozen,Swanson Meat Pies,"Meat Pies, Turkey Pie","Swanson Meat PiesMeat Pies, Turkey Pie200 g",$2.69ea,,$1.35/ 100g,False
frozen,Sol Cuisine,Hot and Spicy Chicken Wings,Sol CuisineHot and Spicy Chicken Wings255 g,$7.49ea,,$2.94/ 100g,False
frozen,,Chicken Swiss,Chicken Swiss994 g,$10.00ea,,$1.01/ 100g,False
frozen,Honeydew,Frozen Concentrated Fruit Beverage Cherry Berry,HoneydewFrozen Concentrated Fruit Beverage Cherry Berry355 ml,$1.79ea,,$0.50/ 100ml,False
frozen,Krinos,"Fillo Twisters, Spinach & Feta Cheese","KrinosFillo Twisters, Spinach & Feta Cheese840 g",$9.99ea,,$1.19/ 100g,False
frozen,Mccain,"5 Minute Potato, Egg and Bacon Breakfast Bowl","Mccain5 Minute Potato, Egg and Bacon Breakfast Bowl200 g",$5.99ea,,$3.00/ 100g,False
frozen,Tim Hortons,Birthday Cake Timbits Ice Cream,Tim HortonsBirthday Cake Timbits Ice Cream500 ml,$6.99ea,,$1.40/ 100ml,False
frozen,Lean Cuisine,Cheese Ravioli,Lean CuisineCheese Ravioli222 g,$4.79ea,,$2.16/ 100g,False
frozen,Lean Cuisine,Grilled Chicken Carbonara with Crumbled Bacon,Lean CuisineGrilled Chicken Carbonara with Crumbled Bacon244 g,$4.79ea,,$1.96/ 100g,False
frozen,President's Choice,Smoked Atlantic Salmon,President's ChoiceSmoked Atlantic Salmon150 g,$11.99ea,$10.99ea,$7.33/ 100g,True
frozen,Roman,Shepherd's Pie,RomanShepherd's Pie908 g,$8.99ea,,$0.99/ 100g,False
frozen,Righteous,Dairy-Free Strawberry Rhubarb Sorbet,RighteousDairy-Free Strawberry Rhubarb Sorbet562 ml,$8.99ea,,$1.60/ 100ml,False
frozen,Dream Pops,Birthday Cake Bites,Dream PopsBirthday Cake Bites118 ml,$8.99ea,,$7.62/ 100ml,False
frozen,Mama Yolanda's,Traditional Bolognese Lasagna,Mama Yolanda'sTraditional Bolognese Lasagna2.72 kg,$29.99ea,,$1.10/ 100g,False
frozen,Mina,Supreme Crunch Halal Spicy Chicken Drumsticks,MinaSupreme Crunch Halal Spicy Chicken Drumsticks720 g,$14.99ea,,$2.08/ 100g,False
frozen,Amys,Broccoli Cheddar Bake Bowl,AmysBroccoli Cheddar Bake Bowl269 g,$4.49ea,,$1.67/ 100g,False
frozen,Righteous,Dairy Free Chocolate Peanut Butter Plant Based Gelato,RighteousDairy Free Chocolate Peanut Butter Plant Based Gelato562 ml,$8.99ea,,$1.60/ 100ml,False
frozen,,Fresh Whole Whiting,Fresh Whole Whiting,$12.00(est.)ea,,$13.21/ 1kg,False
frozen,Roman,Lasagna with Meat Sauce and a Blend of 4 Cheese,RomanLasagna with Meat Sauce and a Blend of 4 Cheese2.27 kg,$14.99ea,,$0.66/ 100g,False
frozen,Felix & Norton,Frozen Choco Cookie Dough,Felix & NortonFrozen Choco Cookie Dough500 g,$8.99ea,,$1.80/ 100g,False
frozen,ODoughs,"Multigrain Flatbread, Plain","ODoughsMultigrain Flatbread, Plain405 g",$5.49ea,,$1.36/ 100g,False
frozen,Dr. Praeger's,Gluten Free Veg Burger California,Dr. Praeger'sGluten Free Veg Burger California283 g,$9.49ea,,$3.35/ 100g,False
frozen,Janes,"Pub Style Chicken Fries, Fully Cooked","JanesPub Style Chicken Fries, Fully Cooked700 g",$13.99ea,,$2.00/ 100g,False
frozen,,Pork Schnitzel Cutlettes,Pork Schnitzel Cutlettes900 g,$10.00ea,,$1.11/ 100g,False
frozen,Janes,Chicken Wings Buffalo,JanesChicken Wings Buffalo660 g,$17.99ea,,$2.73/ 100g,False
frozen,Janes,Little Wins Chicken & Vegetable Chicken Nuggets,JanesLittle Wins Chicken & Vegetable Chicken Nuggets600 g,$15.99ea,,$2.67/ 100g,False
frozen,Carbonaut,Gluten Free Bagels Seeded Herb & Garlic,CarbonautGluten Free Bagels Seeded Herb & Garlic335 g,$9.99ea,$8.99ea,$2.68/ 100g,True
frozen,The Keg,BBQ Pork Back Ribs,The KegBBQ Pork Back Ribs700 g,$18.99ea,,$2.71/ 100g,False
frozen,BlueWater Seafoods,English Style Fish In Batter,BlueWater SeafoodsEnglish Style Fish In Batter500 g,$8.49ea,,$1.70/ 100g,False
frozen,Mrakovic,Burger Natural Halal Beef,MrakovicBurger Natural Halal Beef678 g,$13.99ea,,$2.06/ 100g,False
frozen,General Assembly Pizza,Pizza Plushroom,General Assembly PizzaPizza Plushroom345 g,$10.99ea,,$3.19/ 100g,False
frozen,Wholly Veggie,Cheddar Jalapeño Medium Sticks,Wholly VeggieCheddar Jalapeño Medium Sticks283 g,$7.49ea,$6.99ea,$2.47/ 100g,True
frozen,Silver Hills,Squirrelly Bread,Silver HillsSquirrelly Bread600 g,$7.99ea,,$1.33/ 100g,False
frozen,Chef Bombay,Beef Vindaloo,Chef BombayBeef Vindaloo350 g,$6.99ea,,$2.00/ 100g,False
frozen,President's Choice,Wild Atlantic Cold Water Shrimp Cooked Peeled ,President's ChoiceWild Atlantic Cold Water Shrimp Cooked Peeled 340 g,$13.99ea,,$4.11/ 100g,False
frozen,President's Choice,Everything Seasoned Smoked Steelhead Salmon,President's ChoiceEverything Seasoned Smoked Steelhead Salmon150 g,$11.99ea,$10.99ea,$7.33/ 100g,True
frozen,BlueWater Seafoods,Breaded Tail Off Shrimp Popcorn,BlueWater SeafoodsBreaded Tail Off Shrimp Popcorn325 g,$8.49ea,,$2.61/ 100g,False
frozen,Tre Stelle,Cheezmade Simulated Chicken Patty Chicken-Less Burger,Tre StelleCheezmade Simulated Chicken Patty Chicken-Less Burger400 g,$13.99ea,,$3.50/ 100g,False
frozen,ODoughs,Bagel Thins Pumpernickel,ODoughsBagel Thins Pumpernickel300 g,$5.00ea,$4.49ea,$1.50/ 100g,True
frozen,President's Choice,Chicken Pad Thai Meal Kit,President's ChoiceChicken Pad Thai Meal Kit907 g,$15.99ea,,$1.76/ 100g,False
frozen,Swiss Chalet,Chicken Pot Pie 2 x 235 g,Swiss ChaletChicken Pot Pie 2 x 235 g470 g,$9.99ea,,$2.13/ 100g,False
frozen,Cosmic Bliss,Dairy-Free Frozen Dessert Legendary Cookie Dough,Cosmic BlissDairy-Free Frozen Dessert Legendary Cookie Dough473 ml,$9.99ea,,$2.11/ 100ml,False
frozen,Unbun,Unbread Loaf,UnbunUnbread Loaf520 g,$12.99ea,$10.99ea,$2.11/ 100g,True
frozen,President's Choice,Turkey Wings,President's ChoiceTurkey Wings907 g,$17.99ea,,$1.98/ 100g,False
frozen,ODoughs,Thins Sesame Bagels,ODoughsThins Sesame Bagels300 g,$5.00ea,$4.49ea,$1.50/ 100g,True
frozen,Gardein,Spicy Sage,GardeinSpicy Sage190 g,$8.49ea,,$4.47/ 100g,False
frozen,CAVENDISH FARMS,Restaurant Style Garlic & Rosemary Potato Wedges,CAVENDISH FARMSRestaurant Style Garlic & Rosemary Potato Wedges1.8 kg,$10.49ea,,$0.58/ 100g,False
frozen,Swanson Meat Pies,"Meat Pies, Beef Pie","Swanson Meat PiesMeat Pies, Beef Pie200 g",$2.69ea,,$1.35/ 100g,False
frozen,Stouffers,"Fit Bowls, Prime Rib Steak Fajita Bowl","StouffersFit Bowls, Prime Rib Steak Fajita Bowl340 g",$6.99ea,,$2.06/ 100g,False
frozen,No Name,Blueberry Waffles,No NameBlueberry Waffles280 g,$2.99ea,,$1.07/ 100g,False
frozen,Zabiha Halal,Beef Burger,Zabiha HalalBeef Burger907 g,$19.99ea,,$2.20/ 100g,False
frozen,Janes,"Popcorn Chicken, Fully Cooked","JanesPopcorn Chicken, Fully Cooked700 g",$13.99ea,,$2.00/ 100g,False
frozen,President's Choice,Mini Key Lime Pies,President's ChoiceMini Key Lime Pies243.8 g,$4.99ea,,$2.05/ 100g,False
frozen,President's Choice,Mini Mousses Desserts,President's ChoiceMini Mousses Desserts210 g,$9.99ea,,$4.76/ 100g,False
frozen,Kelloggs,Eggo Waffles Blueberry Flavour,KelloggsEggo Waffles Blueberry Flavour560 g,$6.99ea,,$1.25/ 100g,False
frozen,President's Choice,Gochujang Sweet & Spicy Chicken Bites,President's ChoiceGochujang Sweet & Spicy Chicken Bites700 g,$15.99ea,,$2.28/ 100g,False
frozen,No Name,Potato & Cheddar Flavour Perogies ,No NamePotato & Cheddar Flavour Perogies 907 g,$2.79ea,,$0.31/ 100g,False
frozen,Dr Oetker,Ristorante  Pizza Margherita Pomodori,Dr OetkerRistorante  Pizza Margherita Pomodori340 g,$8.99ea,,$2.64/ 100g,False
frozen,Yves,Veggie Breaded Chick'N Burgers Simulated Chicken Burgers,YvesVeggie Breaded Chick'N Burgers Simulated Chicken Burgers352 g,$6.99ea,,$1.99/ 100g,False
frozen,PC Organics,Mocha Berry Cherry Delight Smoothie Blend,PC OrganicsMocha Berry Cherry Delight Smoothie Blend450 g,$7.49ea,,$1.66/ 100g,False
frozen,Hungry-Man,XL Country Fried Chicken Croquettes Bowl,Hungry-ManXL Country Fried Chicken Croquettes Bowl397 g,$6.79ea,,$1.71/ 100g,False
frozen,Minute Maid,"Pulp Free Frozen Concentate Orange Juice, Can","Minute MaidPulp Free Frozen Concentate Orange Juice, Can295 ml",$2.79ea,,$0.95/ 100ml,False
frozen,So Delicious,"Dairy Free Oat-Based Frozen Dessert, Oatmeal Cookie","So DeliciousDairy Free Oat-Based Frozen Dessert, Oatmeal Cookie500 ml",$7.49ea,,$1.50/ 100ml,False
frozen,Villas,Beef Tortellini,VillasBeef Tortellini400 g,$4.49ea,,$1.12/ 100g,False
frozen,Pogo,Regular,PogoRegular300 g,$5.99ea,,$2.00/ 100g,False
frozen,No Name,Beef Burger 4 Oz,No NameBeef Burger 4 Oz1.36 kg,$13.99ea,,$1.03/ 100g,False
frozen,UDI's,English Muffins Original,UDI'sEnglish Muffins Original340 g,$7.99ea,,$2.35/ 100g,False
frozen,President's Choice,Free From Australian Lamb Shanks,President's ChoiceFree From Australian Lamb Shanks,$25.04(est.)ea,,$22.02/ 1kg,False
frozen,Five Alive,Citrus Juice,Five AliveCitrus Juice295 ml,$2.79ea,,$0.95/ 100ml,False
frozen,Nature's Path,Cinnamon Organic Waffles,Nature's PathCinnamon Organic Waffles240 g,$6.49ea,$5.49ea,$2.29/ 100g,True
frozen,PC Organics,Organics Special Blend Of Vegetables Vegetable Medley Club Size,PC OrganicsOrganics Special Blend Of Vegetables Vegetable Medley Club Size1.5 kg,$10.99ea,$9.49ea,$0.63/ 100g,True
frozen,Pillsbury,Pizza Pops Pepperoni & Bacon 30ct,PillsburyPizza Pops Pepperoni & Bacon 30ct2.85 kg,$25.99ea,,$0.91/ 100g,False
frozen,,Salisbury Meat Pie,Salisbury Meat Pie650 g,$10.99ea,,$1.69/ 100g,False
frozen,President's Choice,Mini Ham and Cheese Cubano Bites,President's ChoiceMini Ham and Cheese Cubano Bites360 g,$9.99ea,,$2.78/ 100g,False
frozen,Stouffers,"Crustini, Chicken Alfredo","StouffersCrustini, Chicken Alfredo255 g",$4.79ea,,$1.88/ 100g,False
frozen,Pillsbury,Pizza Bites Cheese,PillsburyPizza Bites Cheese693 g,$8.99ea,,$1.30/ 100g,False
frozen,Minute Maid,"Frozen Concentrate Orange Juice, Can","Minute MaidFrozen Concentrate Orange Juice, Can295 ml",$2.79ea,,$0.95/ 100ml,False
frozen,PC Blue Menu,Shepherd's Pie,PC Blue MenuShepherd's Pie900 g,$13.99ea,,$1.55/ 100g,False
frozen,PC Organics,Frozen Fruit Pops Blood Orange & Lemon,PC OrganicsFrozen Fruit Pops Blood Orange & Lemon70 g,$5.49ea,,$7.84/ 100g,False
frozen,Minute Maid,"Limeade Frozen Concentrate, Can","Minute MaidLimeade Frozen Concentrate, Can295 ml",$2.79ea,,$0.95/ 100ml,False
frozen,No Name,Original Waffles ,No NameOriginal Waffles 560 g,$5.79ea,,$1.03/ 100g,False
frozen,Mccain,Three Cheese Pizza Pockets,MccainThree Cheese Pizza Pockets300 g,$4.99ea,,$1.66/ 100g,False
frozen,PC Organics,Organic Margherita Pizza,PC OrganicsOrganic Margherita Pizza341 g,$9.99ea,,$2.93/ 100g,False
frozen,Cheemo,"Perogies, Variety Pack","CheemoPerogies, Variety Pack2 kg",$7.99ea,$5.99ea,$0.30/ 100g,True
frozen,Janes,"Pub Style Chicken Strips, Fully Cooked","JanesPub Style Chicken Strips, Fully Cooked700 g",$13.99ea,,$2.00/ 100g,False
frozen,Minute Maid,"Lemonade Frozen Concentrate, Can","Minute MaidLemonade Frozen Concentrate, Can295 ml",$2.79ea,,$0.95/ 100ml,False
frozen,Butcher's Choice,"Beef Burger, Club Pack","Butcher's ChoiceBeef Burger, Club Pack2.27 kg",$29.99ea,,$1.32/ 100g,False
frozen,President's Choice,Apple Crisp,President's ChoiceApple Crisp650 g,$7.99ea,,$1.23/ 100g,False
frozen,President's Choice,Free From Crisp & Crunchy Mild Southern-Style Chicken Wings,President's ChoiceFree From Crisp & Crunchy Mild Southern-Style Chicken Wings700 g,$17.99ea,,$2.57/ 100g,False
frozen,Maple Leaf,Natural BBQ Shredded Chicken,Maple LeafNatural BBQ Shredded Chicken250 g,$11.49ea,,$4.60/ 100g,False
frozen,Little Northern Bakehouse,Delicious Gluten Free Loaf White Wide Slice,Little Northern BakehouseDelicious Gluten Free Loaf White Wide Slice567 g,$8.99ea,$7.99ea,$1.41/ 100g,True
frozen,Pillsbury,Pizza Pops Deluxe 8ct,PillsburyPizza Pops Deluxe 8ct760 g,$8.99ea,,$1.18/ 100g,False
frozen,Seaquest,Shrimp Ring,SeaquestShrimp Ring227 g,$8.99ea,,$3.96/ 100g,False
frozen,Wong Wing,General Tao Chicken,Wong WingGeneral Tao Chicken400 g,$7.99ea,,$2.00/ 100g,False
frozen,New Zealand,Lamb Loin Chops,New ZealandLamb Loin Chops350 g,$12.99ea,,$37.11/ 1kg,False
frozen,Stouffers,"Fit Bowls, Prime Rib Steak Fajita Bowl","StouffersFit Bowls, Prime Rib Steak Fajita Bowl340 g",$6.99ea,,$2.06/ 100g,False
frozen,No Name,Blueberry Waffles,No NameBlueberry Waffles280 g,$2.99ea,,$1.07/ 100g,False
frozen,Zabiha Halal,Beef Burger,Zabiha HalalBeef Burger907 g,$19.99ea,,$2.20/ 100g,False
frozen,Janes,"Popcorn Chicken, Fully Cooked","JanesPopcorn Chicken, Fully Cooked700 g",$13.99ea,,$2.00/ 100g,False
frozen,President's Choice,Mini Key Lime Pies,President's ChoiceMini Key Lime Pies243.8 g,$4.99ea,,$2.05/ 100g,False
frozen,President's Choice,Mini Mousses Desserts,President's ChoiceMini Mousses Desserts210 g,$9.99ea,,$4.76/ 100g,False
frozen,Pillsbury,Pizza Bites Pepperoni,PillsburyPizza Bites Pepperoni693 g,$8.99ea,,$1.30/ 100g,False
frozen,Janes,Boneless Chicken Bites,JanesBoneless Chicken Bites710 g,$20.99ea,,$2.96/ 100g,False
frozen,Mccain,Bistro Selects Super Crisps Steak Cut Fries,MccainBistro Selects Super Crisps Steak Cut Fries650 g,$4.99ea,$2.99ea,$0.46/ 100g,True
frozen,Michelina,"Pizza Snack, Pepperoni","MichelinaPizza Snack, Pepperoni496 g",$4.99ea,,$1.01/ 100g,False
frozen,President's Choice,Apple Caramel Blossoms,President's ChoiceApple Caramel Blossoms228 g,$3.99ea,,$1.75/ 100g,False
frozen,President's Choice,Tropi-Green Pineapple Kale Smoothie Blend,President's ChoiceTropi-Green Pineapple Kale Smoothie Blend450 g,$5.99ea,,$1.33/ 100g,False
frozen,President's Choice,Plant Based Chickenless Breaded Strips,President's ChoicePlant Based Chickenless Breaded Strips350 g,$8.99ea,,$2.57/ 100g,False
frozen,President's Choice,The Decadent Double Chocolate Cream Pie,President's ChoiceThe Decadent Double Chocolate Cream Pie830 g,$11.99ea,,$1.44/ 100g,False
frozen,BlueWater Seafoods,Breaded Alaska Pollock Fillets Lemon Pepper,BlueWater SeafoodsBreaded Alaska Pollock Fillets Lemon Pepper300 g,$5.99ea,,$2.00/ 100g,False
frozen,Mccain,Superfries Crinkle Cut Fries,MccainSuperfries Crinkle Cut Fries650 g,$4.25ea,$2.99ea,$0.46/ 100g,True
frozen,Pulp and Press,"& Press Juice, Spicy Lemon  ","Pulp and Press& Press Juice, Spicy Lemon  355 ml",$7.99ea,,$2.25/ 100ml,False
frozen,Dream Pops,Chocolate-Covered Frozen Dessert Peanut Butter Bites,Dream PopsChocolate-Covered Frozen Dessert Peanut Butter Bites118 ml,$8.99ea,,$7.62/ 100ml,False
frozen,Prime,"Chicken Burgers, Raised Without Antibiotics","PrimeChicken Burgers, Raised Without Antibiotics581 g",$15.99ea,,$2.75/ 100g,False
frozen,Evive,Smoothie Cubes Yogi    ,EviveSmoothie Cubes Yogi    405 g,$11.99ea,,$2.96/ 100g,False
frozen,Mccain,Superfries Straight Cut Fries,MccainSuperfries Straight Cut Fries650 g,$4.25ea,$2.99ea,$0.46/ 100g,True
frozen,Stouffers,"Bistro Crustini, Pepperoni","StouffersBistro Crustini, Pepperoni256 g",$4.79ea,,$1.87/ 100g,False
frozen,Mccain,Superfries Rosemary & Garlic Crinkle Cut Fries,MccainSuperfries Rosemary & Garlic Crinkle Cut Fries650 g,$4.25ea,$2.99ea,$0.46/ 100g,True
frozen,Magnum,Double Caramel Belgian Chocolate Ice Cream,MagnumDouble Caramel Belgian Chocolate Ice Cream3x90.0 ml,$6.99ea,,$2.59/ 100ml,False
frozen,Delissio,Thin Crispy Crust Pepperoni Pizza,DelissioThin Crispy Crust Pepperoni Pizza475 g,$7.29ea,,$1.53/ 100g,False
frozen,Michelina,Chicken Fried Rice,MichelinaChicken Fried Rice255 g,$2.49ea,,$0.98/ 100g,False
frozen,Daiya,Supreme Pizza,DaiyaSupreme Pizza550 g,$10.99ea,$8.49ea,$1.54/ 100g,True
frozen,Healthy Choice,Zero Verde Chicken,Healthy ChoiceZero Verde Chicken269 g,$7.49ea,,$2.78/ 100g,False
frozen,Wholly Wholesome,Wholly Gluten Free Two 9” (23 Cm) Pie Shells,Wholly WholesomeWholly Gluten Free Two 9” (23 Cm) Pie Shells425 g,$9.49ea,,$2.23/ 100g,False
frozen,No Name,Concentrated Fruit Punch,No NameConcentrated Fruit Punch283 ml,$1.29ea,,$0.46/ 100ml,False
frozen,President's Choice,The Decadent Molten Chocolate Cakes,President's ChoiceThe Decadent Molten Chocolate Cakes216 g,$4.99ea,,$2.31/ 100g,False
frozen,Kelloggs,Thick & Fluffy Waffles Blueberry,KelloggsThick & Fluffy Waffles Blueberry330 g,$4.29ea,,$1.30/ 100g,False
frozen,Sol Cuisine,Cauliflower Wings Buffalo Style Plant-Based,Sol CuisineCauliflower Wings Buffalo Style Plant-Based255 g,$7.99ea,,$3.13/ 100g,False
frozen,President's Choice,Chocolate Caramel Pecan Cluster New York-Style Cheesecake,President's ChoiceChocolate Caramel Pecan Cluster New York-Style Cheesecake600 g,$10.99ea,,$1.83/ 100g,False
frozen,Cool Whip,Low Fat Frozen Whipped Topping,Cool WhipLow Fat Frozen Whipped Topping1 l,$4.99ea,,$0.50/ 100ml,False
frozen,President's Choice,Crispy Shrimp Fine Hors D'Oeuvre Trio,President's ChoiceCrispy Shrimp Fine Hors D'Oeuvre Trio528 g,$16.99ea,,$3.22/ 100g,False
frozen,Delissio,Crispy Pan Hawaiian Pizza,DelissioCrispy Pan Hawaiian Pizza572 g,$9.99ea,,$1.75/ 100g,False
frozen,Delissio,Stuffed Crust Delux Pizza,DelissioStuffed Crust Delux Pizza744 g,$9.99ea,,$1.34/ 100g,False
frozen,Swiss Chalet,Rotisserie Style Beef Pot Pie,Swiss ChaletRotisserie Style Beef Pot Pie655 g,$11.49ea,,$1.75/ 100g,False
frozen,Butterball,Homestyle Stuffing,ButterballHomestyle Stuffing900 g,$6.99ea,,$0.78/ 100g,False
frozen,Furlani,Frozen Garlic Bread,FurlaniFrozen Garlic Bread284 g,$2.49ea,,$0.88/ 100g,False
frozen,Impossible Foods Inc.,Simulated Meat Burger,Impossible Foods Inc.Simulated Meat Burger340 g,$11.99ea,,$3.53/ 100g,False
frozen,Stouffers,Diner Classics Fried Chicken Breast,StouffersDiner Classics Fried Chicken Breast251 g,$6.99ea,,$2.78/ 100g,False
frozen,,Southern-Style Popcorn Chicken,Southern-Style Popcorn Chicken1.13 kg,$10.00ea,,$0.88/ 100g,False
frozen,President's Choice,Maple Soy Cedar Plank Atlantic Salmon,President's ChoiceMaple Soy Cedar Plank Atlantic Salmon500 g,$15.99ea,,$3.20/ 100g,False
frozen,President's Choice,Mini Chicken Samosas,President's ChoiceMini Chicken Samosas288 g,$6.99ea,,$2.43/ 100g,False
frozen,St Hubert,Chicken and Broccoli Gratin,St HubertChicken and Broccoli Gratin715 g,$11.49ea,,$1.61/ 100g,False
frozen,President's Choice,Gluten Free Homestyle Waffles,President's ChoiceGluten Free Homestyle Waffles320 g,$3.99ea,,$1.25/ 100g,False
frozen,No Name,Breaded Chicken Cutlettes Chicken Nuggets Club Size,No NameBreaded Chicken Cutlettes Chicken Nuggets Club Size1810 g,$12.49ea,,$0.69/ 100g,False
frozen,Honeydew,Frozen Concentrated Fruit Beverage Peach Perfection,HoneydewFrozen Concentrated Fruit Beverage Peach Perfection355 ml,$1.79ea,,$0.50/ 100ml,False
frozen,Mccain,Superfries Crinkle Cut Fries,MccainSuperfries Crinkle Cut Fries650 g,$4.25ea,$2.99ea,$0.46/ 100g,True
frozen,Rise Kombucha,Kombucha Watermelon & Mint   ,Rise KombuchaKombucha Watermelon & Mint   414 ml,$4.49ea,,$1.08/ 100ml,False
frozen,Cheemo,"Perogies, Roast Garlic","CheemoPerogies, Roast Garlic907 g",$4.29ea,,$0.47/ 100g,False
frozen,Lous,Pork Back Ribs BBQ Sauce,LousPork Back Ribs BBQ Sauce610 g,$15.99ea,,$2.62/ 100g,False
frozen,TMRW, The Sausage,TMRW The Sausage240 g,$7.99ea,,$3.33/ 100g,False
frozen,President's Choice,Sweet Potato Fries,President's ChoiceSweet Potato Fries454 g,$4.29ea,,$0.94/ 100g,False
frozen,Komo,Walnut Mushroom Bolognese Plant-Based,KomoWalnut Mushroom Bolognese Plant-Based454 g,$13.99ea,,$3.08/ 100g,False
frozen,Dream Pops,Vanilla Matcha Ice Cream,Dream PopsVanilla Matcha Ice Cream168 ml,$7.49ea,,$4.46/ 100ml,False
frozen,PC Blue Menu,Roasted Vegetable Lasagna,PC Blue MenuRoasted Vegetable Lasagna300 g,$4.49ea,,$1.50/ 100g,False
frozen,Mccain,Deluxe Pizza Pockets ,MccainDeluxe Pizza Pockets 300 g,$4.99ea,,$1.66/ 100g,False
frozen,Evive,Smoothie Cubes Samouraï,EviveSmoothie Cubes Samouraï405 g,$11.99ea,,$2.96/ 100g,False
frozen,President's Choice,Shrimp Cakes,President's ChoiceShrimp Cakes170 g,$9.99ea,,$5.88/ 100g,False
frozen,Yorkshire Valley Farms,Organic Chicken Bites,Yorkshire Valley FarmsOrganic Chicken Bites454 g,$14.99ea,,$3.30/ 100g,False
frozen,Sweets From The Earth,Nut Free Cupcake,Sweets From The EarthNut Free Cupcake320 g,$13.99ea,,$4.37/ 100g,False
frozen,General Assembly Pizza,Pizza Loving Cup,General Assembly PizzaPizza Loving Cup359 g,$10.99ea,,$3.06/ 100g,False
frozen,Mikes,Pizza Deluxe,MikesPizza Deluxe845 g,$10.49ea,,$1.24/ 100g,False
frozen,,Organic Breaded Chicken Fillets,Organic Breaded Chicken Fillets480 g,$14.99ea,,$3.12/ 100g,False
frozen,Michelina,Penne Primavera,MichelinaPenne Primavera255 g,$2.49ea,,$0.98/ 100g,False
frozen,BlueWater Seafoods,Breaded Alaska Pollock Fillets Lemon Pepper,BlueWater SeafoodsBreaded Alaska Pollock Fillets Lemon Pepper300 g,$5.99ea,,$2.00/ 100g,False
frozen,Pillsbury,Pizza Pops 3 Cheese Flavour 4 ct,PillsburyPizza Pops 3 Cheese Flavour 4 ct380 g,$2.99ea,,$0.79/ 100g,False
frozen,Sol Cuisine,Mushroom Rice Burger,Sol CuisineMushroom Rice Burger284 g,$7.49ea,,$2.64/ 100g,False
frozen,So Delicious,Mocha Almond Fudge,So DeliciousMocha Almond Fudge272 ml,$7.99ea,,$2.94/ 100ml,False
frozen,Kawartha,Pralines & Cream Ice Cream,KawarthaPralines & Cream Ice Cream1.5 l,$8.99ea,,$0.60/ 100ml,False
frozen,Minute Maid,"Berry Punch Frozen Concentrate Juice Beverage, Can","Minute MaidBerry Punch Frozen Concentrate Juice Beverage, Can295 ml",$2.29ea,,$0.78/ 100ml,False
frozen,Righteous,Dairy Free Raspberry Lime Sorbetto,RighteousDairy Free Raspberry Lime Sorbetto562 ml,$9.99ea,$9.49ea,$1.69/ 100ml,True
frozen,No Name,Original Waffles ,No NameOriginal Waffles 280 g,$2.99ea,,$1.07/ 100g,False
frozen,Nestle,Oreo Sandwiches,NestleOreo Sandwiches4x125.0 ml,$5.49ea,,$1.10/ 100ml,False
frozen,President's Choice,Frozen Tiramisu,President's ChoiceFrozen Tiramisu460 g,$9.99ea,,$2.17/ 100g,False
frozen,Halo Top,Ice Cream,Halo TopIce Cream473 ml,$5.99ea,,$1.27/ 100ml,False
frozen,President's Choice,Sliced Strawberries,President's ChoiceSliced Strawberries600 g,$5.99ea,,$1.00/ 100g,False
frozen,Swanson,"Family Sized Skillet Meals, Garlic Chicken","SwansonFamily Sized Skillet Meals, Garlic Chicken1.19 kg",$13.69ea,,$1.15/ 100g,False
frozen,Pogo,Original 10'S     ,PogoOriginal 10'S     750 g,$10.99ea,,$1.47/ 100g,False
frozen,Pogo,All Beef,PogoAll Beef600 g,$10.99ea,,$1.83/ 100g,False
frozen,No Name,Original Waffles ,No NameOriginal Waffles 280 g,$2.99ea,,$1.07/ 100g,False
frozen,Nestle,Oreo Sandwiches,NestleOreo Sandwiches4x125.0 ml,$5.49ea,,$1.10/ 100ml,False
frozen,President's Choice,Frozen Tiramisu,President's ChoiceFrozen Tiramisu460 g,$9.99ea,,$2.17/ 100g,False
frozen,Halo Top,Ice Cream,Halo TopIce Cream473 ml,$5.99ea,,$1.27/ 100ml,False
frozen,President's Choice,Sliced Strawberries,President's ChoiceSliced Strawberries600 g,$5.99ea,,$1.00/ 100g,False
frozen,Swanson,"Family Sized Skillet Meals, Garlic Chicken","SwansonFamily Sized Skillet Meals, Garlic Chicken1.19 kg",$13.69ea,,$1.15/ 100g,False
frozen,Pogo,Original 10'S     ,PogoOriginal 10'S     750 g,$10.99ea,,$1.47/ 100g,False
frozen,President's Choice,Maple Crunch Mini Ice Cream Bars,President's ChoiceMaple Crunch Mini Ice Cream Bars330 ml,$6.49ea,,$1.97/ 100ml,False
frozen,President's Choice,Chocolate Frozen Yogurt,President's ChoiceChocolate Frozen Yogurt2 l,$5.49ea,,$0.27/ 100ml,False
frozen,President's Choice,Avocado Chunks,President's ChoiceAvocado Chunks400 g,$5.99ea,,$1.50/ 100g,False
frozen,Mccain,Deep'n Delicious Cookies and Cream Cake,MccainDeep'n Delicious Cookies and Cream Cake510 g,$6.99ea,$5.49ea,$1.08/ 100g,True
frozen,The Original,"Fudgsicle Frozen Dairy Dessert Bars with malt, cocoa and quality milk","The OriginalFudgsicle Frozen Dairy Dessert Bars with malt, cocoa and quality milk720 ml",$6.99ea,,$0.97/ 100ml,False
frozen,Chapmans,"No Sugar Added Ice Cream, Dutch Chocolate","ChapmansNo Sugar Added Ice Cream, Dutch Chocolate1 l",$5.50ea,$3.99ea,$0.40/ 100ml,True
frozen,High Liner,"Breaded Haddock Bites, Original, Uncooked","High LinerBreaded Haddock Bites, Original, Uncooked600 g",$12.99ea,,$2.17/ 100g,False
frozen,President's Choice,Australian Lamb Frozen Short Cut Leg Of Lamb,President's ChoiceAustralian Lamb Frozen Short Cut Leg Of Lamb,$60.78(est.)ea,,$22.02/ 1kg,False
frozen,President's Choice,Baby Brussels Sprouts ,President's ChoiceBaby Brussels Sprouts 500 g,$5.49ea,,$1.10/ 100g,False
frozen,Mccain,Straight Cut French Fries,MccainStraight Cut French Fries900 g,$4.29ea,,$0.48/ 100g,False
frozen,Stouffers,"Bistro Flatbreads, Meatball Marinara","StouffersBistro Flatbreads, Meatball Marinara187 g",$6.99ea,,$3.74/ 100g,False
frozen,Tim Hortons,Fruit Explosion Ice Cream,Tim HortonsFruit Explosion Ice Cream500 ml,$6.99ea,,$1.40/ 100ml,False
frozen,President's Choice,Seafood Lasagna,President's ChoiceSeafood Lasagna1.13 kg,$12.49ea,,$1.11/ 100g,False
frozen,Swanson,Oven Roasters Seasoned Brussels Sprouts & Carrots,SwansonOven Roasters Seasoned Brussels Sprouts & Carrots425 g,$6.49ea,,$1.53/ 100g,False
frozen,Healthy Choice,"Gourmet Steamers, Sweet Sesame Chicken","Healthy ChoiceGourmet Steamers, Sweet Sesame Chicken292 g",$5.79ea,,$1.98/ 100g,False
frozen,Chapmans,Lolly Chocolate,ChapmansLolly Chocolate28x50.0 ml,$5.99ea,$3.99ea,$0.29/ 100ml,True
frozen,Chapmans,Sorbet Rainbow,ChapmansSorbet Rainbow2 l,$5.49ea,,$0.27/ 100ml,False
frozen,PC Blue Menu,Caramel Greek Yogurt Smoothie Bars,PC Blue MenuCaramel Greek Yogurt Smoothie Bars6x80.0 ml,$6.99ea,,$1.46/ 100ml,False
frozen,Kelloggs,"Eggo Waffles, Chocolatey Chip","KelloggsEggo Waffles, Chocolatey Chip280 g",$3.50ea,$2.99ea,$1.07/ 100g,True
frozen,Haagen Dazs,Divine Raspberry Cheesecake Light Ice Cream,Haagen DazsDivine Raspberry Cheesecake Light Ice Cream475 ml,$6.99ea,,$1.47/ 100ml,False
frozen,Chapmans,Yogurt Dutch Chocolate,ChapmansYogurt Dutch Chocolate2 l,$5.49ea,,$0.27/ 100ml,False
frozen,Schneider,Original Recipe Breakfast Sausage Rounds,SchneiderOriginal Recipe Breakfast Sausage Rounds375 g,$8.49ea,,$2.26/ 100g,False
frozen,Enlightened,Dark Chocolate Caramel Peanut Bar,EnlightenedDark Chocolate Caramel Peanut Bar324 ml,$9.49ea,,$2.93/ 100ml,False
frozen,Kawartha,Salty Caramel Truffle Ice Cream,KawarthaSalty Caramel Truffle Ice Cream1.5 l,$8.99ea,,$0.60/ 100ml,False
frozen,Minute Maid,"Mango Punch Frozen Concentrate Juice Beverage, Can","Minute MaidMango Punch Frozen Concentrate Juice Beverage, Can295 ml",$2.29ea,,$0.78/ 100ml,False
frozen,Halo Top,Birthday Cake,Halo TopBirthday Cake473 ml,$5.99ea,,$1.27/ 100ml,False
frozen,No Name,Blueberries,No NameBlueberries2 kg,$15.99ea,,$0.80/ 100g,False
frozen,No Name,Assorted Cream Bars,No NameAssorted Cream Bars30x60.0 ml,$10.99ea,,$0.61/ 100ml,False
frozen,Mccain,"5 Minute Potato, Egg and Veggie Breakfast Bowl","Mccain5 Minute Potato, Egg and Veggie Breakfast Bowl200 g",$5.99ea,,$3.00/ 100g,False
frozen,Chapmans,Yukon French Vanilla Moose Sandwich,ChapmansYukon French Vanilla Moose Sandwich8x150.0 ml,$8.99ea,,$0.75/ 100ml,False
frozen,Michelina,Macaroni and Cheese,MichelinaMacaroni and Cheese255 g,$2.49ea,,$0.98/ 100g,False
frozen,Nestle,Kit Kat Frozen Dessert Bars,NestleKit Kat Frozen Dessert Bars5x80.0 ml,$5.49ea,,$1.37/ 100ml,False
frozen,Chapmans,Ice Cream Premium Pistachio & Almonds ,ChapmansIce Cream Premium Pistachio & Almonds 2 l,$7.49ea,,$0.37/ 100ml,False
frozen,No Name,Ice Milk Fudge Bars,No NameIce Milk Fudge Bars30x60.0 ml,$10.99ea,,$0.61/ 100ml,False
frozen,President's Choice,Lemon Garlic Shrimp & Scallop Pasta Meal Kit,President's ChoiceLemon Garlic Shrimp & Scallop Pasta Meal Kit907 g,$15.99ea,,$1.76/ 100g,False
frozen,President's Choice,Chopped Kale,President's ChoiceChopped Kale500 g,$5.49ea,,$1.10/ 100g,False
frozen,No Name,Stuffed Chicken with Jalapeno & Cheese,No NameStuffed Chicken with Jalapeno & Cheese284 g,$3.99ea,,$1.40/ 100g,False
frozen,Enlightened,"Ice Cream, Bars Dark Chocolate Vanilla Almond","EnlightenedIce Cream, Bars Dark Chocolate Vanilla Almond324 ml",$9.49ea,,$2.93/ 100ml,False
frozen,Haagen Dazs,Pineapple Coconut Ice Cream,Haagen DazsPineapple Coconut Ice Cream500 ml,$6.99ea,,$1.40/ 100ml,False
frozen,Kawartha,Chocolate Ice Cream,KawarthaChocolate Ice Cream1.5 l,$8.99ea,,$0.60/ 100ml,False
frozen,Kawartha,Chocolate Ice Cream,KawarthaChocolate Ice Cream1.5 l,$8.99ea,,$0.60/ 100ml,False
frozen,Chapmans,Sammich Vanilla,ChapmansSammich Vanilla20x60.0 ml,$8.99ea,,$0.75/ 100ml,False
frozen,Nestle,"CHIPS AHOY! Chocolate Chip Sandwich, 4-Pack","NestleCHIPS AHOY! Chocolate Chip Sandwich, 4-Pack500 ml",$5.49ea,,$1.10/ 100ml,False
frozen,Stouffers,Bowl Fulls Mac and Cheese with Bacon,StouffersBowl Fulls Mac and Cheese with Bacon305 g,$6.99ea,,$2.29/ 100g,False
frozen,President's Choice,Loads Of Cookies ‘N’ Crème Light Ice Cream,President's ChoiceLoads Of Cookies ‘N’ Crème Light Ice Cream1.5 l,$7.49ea,$5.49ea,$0.37/ 100ml,True
frozen,Lous,Philly Style Shaved Steak,LousPhilly Style Shaved Steak400 g,$10.99ea,$9.99ea,$2.50/ 100g,True
frozen,Bassilis Best,Best Shepherd's Pie,Bassilis BestBest Shepherd's Pie907 g,$12.99ea,,$1.43/ 100g,False
frozen,President's Choice,Vegetable Medley ,President's ChoiceVegetable Medley 750 g,$5.49ea,,$0.73/ 100g,False
frozen,No Name,Cookies & Cream Ice Cream Sandwiches ,No NameCookies & Cream Ice Cream Sandwiches 24x120.0 ml,$10.99ea,,$0.38/ 100ml,False
frozen,Stouffers,Diner Classics Beef Pot Roast,StouffersDiner Classics Beef Pot Roast249 g,$6.99ea,,$2.81/ 100g,False
frozen,Chapmans,No Sugar Added NSA Vanilla Sandwiches,ChapmansNo Sugar Added NSA Vanilla Sandwiches6x120.0 ml,$5.50ea,$3.99ea,$0.55/ 100ml,True
frozen,Haagen Dazs,"Ice Cream Almond Bar, Vanilla","Haagen DazsIce Cream Almond Bar, Vanilla9x88.0 ml",$14.99ea,,$1.89/ 100ml,False
frozen,President's Choice,Kalbi Beef Short Ribs,President's ChoiceKalbi Beef Short Ribs500 g,$17.99ea,,$3.60/ 100g,False
frozen,Pillsbury,"Toaster Strudel, Apple    ","PillsburyToaster Strudel, Apple    326 g",$3.99ea,,$1.22/ 100g,False
frozen,President's Choice,Cream First Vanilla Ice Cream,President's ChoiceCream First Vanilla Ice Cream1.5 l,$7.49ea,$5.49ea,$0.37/ 100ml,True
frozen,President's Choice,Vanilla Ice Cream,President's ChoiceVanilla Ice Cream1.65 l,$5.99ea,,$0.36/ 100ml,False
frozen,Kawartha,"Ice Cream, Chocolate Peanut Butter","KawarthaIce Cream, Chocolate Peanut Butter1.5 l",$8.99ea,,$0.60/ 100ml,False
frozen,President's Choice,Maple Crunch Ice Cream,President's ChoiceMaple Crunch Ice Cream946 ml,$4.49ea,$3.99ea,$0.42/ 100ml,True
frozen,High Liner,"Fish Sticks, Family Pack","High LinerFish Sticks, Family Pack700 g",$10.99ea,$8.49ea,$1.21/ 100g,True
frozen,Cuisine Adventures,Mini Sausages in Oven Baked Bread,Cuisine AdventuresMini Sausages in Oven Baked Bread281 g,$7.99ea,,$2.84/ 100g,False
frozen,Prime,"Chicken Stuffed with Ham & Mozzarella, Raised Without Antibiotics","PrimeChicken Stuffed with Ham & Mozzarella, Raised Without Antibiotics568 g",$15.99ea,,$2.82/ 100g,False
frozen,Chapmans,Premium Chocolate Saucy Spots,ChapmansPremium Chocolate Saucy Spots2 l,$7.49ea,,$0.37/ 100ml,False
frozen,Nestle,Rolo Frozen Dessert,NestleRolo Frozen Dessert1.5 l,$5.49ea,,$0.37/ 100ml,False
frozen,Haagen Dazs,exträaz Cookie Dough Dynamo Ice Cream,Haagen Dazsexträaz Cookie Dough Dynamo Ice Cream500 ml,$6.99ea,,$1.40/ 100ml,False
frozen,PC Blue Menu,Meat Lasagna,PC Blue MenuMeat Lasagna2.27 kg,$19.99ea,,$0.88/ 100g,False
frozen,Nestle,Drumstick Simply Dipped Vanilla,NestleDrumstick Simply Dipped Vanilla4x135.0 ml,$7.99ea,,$1.48/ 100ml,False
frozen,Kelloggs,Eggo Waffles Buttermilk,KelloggsEggo Waffles Buttermilk280 g,$3.50ea,$2.99ea,$1.07/ 100g,True
frozen,Green Giant,Riced Veggies Asian Stir Fry Style,Green GiantRiced Veggies Asian Stir Fry Style283 g,$5.49ea,,$1.94/ 100g,False
frozen,President's Choice,"Mangoes, Strawberries & Peaches Fruit Blend","President's ChoiceMangoes, Strawberries & Peaches Fruit Blend600 g",$5.99ea,,$1.00/ 100g,False
frozen,President's Choice,Plant Based Peanut Butter Delights,President's ChoicePlant Based Peanut Butter Delights180 g,$6.49ea,,$3.61/ 100g,False
frozen,Chapmans,Yogurt Frosty Bar,ChapmansYogurt Frosty Bar18x75.0 ml,$8.99ea,,$0.67/ 100ml,False
frozen,Healthy Choice,"Gourmet Steamers, Pineapple Chicken","Healthy ChoiceGourmet Steamers, Pineapple Chicken298 g",$5.79ea,,$1.94/ 100g,False
frozen,President's Choice,"Baby Brussels Sprouts, Club Size","President's ChoiceBaby Brussels Sprouts, Club Size1.75 kg",$10.99ea,$9.99ea,$0.57/ 100g,True
frozen,Chapmans,Premium Peanut Butter Cup,ChapmansPremium Peanut Butter Cup2 l,$7.49ea,,$0.37/ 100ml,False
frozen,No Name,Diced Vegetable Mix,No NameDiced Vegetable Mix750 g,$3.50ea,$3.29ea,$0.44/ 100g,True
frozen,Halo Top,Peanut Butter Swirl,Halo TopPeanut Butter Swirl473 ml,$5.99ea,,$1.27/ 100ml,False
frozen,Charoen Pokphand,Pad Thai Chicken,Charoen PokphandPad Thai Chicken300 g,$5.49ea,,$1.83/ 100g,False
frozen,Marie Callender's,Sweet Pineapple Chicken Teriyaki Bowl,Marie Callender'sSweet Pineapple Chicken Teriyaki Bowl349 g,$6.79ea,,$1.95/ 100g,False
frozen,Arctic Glacier,Cubed Ice,Arctic GlacierCubed Ice2.3 kg,$3.99ea,,$0.17/ 100g,False
frozen,High Liner,Pan Sear Garlic & Herb Shrimp Butterflied,High LinerPan Sear Garlic & Herb Shrimp Butterflied454 g,$17.99ea,,$3.96/ 100g,False
frozen,President's Choice,Meat Lasagna,President's ChoiceMeat Lasagna2.27 kg,$19.99ea,,$0.88/ 100g,False
frozen,Pogo,All Beef,PogoAll Beef600 g,$10.99ea,,$1.83/ 100g,False
frozen,PC Organics,Organic Mango Chunks,PC OrganicsOrganic Mango Chunks600 g,$8.99ea,,$1.50/ 100g,False
frozen,No Name,Ice Milk Neapolitan Club Pack,No NameIce Milk Neapolitan Club Pack4 l,$7.99ea,,$0.20/ 100ml,False
frozen,Mccain,Bistro Selects Extra Crunchy Tater Crisps Potato Bites,MccainBistro Selects Extra Crunchy Tater Crisps Potato Bites750 g,$4.25ea,$2.99ea,$0.40/ 100g,True
frozen,Ben & Jerry's,"Ice Cream, Non-Dairy Frozen Dessert Chocolate Chip Cookie Dough ","Ben & Jerry'sIce Cream, Non-Dairy Frozen Dessert Chocolate Chip Cookie Dough 473 ml",$6.99ea,,$1.48/ 100ml,False
frozen,Delissio,Rising Crust Spicy Chicken Pizza,DelissioRising Crust Spicy Chicken Pizza846 g,$6.50ea,$5.88ea,$0.70/ 100g,True
frozen,President's Choice,Grilled Ready Veggie Eggplant,President's ChoiceGrilled Ready Veggie Eggplant500 g,$5.49ea,,$1.10/ 100g,False
frozen,Green Giant,"Valley Selections Essentials, Antioxidant Italian Blend","Green GiantValley Selections Essentials, Antioxidant Italian Blend400 g",$3.49ea,,$0.87/ 100g,False
frozen,Haagen Dazs,Caramel Almond Crunch Ice Cream Bars,Haagen DazsCaramel Almond Crunch Ice Cream Bars3x88.0 ml,$6.99ea,,$2.65/ 100ml,False
frozen,President's Choice,Sirloin Beef Meatballs ,President's ChoiceSirloin Beef Meatballs 907 g,$17.49ea,,$1.93/ 100g,False
frozen,Chapmans,Premium French Vanilla,ChapmansPremium French Vanilla2 l,$7.49ea,,$0.37/ 100ml,False
frozen,President's Choice,Asian Hors d'Oeuvre Collection,President's ChoiceAsian Hors d'Oeuvre Collection772 g,$11.99ea,,$1.55/ 100g,False
frozen,President's Choice,Eggplant Parmesan,President's ChoiceEggplant Parmesan1130 g,$12.49ea,,$1.11/ 100g,False
frozen,Halo Top,Chocolate,Halo TopChocolate473 ml,$5.99ea,,$1.27/ 100ml,False
frozen,Chapmans,Chocolate and Vanilla Cone with Caramel Centre,ChapmansChocolate and Vanilla Cone with Caramel Centre8x120.0 ml,$8.99ea,,$0.94/ 100ml,False
frozen,Christie,Oreo Ice Cream,ChristieOreo Ice Cream1.5 l,$5.49ea,,$0.37/ 100ml,False
frozen,Swanson,"Skillet Meals, Family Size Alfredo Chicken","SwansonSkillet Meals, Family Size Alfredo Chicken1.19 kg",$13.69ea,,$1.15/ 100g,False
frozen,PC Organics,Organic Broccoli Florets,PC OrganicsOrganic Broccoli Florets500 g,$5.49ea,,$1.10/ 100g,False
frozen,President's Choice,Cream First Vanilla Ice Cream with Chocolate Fudge Crackle,President's ChoiceCream First Vanilla Ice Cream with Chocolate Fudge Crackle1.5 l,$7.49ea,$5.49ea,$0.37/ 100ml,True
frozen,Haagen Dazs,Pralines & Cream,Haagen DazsPralines & Cream500 ml,$6.99ea,,$1.40/ 100ml,False
frozen,President's Choice,Chicken Pad Thai,President's ChoiceChicken Pad Thai365 g,$4.99ea,,$1.37/ 100g,False
frozen,High Liner,"Pan Sear Selects, Haddock Roasted Garlic","High LinerPan Sear Selects, Haddock Roasted Garlic500 g",$17.99ea,,$3.60/ 100g,False
frozen,PC Blue Menu,Mac & Cheese,PC Blue MenuMac & Cheese300 g,$4.49ea,,$1.50/ 100g,False
frozen,Dr Oetker,Giuseppe Pizzeria Pizza Pepperoni,Dr OetkerGiuseppe Pizzeria Pizza Pepperoni3x186.0 g,$6.49ea,,$0.38/ 100g,False
frozen,Dr Oetker,Giuseppe Pizzeria Giuseppe Rising Crust Hawaiian Pizza ,Dr OetkerGiuseppe Pizzeria Giuseppe Rising Crust Hawaiian Pizza 730 g,$8.49ea,,$1.16/ 100g,False
frozen,CAVENDISH FARMS,All-Day Breakfast Mini Quick Cook Patties,CAVENDISH FARMSAll-Day Breakfast Mini Quick Cook Patties625 g,$4.99ea,,$0.80/ 100g,False
frozen,Crave,White Cheddar Mac & Cheese with Bacon Frozen Meal,CraveWhite Cheddar Mac & Cheese with Bacon Frozen Meal300 g,$6.49ea,,$2.16/ 100g,False
frozen,Life Cuisine,Greek Souvlaki Chicken & Spinach Bowl,Life CuisineGreek Souvlaki Chicken & Spinach Bowl265 g,$6.99ea,,$2.64/ 100g,False
frozen,Gardein,Beefless Tips,GardeinBeefless Tips255 g,$7.49ea,,$2.94/ 100g,False
frozen,Dr Oetker, The Good Baker Margherita Pizza,Dr Oetker The Good Baker Margherita Pizza300 g,$6.99ea,,$2.33/ 100g,False
frozen,Haagen Dazs,Vanilla Milk Ice Cream Bars,Haagen DazsVanilla Milk Ice Cream Bars3x88.0 ml,$6.99ea,,$2.65/ 100ml,False
frozen,CAVENDISH FARMS,Restaurant Style Drive Thru Fries,CAVENDISH FARMSRestaurant Style Drive Thru Fries750 g,$4.99ea,,$0.67/ 100g,False
frozen,Haagen Dazs,Ice Cream Extraaz Layers Berry Explosion ,Haagen DazsIce Cream Extraaz Layers Berry Explosion 414 ml,$6.99ea,,$1.69/ 100ml,False
frozen,President's Choice,Butter Chicken,President's ChoiceButter Chicken350 g,$4.99ea,,$1.43/ 100g,False
frozen,Haagen Dazs,Chocolate Peanut Butter Ice Cream,Haagen DazsChocolate Peanut Butter Ice Cream500 ml,$6.99ea,,$1.40/ 100ml,False
frozen,Dr Oetker,Ristorante Thin Crust Pizza Cavolo,Dr OetkerRistorante Thin Crust Pizza Cavolo355 g,$5.49ea,,$1.55/ 100g,False
frozen,PC Blue Menu,Butter Chicken,PC Blue MenuButter Chicken350 g,$4.99ea,,$1.43/ 100g,False
frozen,Haagen Dazs,Strawberry Cheesecake Ice Cream Bars,Haagen DazsStrawberry Cheesecake Ice Cream Bars3x72.0 ml,$6.99ea,,$3.24/ 100ml,False
frozen,Gardein,Meatless Meatballs,GardeinMeatless Meatballs360 g,$7.49ea,,$2.08/ 100g,False
frozen,Dr Oetker,Ristorante Thin Crust Margarita Pizza,Dr OetkerRistorante Thin Crust Margarita Pizza330 g,$5.49ea,,$1.66/ 100g,False
frozen,President's Choice,Breaded Butterflied Shrimp ,President's ChoiceBreaded Butterflied Shrimp 400 g,$14.99ea,,$3.75/ 100g,False
frozen,Haagen Dazs,Vanilla Ice Cream,Haagen DazsVanilla Ice Cream500 ml,$6.99ea,,$1.40/ 100ml,False
frozen,Gardein,Pork Less Sweet & Sour Bites,GardeinPork Less Sweet & Sour Bites255 g,$7.49ea,,$2.94/ 100g,False
frozen,President's Choice,"Veggie Bites with Cheese – Potato, Broccoli & Cauliflower ","President's ChoiceVeggie Bites with Cheese – Potato, Broccoli & Cauliflower 400 g",$7.99ea,,$2.00/ 100g,False
frozen,President's Choice,"Thin & Crispy Pepperoni, Mushroom And Ham Pizza","President's ChoiceThin & Crispy Pepperoni, Mushroom And Ham Pizza1 ea",$5.79ea,,$5.79/ 1ea,False
frozen,President's Choice,"Loads Of Bacon, Pepperoni & Ham Thin Crust Pizza","President's ChoiceLoads Of Bacon, Pepperoni & Ham Thin Crust Pizza400 g",$5.79ea,,$1.45/ 100g,False
frozen,President's Choice,Jerk Chicken Wings,President's ChoiceJerk Chicken Wings907 g,$17.99ea,,$1.98/ 100g,False
frozen,President's Choice,Creamy Mushroom Flatbread ,President's ChoiceCreamy Mushroom Flatbread 330 g,$5.79ea,,$1.75/ 100g,False
frozen,President's Choice,"Squash, Kale & Beet Flatbread","President's ChoiceSquash, Kale & Beet Flatbread343 g",$5.79ea,,$1.69/ 100g,False
frozen,President's Choice,Bacon and Onion Focaccia ,President's ChoiceBacon and Onion Focaccia 455 g,$5.79ea,,$1.27/ 100g,False
frozen,President's Choice,Mozzarella Cheese Sticks,President's ChoiceMozzarella Cheese Sticks454 g,$7.99ea,,$1.76/ 100g,False
frozen,President's Choice,Indian Hors D'oeuvre Collection,President's ChoiceIndian Hors D'oeuvre Collection800 g,$7.99ea,,$1.00/ 100g,False
frozen,President's Choice,Cherry Tomato & Arugula Flatbread,President's ChoiceCherry Tomato & Arugula Flatbread350 g,$5.79ea,,$1.65/ 100g,False
frozen,Nestle,Drumstick Oreo,NestleDrumstick Oreo135 ml,$7.99ea,,$1.48/ 100ml,False
frozen,Hungry-Man,Fried Chicken ,Hungry-ManFried Chicken 360 g,$5.79ea,,$1.61/ 100g,False
frozen,Nature's Path,Gluten Free Chocolate Chip Waffle,Nature's PathGluten Free Chocolate Chip Waffle210 g,$5.49ea,$4.49ea,$2.14/ 100g,True
frozen,President's Choice,Chocolate Brownie Cheesecake with Ganache Topping,President's ChoiceChocolate Brownie Cheesecake with Ganache Topping600 g,$10.99ea,,$1.83/ 100g,False
frozen,No Name,Concentrated Berry Punch,No NameConcentrated Berry Punch283 ml,$1.29ea,,$0.46/ 100ml,False
frozen,Pizza Oggi,Vegan Pizza Beyond Meat  Sausage,Pizza OggiVegan Pizza Beyond Meat  Sausage390 g,$8.99ea,,$2.31/ 100g,False
frozen,Roman,Lasagna,RomanLasagna908 g,$8.99ea,,$0.99/ 100g,False
frozen,Mikes,Pizza International,MikesPizza International871 g,$10.49ea,,$1.20/ 100g,False
frozen,Magnum,Ice Cream Bar Double Chocolate Bar,MagnumIce Cream Bar Double Chocolate Bar3x90.0 ml,$6.99ea,,$2.59/ 100ml,False
frozen,Mccain,SuperSpirals Lightly Spiced Fries,MccainSuperSpirals Lightly Spiced Fries650 g,$4.25ea,$2.99ea,$0.46/ 100g,True
frozen,Delissio,Thin Crispy Crust Canadian Pizza,DelissioThin Crispy Crust Canadian Pizza520 g,$7.29ea,,$1.40/ 100g,False
frozen,Mccain,Superfries 5 Minute Shoestring Fries,MccainSuperfries 5 Minute Shoestring Fries650 g,$4.25ea,$2.99ea,$0.46/ 100g,True
frozen,Nestle,Drumstick Vanilla Mini,NestleDrumstick Vanilla Mini378 ml,$7.99ea,,$2.11/ 100ml,False
frozen,,Pork & Veg Pot Stickers,Pork & Veg Pot Stickers1250 g,$10.00ea,,$0.80/ 100g,False
frozen,Delissio,"Pizza, Croissant Crust Ham & Cheese ","DelissioPizza, Croissant Crust Ham & Cheese 691 g",$9.99ea,,$1.45/ 100g,False
frozen,Mccain,Spicy Lattice Cut Fries,MccainSpicy Lattice Cut Fries540 g,$4.25ea,$2.99ea,$0.55/ 100g,True
frozen,Ben & Jerry's,"Ice Cream Chocolate Fudge Brownie, Non-GMO","Ben & Jerry'sIce Cream Chocolate Fudge Brownie, Non-GMO473 ml",$6.99ea,,$1.48/ 100ml,False
frozen,Magnum,"Mini Ice Cream Bars, Dark 60% Cocoa","MagnumMini Ice Cream Bars, Dark 60% Cocoa4x55.0 ml",$6.99ea,,$3.18/ 100ml,False
frozen,Mccain,Breakfast Potato Pancakes,MccainBreakfast Potato Pancakes600 g,$4.25ea,$2.99ea,$0.50/ 100g,True
frozen,President's Choice,Pacific White Shrimp Platter with Mild Cocktail Sauce,President's ChoicePacific White Shrimp Platter with Mild Cocktail Sauce568 g,$19.99ea,,$3.52/ 100g,False
frozen,President's Choice,Kofta Beef Meatballs,President's ChoiceKofta Beef Meatballs454 g,$9.99ea,,$2.20/ 100g,False
frozen,Sol Cuisine,Plant-Based Crispy Chik'n Bites,Sol CuisinePlant-Based Crispy Chik'n Bites300 g,$7.49ea,,$2.50/ 100g,False
frozen,President's Choice,Shepherd's Pie,President's ChoiceShepherd's Pie900 g,$13.99ea,,$1.55/ 100g,False
frozen,Delissio,Croissant Crust Pepperoni Pizza,DelissioCroissant Crust Pepperoni Pizza667 g,$9.99ea,,$1.50/ 100g,False
frozen,PC Blue Menu,Lean Beef Burgers,PC Blue MenuLean Beef Burgers2.27 kg,$27.99ea,,$1.23/ 100g,False
frozen,Swiss Chalet,Chicken Pot Pie,Swiss ChaletChicken Pot Pie650 g,$11.49ea,,$1.77/ 100g,False
frozen,PC Organics,California Vegetable Blend Mixed Vegetables,PC OrganicsCalifornia Vegetable Blend Mixed Vegetables500 g,$5.49ea,,$1.10/ 100g,False
frozen,Honeydew,Frozen Concentrated Fruit Beverage Breakfast Orange,HoneydewFrozen Concentrated Fruit Beverage Breakfast Orange355 ml,$1.79ea,,$0.50/ 100ml,False
frozen,Janes,"Pub Style Chicken Burger, Fully Cooked","JanesPub Style Chicken Burger, Fully Cooked700 g",$13.99ea,,$2.00/ 100g,False
frozen,President's Choice,Blueberries Cultivated,President's ChoiceBlueberries Cultivated2 kg,$15.99ea,,$0.80/ 100g,False
frozen,President's Choice,"Pub Recipe Chicken Nuggets, Fully Cooked","President's ChoicePub Recipe Chicken Nuggets, Fully Cooked700 g",$5.99ea,,$0.86/ 100g,False
frozen,President's Choice,Free From Chicken Breast,President's ChoiceFree From Chicken Breast680 g,$23.99ea,,$3.53/ 100g,False
frozen,Minute Maid,"Pink Lemonade Frozen Concentrate, Can","Minute MaidPink Lemonade Frozen Concentrate, Can295 ml",$2.79ea,,$0.95/ 100ml,False
frozen,Pillsbury,Pizza Pops Deluxe 4ct,PillsburyPizza Pops Deluxe 4ct380 g,$2.99ea,,$0.79/ 100g,False
frozen,Mccain,Deluxe Pizza Pockets ,MccainDeluxe Pizza Pockets 600 g,$5.99ea,,$1.00/ 100g,False
frozen,,Buttermilk Chicken Tenders,Buttermilk Chicken Tenders1.2 kg,$10.00ea,,$0.83/ 100g,False
frozen,No Name,Potato & Bacon Flavour Perogies ,No NamePotato & Bacon Flavour Perogies 907 g,$2.79ea,,$0.31/ 100g,False
frozen,President's Choice,Gluten Free Chicken Strips,President's ChoiceGluten Free Chicken Strips600 g,$8.49ea,,$1.42/ 100g,False
frozen,Stouffers,"Bistro Crustini, Bacon, Egg and Cheese","StouffersBistro Crustini, Bacon, Egg and Cheese240 g",$4.79ea,,$2.00/ 100g,False
frozen,Schneider,Mini Chicken & Vegetable Pies,SchneiderMini Chicken & Vegetable Pies400 g,$8.49ea,,$2.12/ 100g,False
frozen,BlueWater Seafoods,Fish Sticks Tempura Portions,BlueWater SeafoodsFish Sticks Tempura Portions600 g,$8.49ea,,$1.42/ 100g,False
frozen,Evive,Smoothie Cubes Saphir,EviveSmoothie Cubes Saphir405 g,$11.99ea,,$2.96/ 100g,False
frozen,Hayter's Farm,Turkey Sausage Original,Hayter's FarmTurkey Sausage Original1.14 kg,$17.49ea,,$1.53/ 100g,False
frozen,Daiya,Vegetable Crust Pizza Mediterranean,DaiyaVegetable Crust Pizza Mediterranean411 g,$10.99ea,$8.49ea,$2.07/ 100g,True
frozen,,"All-Seasoned Salmon Sausage, Italian","All-Seasoned Salmon Sausage, Italian",$5.73(est.)ea,,$22.02/ 1kg,False
frozen,Unbun,Cinnamon Raisin Bread,UnbunCinnamon Raisin Bread520 g,$12.99ea,$10.99ea,$2.11/ 100g,True
frozen,Chef Bombay,Palak Paneer,Chef BombayPalak Paneer350 g,$6.99ea,,$2.00/ 100g,False
frozen,Krinos,"Fillo Twisters, Feta & Ricotta Cheese","KrinosFillo Twisters, Feta & Ricotta Cheese840 g",$9.99ea,,$1.19/ 100g,False
frozen,Minute Maid,Strawberry Daiquiri Mixers,Minute MaidStrawberry Daiquiri Mixers250 ml,$2.79ea,,$1.12/ 100ml,False
frozen,Stouffers,"Fit Bowls, Chicken with Roasted Cashew Bowl","StouffersFit Bowls, Chicken with Roasted Cashew Bowl340 g",$6.99ea,,$2.06/ 100g,False
frozen,President's Choice,Haddock & Hops Battered Wild Haddock Fillets,President's ChoiceHaddock & Hops Battered Wild Haddock Fillets550 g,$17.99ea,,$3.27/ 100g,False
frozen,Nestle,Drumstick Minis Simply Dipped Chocolate,NestleDrumstick Minis Simply Dipped Chocolate378 ml,$7.99ea,,$2.11/ 100ml,False
frozen,Healthy Choice,"Gourmet Steamers, Grilled Balsamic Chicken","Healthy ChoiceGourmet Steamers, Grilled Balsamic Chicken284 g",$5.79ea,,$2.04/ 100g,False
frozen,Nestle,Drumstick Simply Dipped Cones,NestleDrumstick Simply Dipped Cones4x135.0 ml,$7.99ea,,$1.48/ 100ml,False
frozen,Charoen Pokphand,Red Curry Chicken With Jasmine Rice,Charoen PokphandRed Curry Chicken With Jasmine Rice350 g,$5.49ea,,$1.57/ 100g,False
frozen,President's Choice,"Frozen Strawberries, Whole","President's ChoiceFrozen Strawberries, Whole600 g",$5.99ea,,$1.00/ 100g,False
frozen,Breyers,Family Classic Ice Cream Pralines & Cream For a Frozen Dessert Treat,BreyersFamily Classic Ice Cream Pralines & Cream For a Frozen Dessert Treat1.66 l,$5.49ea,$4.99ea,$0.30/ 100ml,True
frozen,Tenderflake,"Deep Dish Pie Shells, All Vegetable Shortening","TenderflakeDeep Dish Pie Shells, All Vegetable Shortening340 g",$5.29ea,,$1.56/ 100g,False
frozen,President's Choice,Berries & Cherries Skyr Icelandic-Style Yogurt Bars,President's ChoiceBerries & Cherries Skyr Icelandic-Style Yogurt Bars480 ml,$6.99ea,,$1.46/ 100ml,False
frozen,The Original,Original Shakesicle Bars Strawberry Frozen Dairy Dessert,The OriginalOriginal Shakesicle Bars Strawberry Frozen Dairy Dessert60 ml,$6.99ea,,$11.65/ 100ml,False
frozen,Chapmans,Premuim Canadian Collection Chocolate Fudge Brownie Bumpy Bar,ChapmansPremuim Canadian Collection Chocolate Fudge Brownie Bumpy Bar8x55.0 ml,$5.99ea,$3.99ea,$0.91/ 100ml,True
frozen,Hungry-Man,Salisbury Steak ,Hungry-ManSalisbury Steak 455 g,$5.79ea,,$1.27/ 100g,False
frozen,President's Choice,Banana Split Ice Cream,President's ChoiceBanana Split Ice Cream946 ml,$4.49ea,$3.99ea,$0.42/ 100ml,True
frozen,Breyers,Ice Cream Creamery Style Light Kosher Certified Caramel Fudge ,BreyersIce Cream Creamery Style Light Kosher Certified Caramel Fudge 1.66 l,$5.49ea,,$0.33/ 100ml,False
frozen,Wall’s,"Ice Cream, Bubble Tea Milk Tea & Boba Pearls Flavours, with Chewy Tapioca Balls","Wall’sIce Cream, Bubble Tea Milk Tea & Boba Pearls Flavours, with Chewy Tapioca Balls6 ea",$5.99ea,$5.49ea,$0.92/ 1ea,True
frozen,President's Choice,Plant Based Original Cheesecake-Style Dessert,President's ChoicePlant Based Original Cheesecake-Style Dessert540 g,$9.99ea,,$1.85/ 100g,False
frozen,President's Choice,"Ice Cream Shop, Elk Crossing Mini Ice Cream Bars","President's ChoiceIce Cream Shop, Elk Crossing Mini Ice Cream Bars330 ml",$6.49ea,,$1.97/ 100ml,False
frozen,High Liner,"Breaded Haddock Bites, Roasted Garlic & Herb","High LinerBreaded Haddock Bites, Roasted Garlic & Herb600 g",$12.99ea,,$2.17/ 100g,False
frozen,President's Choice,"Plant Based Black Bean, Corn and Sweet Potato Veggie Burgers","President's ChoicePlant Based Black Bean, Corn and Sweet Potato Veggie Burgers452 g",$7.99ea,,$1.77/ 100g,False
frozen,No Name,"Green Peas, Club Size","No NameGreen Peas, Club Size2 kg",$7.99ea,,$0.40/ 100g,False
frozen,Chapmans,"Chocolate, Salty Caramel & Peanuts","ChapmansChocolate, Salty Caramel & Peanuts2 l",$7.49ea,,$0.37/ 100ml,False
frozen,President's Choice,Shepherd's Pie Club Pack,President's ChoiceShepherd's Pie Club Pack1.8 kg,$25.99ea,,$1.44/ 100g,False
frozen,No Name,Chopped Spinach,No NameChopped Spinach300 g,$2.99ea,,$1.00/ 100g,False
frozen,Pillsbury,Toaster Strudel Wildberry Flavour,PillsburyToaster Strudel Wildberry Flavour326 g,$3.99ea,,$1.22/ 100g,False
frozen,Breyers,"Ice Cream, Blueberry Grunt Locally Inspired Light ","BreyersIce Cream, Blueberry Grunt Locally Inspired Light 1.41 l",$5.49ea,,$0.39/ 100ml,False
frozen,Chapmans,Dutch Chocolate,ChapmansDutch Chocolate2 l,$5.49ea,$3.99ea,$0.20/ 100ml,True
frozen,CAVENDISH FARMS,Onion Hash Brown Patties,CAVENDISH FARMSOnion Hash Brown Patties600 g,$4.49ea,,$0.75/ 100g,False
frozen,Chapmans,No Sugar Added Lactose Free Ice Cream Coffee & Chocolate,ChapmansNo Sugar Added Lactose Free Ice Cream Coffee & Chocolate1 l,$5.50ea,$3.99ea,$0.40/ 100ml,True
frozen,Healthy Choice,Zero Tomato Basil Chicken,Healthy ChoiceZero Tomato Basil Chicken269 g,$7.49ea,,$2.78/ 100g,False
frozen,President's Choice,"Strawberries, Raspberries, Blackberries & Blueberries 4-Berry Blend, Club Size","President's ChoiceStrawberries, Raspberries, Blackberries & Blueberries 4-Berry Blend, Club Size2 kg",$19.99ea,,$1.00/ 100g,False
frozen,Breyers,Family Classic Frozen Dessert ,BreyersFamily Classic Frozen Dessert 1.66 l,$5.49ea,$4.99ea,$0.30/ 100ml,True
frozen,President's Choice,Cream First Chocolate Ice Cream,President's ChoiceCream First Chocolate Ice Cream1.5 l,$7.49ea,$5.49ea,$0.37/ 100ml,True
frozen,President's Choice,Cherry-Topped New York-Style Cheesecake,President's ChoiceCherry-Topped New York-Style Cheesecake600 g,$10.99ea,,$1.83/ 100g,False
frozen,Chapmans,"Yukon Ice Cream Chocolate, Salty Caramel, Peanuts & Milk Chocolate","ChapmansYukon Ice Cream Chocolate, Salty Caramel, Peanuts & Milk Chocolate5x140.0 ml",$8.99ea,,$1.28/ 100ml,False
frozen,President's Choice,Asian-Style Vegetable Blend ,President's ChoiceAsian-Style Vegetable Blend 500 g,$5.49ea,,$1.10/ 100g,False
frozen,Halo Top,Cookie Dough,Halo TopCookie Dough473 ml,$5.99ea,,$1.27/ 100ml,False
frozen,Chef Bombay,Butter Chicken,Chef BombayButter Chicken354 g,$6.99ea,,$1.97/ 100g,False
frozen,Stouffers,"BowlFULLs, Chicken Bacon Ranch","StouffersBowlFULLs, Chicken Bacon Ranch305 g",$6.99ea,,$2.29/ 100g,False
frozen,President's Choice,Sweet Potato Chunks,President's ChoiceSweet Potato Chunks400 g,$5.49ea,,$1.37/ 100g,False
frozen,Gardein,Chick'n Tenders Nashville-Style Hot,GardeinChick'n Tenders Nashville-Style Hot230 g,$6.49ea,,$2.82/ 100g,False
frozen,TMRW, Protein Shreds,TMRW Protein Shreds200 g,$7.99ea,,$4.00/ 100g,False
frozen,BlueWater Seafoods,BlueWater Seafoods Shrimp Garlic Herb,BlueWater SeafoodsBlueWater Seafoods Shrimp Garlic Herb210 g,$8.49ea,,$4.04/ 100g,False
frozen,Pizza Oggi,Vegan Pizza Beyond Meat Beef,Pizza OggiVegan Pizza Beyond Meat Beef390 g,$8.99ea,,$2.31/ 100g,False
frozen,Mccain,Bistro Selects 9 Minute Spicy Wedges,MccainBistro Selects 9 Minute Spicy Wedges600 g,$4.25ea,$2.99ea,$0.50/ 100g,True
frozen,Carbonaut,Pizza Crust Not So Thin,CarbonautPizza Crust Not So Thin216 g,$10.99ea,,$5.09/ 100g,False
frozen,President's Choice,"Chicken Wings Club Pack, Honey Garlic","President's ChoiceChicken Wings Club Pack, Honey Garlic1.81 kg",$29.99ea,,$1.66/ 100g,False
frozen,Unbun,Radically Honest Bagels Cinnamon Raisin,UnbunRadically Honest Bagels Cinnamon Raisin360 g,$12.99ea,$10.99ea,$3.05/ 100g,True
frozen,Lous,Beef Brisket,LousBeef Brisket400 g,$10.99ea,$9.99ea,$2.50/ 100g,True
frozen,Dr. Praeger's,Purely Sensible Foods Hash Browns Four Potato 8 Patties,Dr. Praeger'sPurely Sensible Foods Hash Browns Four Potato 8 Patties255 g,$7.69ea,,$3.02/ 100g,False
frozen,BlueWater Seafoods,Beer Batter Shrimp    ,BlueWater SeafoodsBeer Batter Shrimp    255 g,$8.49ea,,$3.33/ 100g,False
frozen,Wholly Veggie,Mozzarella Sticks,Wholly VeggieMozzarella Sticks283 g,$7.49ea,$6.99ea,$2.47/ 100g,True
frozen,BlueWater Seafoods,Beer Batter Fillets,BlueWater SeafoodsBeer Batter Fillets450 g,$8.49ea,,$1.89/ 100g,False
frozen,Impossible Foods Inc.,Chicken Nuggets Made From Plants,Impossible Foods Inc.Chicken Nuggets Made From Plants383 g,$9.99ea,,$2.61/ 100g,False
frozen,NotCo,"Not Burger Plant-Based Patties, 4 pack","NotCoNot Burger Plant-Based Patties, 4 pack452 g",$13.99ea,,$3.10/ 100g,False
frozen,President's Choice,"Italian Meatballs, Club Pack","President's ChoiceItalian Meatballs, Club Pack1.81 kg",$29.99ea,,$1.66/ 100g,False
frozen,Boston Market,Salisbury Steak,Boston MarketSalisbury Steak411 g,$5.49ea,,$1.34/ 100g,False
frozen,,"Fresh Snapper, Whole","Fresh Snapper, Whole",$18.33(est.)ea,,$28.64/ 1kg,False
frozen,Mama Yolanda's,Mini Gourmet Bolognese Lasagna,Mama Yolanda'sMini Gourmet Bolognese Lasagna1.22 kg,$14.99ea,$12.99ea,$1.06/ 100g,True
frozen,Kinnikinnick,Donuts Chocolate Dipped,KinnikinnickDonuts Chocolate Dipped320 g,$6.99ea,,$2.18/ 100g,False
frozen,Schneider,Original Beef Pies,SchneiderOriginal Beef Pies400 g,$8.49ea,,$2.12/ 100g,False
frozen,Wholly Veggie,Vegan Cauliflower Wings,Wholly VeggieVegan Cauliflower Wings375 g,$8.99ea,$7.49ea,$2.00/ 100g,True
frozen,BlueWater Seafoods,Beer Battered Haddock    ,BlueWater SeafoodsBeer Battered Haddock    480 g,$14.99ea,$13.99ea,$2.91/ 100g,True
frozen,Little Northern Bakehouse,Artisan Style Pizza Crust Original Gluten Free,Little Northern BakehouseArtisan Style Pizza Crust Original Gluten Free300 g,$10.99ea,,$3.66/ 100g,False
frozen,Cosmic Bliss,Dairy-Free Frozen Dessert Madagascan Vanilla Bean,Cosmic BlissDairy-Free Frozen Dessert Madagascan Vanilla Bean473 ml,$9.99ea,,$2.11/ 100ml,False
frozen,Cosmic Bliss,Dairy-Free Frozen Dessert Sea Salt Caramel Chocolate,Cosmic BlissDairy-Free Frozen Dessert Sea Salt Caramel Chocolate473 ml,$9.99ea,,$2.11/ 100ml,False
frozen,,Taco Bites,Taco Bites850 g,$10.00ea,,$1.18/ 100g,False
frozen,New Zealand,Lamb Sausage,New ZealandLamb Sausage500 g,$9.99ea,,$19.98/ 1kg,False
frozen,St Hubert,Tourtière Fully Cooked,St HubertTourtière Fully Cooked470 g,$9.99ea,,$2.13/ 100g,False
frozen,Daiya,Vegetable Crust Pizza Mediterranean,DaiyaVegetable Crust Pizza Mediterranean411 g,$10.99ea,$8.49ea,$2.07/ 100g,True
frozen,,"All-Seasoned Salmon Sausage, Italian","All-Seasoned Salmon Sausage, Italian",$5.73(est.)ea,,$22.02/ 1kg,False
frozen,Dr. Praeger's,Purely Sensible Foods Veggie Burgers Kale 4 Vegan Burgers,Dr. Praeger'sPurely Sensible Foods Veggie Burgers Kale 4 Vegan Burgers283 g,$9.49ea,,$3.35/ 100g,False
frozen,Unbun,Cinnamon Raisin Bread,UnbunCinnamon Raisin Bread520 g,$12.99ea,$10.99ea,$2.11/ 100g,True
frozen,Chef Bombay,Palak Paneer,Chef BombayPalak Paneer350 g,$6.99ea,,$2.00/ 100g,False
frozen,Healthy Choice,Simply Chicken Pesto Veg,Healthy ChoiceSimply Chicken Pesto Veg259 g,$5.79ea,,$2.24/ 100g,False
frozen,Stouffers,"Fit Wraps, Greek Chicken","StouffersFit Wraps, Greek Chicken145 g",$6.99ea,,$4.82/ 100g,False
frozen,Toblerone,Chocolate Torte,TobleroneChocolate Torte400 g,$11.99ea,,$3.00/ 100g,False
frozen,So Delicious,"Dairy Free Cashew-Based Frozen Dessert, Chocolate Banana Flambe","So DeliciousDairy Free Cashew-Based Frozen Dessert, Chocolate Banana Flambe500 ml",$8.49ea,,$1.70/ 100ml,False
frozen,Schneider,Mini Chicken & Vegetable Pies,SchneiderMini Chicken & Vegetable Pies400 g,$8.49ea,,$2.12/ 100g,False
frozen,Prime,"Chicken Stuffed with Butter & Chive, Raised Without Antibiotics","PrimeChicken Stuffed with Butter & Chive, Raised Without Antibiotics568 g",$15.99ea,,$2.82/ 100g,False
frozen,Cheemo,Bite-Size Perogies Potato & Cheddar Cheese,CheemoBite-Size Perogies Potato & Cheddar Cheese907 g,$4.29ea,,$0.47/ 100g,False
frozen,Hayter's Farm,Turkey Sausage Original,Hayter's FarmTurkey Sausage Original1.14 kg,$17.49ea,,$1.53/ 100g,False
frozen,Dose,Yogi Cold Pressed Juice,DoseYogi Cold Pressed Juice300 ml,$7.49ea,,$2.50/ 100ml,False
frozen,Cosmic Bliss,Dairy-Free Frozen Dessert Chocolate Peanut Butter,Cosmic BlissDairy-Free Frozen Dessert Chocolate Peanut Butter473 ml,$9.99ea,,$2.11/ 100ml,False
frozen,BlueWater Seafoods,Fish Burger Fillets,BlueWater SeafoodsFish Burger Fillets519 g,$8.49ea,,$1.64/ 100g,False
frozen,President's Choice,Red Curry Chicken,President's ChoiceRed Curry Chicken350 g,$4.99ea,,$1.43/ 100g,False
frozen,PC Blue Menu,"Chicken Breasts, Sliced","PC Blue MenuChicken Breasts, Sliced400 g",$12.99ea,,$3.25/ 100g,False
frozen,Millennia Tea,Raw Chopped Green Tea Organic Superfood Tea,Millennia TeaRaw Chopped Green Tea Organic Superfood Tea120 g,$17.99ea,,$14.99/ 100g,False
frozen,Krinos,"Fillo Twisters, Feta & Ricotta Cheese","KrinosFillo Twisters, Feta & Ricotta Cheese840 g",$9.99ea,,$1.19/ 100g,False
frozen,PC Organics,Organics Peaches and Cream Corn,PC OrganicsOrganics Peaches and Cream Corn500 g,$5.49ea,,$1.10/ 100g,False
frozen,Stouffers,"Fit Bowls, Chicken with Roasted Cashew Bowl","StouffersFit Bowls, Chicken with Roasted Cashew Bowl340 g",$6.99ea,,$2.06/ 100g,False
frozen,Pizza Oggi,Margherita,Pizza OggiMargherita452 g,$9.99ea,,$2.21/ 100g,False
frozen,Foppen,Smoked Slice Salmon Loin,FoppenSmoked Slice Salmon Loin170 g,$13.99ea,,$8.23/ 100g,False
frozen,Delissio,Stuffed Crust Pizza Smoky BBQ Chicken,DelissioStuffed Crust Pizza Smoky BBQ Chicken634 g,$9.99ea,,$1.58/ 100g,False
frozen,President's Choice,Shrimp & Scallops Au Gratin,President's ChoiceShrimp & Scallops Au Gratin240 g,$13.99ea,,$5.83/ 100g,False
frozen,Mccain,Deluxe Pizza Pockets ,MccainDeluxe Pizza Pockets 600 g,$5.99ea,,$1.00/ 100g,False
frozen,,Buttermilk Chicken Tenders,Buttermilk Chicken Tenders1.2 kg,$10.00ea,,$0.83/ 100g,False
frozen,Tim Hortons,Ice Cream Salted Caramel Iced Capp ,Tim HortonsIce Cream Salted Caramel Iced Capp 500 ml,$6.99ea,,$1.40/ 100ml,False
frozen,Hungry-Man,Chicken Strips Buffalo Style,Hungry-ManChicken Strips Buffalo Style428 g,$5.79ea,,$1.35/ 100g,False
frozen,Hungry-Man,Beer-Battered Chicken,Hungry-ManBeer-Battered Chicken411 g,$5.79ea,,$1.41/ 100g,False
frozen,Righteous,Sea Salted Caramel Gelato,RighteousSea Salted Caramel Gelato562 ml,$9.99ea,$9.49ea,$1.69/ 100ml,True
frozen,Breyers,Ice Cream Creamery Style Light Kosher Certified Caramel Fudge ,BreyersIce Cream Creamery Style Light Kosher Certified Caramel Fudge 1.66 l,$5.49ea,,$0.33/ 100ml,False
frozen,Chapmans,Yukon French Vanilla & Almond Lynx Bar,ChapmansYukon French Vanilla & Almond Lynx Bar6x90.0 ml,$8.99ea,,$1.66/ 100ml,False
frozen,Wall’s,"Ice Cream, Bubble Tea Milk Tea & Boba Pearls Flavours, with Chewy Tapioca Balls","Wall’sIce Cream, Bubble Tea Milk Tea & Boba Pearls Flavours, with Chewy Tapioca Balls6 ea",$5.99ea,$5.49ea,$0.92/ 1ea,True
frozen,President's Choice,Plant Based Original Cheesecake-Style Dessert,President's ChoicePlant Based Original Cheesecake-Style Dessert540 g,$9.99ea,,$1.85/ 100g,False
frozen,President's Choice,"Ice Cream Shop, Elk Crossing Mini Ice Cream Bars","President's ChoiceIce Cream Shop, Elk Crossing Mini Ice Cream Bars330 ml",$6.49ea,,$1.97/ 100ml,False
frozen,High Liner,"Breaded Haddock Bites, Roasted Garlic & Herb","High LinerBreaded Haddock Bites, Roasted Garlic & Herb600 g",$12.99ea,,$2.17/ 100g,False
frozen,President's Choice,"Plant Based Black Bean, Corn and Sweet Potato Veggie Burgers","President's ChoicePlant Based Black Bean, Corn and Sweet Potato Veggie Burgers452 g",$7.99ea,,$1.77/ 100g,False
frozen,No Name,"Green Peas, Club Size","No NameGreen Peas, Club Size2 kg",$7.99ea,,$0.40/ 100g,False
frozen,Chapmans,"Chocolate, Salty Caramel & Peanuts","ChapmansChocolate, Salty Caramel & Peanuts2 l",$7.49ea,,$0.37/ 100ml,False
frozen,President's Choice,Shepherd's Pie Club Pack,President's ChoiceShepherd's Pie Club Pack1.8 kg,$25.99ea,,$1.44/ 100g,False
frozen,Pillsbury,Toaster Strudel Wildberry Flavour,PillsburyToaster Strudel Wildberry Flavour326 g,$3.99ea,,$1.22/ 100g,False
frozen,Breyers,"Ice Cream, Blueberry Grunt Locally Inspired Light ","BreyersIce Cream, Blueberry Grunt Locally Inspired Light 1.41 l",$5.49ea,,$0.39/ 100ml,False
frozen,Chapmans,Dutch Chocolate,ChapmansDutch Chocolate2 l,$5.49ea,$3.99ea,$0.20/ 100ml,True
frozen,CAVENDISH FARMS,Onion Hash Brown Patties,CAVENDISH FARMSOnion Hash Brown Patties600 g,$4.49ea,,$0.75/ 100g,False
frozen,Chapmans,No Sugar Added Lactose Free Ice Cream Coffee & Chocolate,ChapmansNo Sugar Added Lactose Free Ice Cream Coffee & Chocolate1 l,$5.50ea,$3.99ea,$0.40/ 100ml,True
frozen,Healthy Choice,Zero Tomato Basil Chicken,Healthy ChoiceZero Tomato Basil Chicken269 g,$7.49ea,,$2.78/ 100g,False
frozen,President's Choice,"Strawberries, Raspberries, Blackberries & Blueberries 4-Berry Blend, Club Size","President's ChoiceStrawberries, Raspberries, Blackberries & Blueberries 4-Berry Blend, Club Size2 kg",$19.99ea,,$1.00/ 100g,False
frozen,Breyers,Family Classic Frozen Dessert ,BreyersFamily Classic Frozen Dessert 1.66 l,$5.49ea,$4.99ea,$0.30/ 100ml,True
frozen,President's Choice,Cream First Chocolate Ice Cream,President's ChoiceCream First Chocolate Ice Cream1.5 l,$7.49ea,$5.49ea,$0.37/ 100ml,True
frozen,President's Choice,Cherry-Topped New York-Style Cheesecake,President's ChoiceCherry-Topped New York-Style Cheesecake600 g,$10.99ea,,$1.83/ 100g,False
frozen,Chapmans,"Yukon Ice Cream Chocolate, Salty Caramel, Peanuts & Milk Chocolate","ChapmansYukon Ice Cream Chocolate, Salty Caramel, Peanuts & Milk Chocolate5x140.0 ml",$8.99ea,,$1.28/ 100ml,False
frozen,President's Choice,Asian-Style Vegetable Blend ,President's ChoiceAsian-Style Vegetable Blend 500 g,$5.49ea,,$1.10/ 100g,False
frozen,Halo Top,Cookie Dough,Halo TopCookie Dough473 ml,$5.99ea,,$1.27/ 100ml,False
frozen,Chef Bombay,Butter Chicken,Chef BombayButter Chicken354 g,$6.99ea,,$1.97/ 100g,False
frozen,Stouffers,"BowlFULLs, Chicken Bacon Ranch","StouffersBowlFULLs, Chicken Bacon Ranch305 g",$6.99ea,,$2.29/ 100g,False
frozen,President's Choice,Sweet Potato Chunks,President's ChoiceSweet Potato Chunks400 g,$5.49ea,,$1.37/ 100g,False
frozen,Mccain,"Potato, Bistro Selects 9 Minute Savoury Frites","MccainPotato, Bistro Selects 9 Minute Savoury Frites600 g",$4.25ea,$2.99ea,$0.50/ 100g,True
frozen,Delissio,Rising Crust Veggie Deluxe Pizza,DelissioRising Crust Veggie Deluxe Pizza835 g,$6.50ea,$5.88ea,$0.70/ 100g,True
frozen,Delissio,Hawaiian Pizza,DelissioHawaiian Pizza857 g,$6.50ea,$5.88ea,$0.69/ 100g,True
frozen,President's Choice,Bacon-Wrapped Wild Sea Scallops,President's ChoiceBacon-Wrapped Wild Sea Scallops260 g,$17.99ea,,$6.92/ 100g,False
frozen,President's Choice,"Ice Cream, Plant Based Coconut Milk Frozen Dessert, Peanut Butter & Chocolatey Flakes","President's ChoiceIce Cream, Plant Based Coconut Milk Frozen Dessert, Peanut Butter & Chocolatey Flakes500 ml",$3.99ea,,$0.80/ 100ml,False
frozen,President's Choice,"Plant Based Coconut Milk Frozen Dessert, Chocolate","President's ChoicePlant Based Coconut Milk Frozen Dessert, Chocolate500 ml",$3.99ea,,$0.80/ 100ml,False
frozen,Gardein,Breakfast Saus'age Patties Maple,GardeinBreakfast Saus'age Patties Maple190 g,$8.49ea,,$4.47/ 100g,False
frozen,Shana,Okra Rings,ShanaOkra Rings300 g,$2.19ea,,$0.73/ 100g,False
frozen,Dr Oetker,Casa di Mama Deluxe Pizza,Dr OetkerCasa di Mama Deluxe Pizza410 g,$5.49ea,,$1.34/ 100g,False
frozen,Haagen Dazs,Exträaz Rocky Road Ice Cream,Haagen DazsExträaz Rocky Road Ice Cream500 ml,$6.99ea,,$1.40/ 100ml,False
frozen,Crave,All Day Breakfast Double Sausage and Bacon Loaded Tots,CraveAll Day Breakfast Double Sausage and Bacon Loaded Tots255 g,$6.49ea,,$2.55/ 100g,False
frozen,Life Cuisine,"Three Cheese Chicken, Pesto & Spinach Bowl","Life CuisineThree Cheese Chicken, Pesto & Spinach Bowl270 g",$6.99ea,,$2.59/ 100g,False
frozen,High Liner,"Pan Sear Selects Haddock, Traditional","High LinerPan Sear Selects Haddock, Traditional540 g",$17.99ea,,$3.60/ 100g,False
frozen,Dr Oetker,The Good Baker Spinach & Pumpkin Seed,Dr OetkerThe Good Baker Spinach & Pumpkin Seed350 g,$6.99ea,,$2.00/ 100g,False
frozen,Dr Oetker,Casa di Mama Three Meat Pizza,Dr OetkerCasa di Mama Three Meat Pizza395 g,$5.49ea,,$1.39/ 100g,False
frozen,Crave,Oven Baked Chicken and Ham in Macaroni & Cheese,CraveOven Baked Chicken and Ham in Macaroni & Cheese320 g,$6.49ea,,$2.03/ 100g,False
frozen,Haagen Dazs,Vanilla Almond Ice Cream Bars,Haagen DazsVanilla Almond Ice Cream Bars3x88.0 ml,$6.99ea,,$2.65/ 100ml,False
frozen,Swiss Chalet,BBQ Pork Ribs,Swiss ChaletBBQ Pork Ribs600 g,$15.99ea,,$2.67/ 100g,False
frozen,CAVENDISH FARMS,Restaurant Style Pub Fries,CAVENDISH FARMSRestaurant Style Pub Fries750 g,$4.99ea,,$0.67/ 100g,False
frozen,Crave,Pulled Chicken Burrito Bowl Frozen Meal,CravePulled Chicken Burrito Bowl Frozen Meal320 g,$6.49ea,,$2.03/ 100g,False
frozen,Green Giant,Valley Selections Cheddar Pasta With Vegetables,Green GiantValley Selections Cheddar Pasta With Vegetables500 g,$3.49ea,,$0.70/ 100g,False
frozen,Haagen Dazs,Exträaz Cookies & Cream Ice Cream Bars,Haagen DazsExträaz Cookies & Cream Ice Cream Bars3x72.0 ml,$6.99ea,,$3.24/ 100ml,False
frozen,Dr Oetker,Giuseppe Pizzeria Pizza 3 Cheese,Dr OetkerGiuseppe Pizzeria Pizza 3 Cheese3x186.0 g,$6.49ea,,$1.16/ 100g,False
frozen,President's Choice,Swedish Beef Meatballs,President's ChoiceSwedish Beef Meatballs907 g,$17.49ea,,$1.93/ 100g,False
frozen,PC Blue Menu,Chicken Korma,PC Blue MenuChicken Korma350 g,$4.99ea,,$1.43/ 100g,False
frozen,Dr Oetker,Casa di Mama Bacon Pizza,Dr OetkerCasa di Mama Bacon Pizza405 g,$5.49ea,,$1.36/ 100g,False
frozen,President's Choice,General Tao Chicken,President's ChoiceGeneral Tao Chicken350 g,$4.99ea,,$1.43/ 100g,False
frozen,Haagen Dazs,Ice Cream Extraaz Brownie Cookie Dough ,Haagen DazsIce Cream Extraaz Brownie Cookie Dough 500 ml,$6.99ea,,$1.40/ 100ml,False
frozen,Gardein,Fishless Fillet,GardeinFishless Fillet288 g,$7.49ea,,$2.60/ 100g,False
frozen,President's Choice,Crisp & Crunchy Mild Southern-Style Chicken Wings,President's ChoiceCrisp & Crunchy Mild Southern-Style Chicken Wings1.81 kg,$29.99ea,,$1.66/ 100g,False
frozen,President's Choice,Free From Turkey Meatballs,President's ChoiceFree From Turkey Meatballs800 g,$17.49ea,,$2.19/ 100g,False
frozen,President's Choice,Basil and Spinach Pesto Focaccia,President's ChoiceBasil and Spinach Pesto Focaccia415 g,$5.79ea,,$1.40/ 100g,False
frozen,PC Blue Menu,Sirloin Beef Burger,PC Blue MenuSirloin Beef Burger1.02 kg,$16.99ea,,$1.67/ 100g,False
frozen,President's Choice,Rotisserie-Style Chicken Wings,President's ChoiceRotisserie-Style Chicken Wings907 g,$17.99ea,,$1.98/ 100g,False
frozen,PC Blue Menu,Thick & Juicy™ Lean Beef Burgers  ,PC Blue MenuThick & Juicy™ Lean Beef Burgers  1.13 kg,$16.99ea,,$1.50/ 100g,False
frozen,President's Choice,Yorkshire Pudding,President's ChoiceYorkshire Pudding185 g,$4.99ea,,$2.70/ 100g,False
frozen,President's Choice,French Quiche Bistro-Style Selection,President's ChoiceFrench Quiche Bistro-Style Selection360 g,$7.99ea,,$2.22/ 100g,False
frozen,President's Choice,Crisp & Crunchy Spicy Southern-Style Chicken Wings,President's ChoiceCrisp & Crunchy Spicy Southern-Style Chicken Wings907 g,$17.99ea,,$1.98/ 100g,False
frozen,President's Choice,Mini Sausage Rolls,President's ChoiceMini Sausage Rolls500 g,$10.99ea,,$2.20/ 100g,False
frozen,President's Choice,"Flatbread Chicken, Bacon & Caramelized Onion","President's ChoiceFlatbread Chicken, Bacon & Caramelized Onion340 g",$5.79ea,,$1.70/ 100g,False
frozen,President's Choice,Nashville-Style Chicken Wings,President's ChoiceNashville-Style Chicken Wings907 g,$17.99ea,,$1.98/ 100g,False
frozen,PC Blue Menu,"Thin & Crispy Vegetables, Spinach And Goat Cheese Pizza","PC Blue MenuThin & Crispy Vegetables, Spinach And Goat Cheese Pizza363 g",$5.79ea,,$1.60/ 100g,False
frozen,No Name,Diced Hash Browns,No NameDiced Hash Browns1 kg,$4.49ea,,$0.45/ 100g,False
frozen,PC Blue Menu,Meat Lasagna,PC Blue MenuMeat Lasagna320 g,$4.49ea,,$1.40/ 100g,False
frozen,President's Choice,Plant Based Beefless Undeniable Burger,President's ChoicePlant Based Beefless Undeniable Burger452 g,$11.99ea,,$2.65/ 100g,False
frozen,Lous,Maple Bourbon Pork Back Ribs In Maple Bourbon Bbq Sauce,LousMaple Bourbon Pork Back Ribs In Maple Bourbon Bbq Sauce585 g,$15.99ea,,$2.73/ 100g,False
frozen,Dream Pops,Vanilla Sky Bites,Dream PopsVanilla Sky Bites118 ml,$8.99ea,,$7.62/ 100ml,False
frozen,Roman,Lasagna,RomanLasagna2.25 kg,$14.99ea,,$0.67/ 100g,False
frozen,Lean Cuisine,"Selections, Sweet & Sour Chicken","Lean CuisineSelections, Sweet & Sour Chicken238 g",$4.79ea,,$2.01/ 100g,False
frozen,Natrel,Lactose Free Completely Chocolate Ice Cream ,NatrelLactose Free Completely Chocolate Ice Cream 473 ml,$5.79ea,,$1.22/ 100ml,False
frozen,President's Choice,Pacific White Shrimp Cooked Peeled,President's ChoicePacific White Shrimp Cooked Peeled400 g,$10.99ea,$7.99ea,$2.00/ 100g,True
frozen,Ready Bake,Frozen Garlic Bread With Cheese,Ready BakeFrozen Garlic Bread With Cheese395 g,$4.99ea,,$1.26/ 100g,False
frozen,No Name,Concentrated Lemonade,No NameConcentrated Lemonade283 ml,$1.89ea,,$0.67/ 100ml,False
frozen,Janes,BBQ Chickens Bites,JanesBBQ Chickens Bites710 g,$20.99ea,,$2.96/ 100g,False
frozen,PC Blue Menu,Italian-Style Bean & Chicken Protein Bowl,PC Blue MenuItalian-Style Bean & Chicken Protein Bowl300 g,$4.99ea,,$1.66/ 100g,False
frozen,Sweets From The Earth,Chocolate Chip Cookie Dough,Sweets From The EarthChocolate Chip Cookie Dough454 g,$9.99ea,,$2.20/ 100g,False
frozen,CAVENDISH FARMS,Original Hash Brown Patties,CAVENDISH FARMSOriginal Hash Brown Patties1.2 kg,$6.99ea,,$0.58/ 100g,False
frozen,No Name,"Chicken Burger, Club Pack","No NameChicken Burger, Club Pack1810 g",$12.49ea,,$0.69/ 100g,False
frozen,President's Choice,Berry Blush Banana Smoothie Blend,President's ChoiceBerry Blush Banana Smoothie Blend450 g,$5.99ea,,$1.33/ 100g,False
frozen,Seaquest,"Colossal Raw Shrimp, 16/20","SeaquestColossal Raw Shrimp, 16/20300 g",$7.99ea,,$2.66/ 100g,False
frozen,Honeydew,100% Apple Juice With Vitamine C Added,Honeydew100% Apple Juice With Vitamine C Added355 ml,$2.49ea,,$0.70/ 100ml,False
frozen,Amys,Mattar Paneer,AmysMattar Paneer284 g,$4.49ea,,$1.58/ 100g,False
frozen,Zabiha Halal,Chicken Breast Nuggets,Zabiha HalalChicken Breast Nuggets800 g,$13.99ea,,$1.75/ 100g,False
frozen,Mccain,Pepperoni Pizza Pockets,MccainPepperoni Pizza Pockets300 g,$4.99ea,,$1.66/ 100g,False
frozen,No Name,"Fully Cooked, Breaded Chicken Nuggets Cutlettes","No NameFully Cooked, Breaded Chicken Nuggets Cutlettes908 g",$6.99ea,,$0.77/ 100g,False
frozen,So Delicious,"Dairy Free Cashew-Based Frozen Dessert, Salted Caramel Cluster","So DeliciousDairy Free Cashew-Based Frozen Dessert, Salted Caramel Cluster500 ml",$8.49ea,,$1.70/ 100ml,False
frozen,So Delicious,"Dairy Free Cashew-Based Frozen Dessert, Cinnamon Cookie Dough","So DeliciousDairy Free Cashew-Based Frozen Dessert, Cinnamon Cookie Dough479 ml",$8.49ea,,$1.70/ 100ml,False
frozen,Villas,Cheese Tortellini,VillasCheese Tortellini400 g,$4.49ea,,$1.12/ 100g,False
frozen,Magnum,Mini Ice Cream Bar Double Caramel,MagnumMini Ice Cream Bar Double Caramel4x55.0 ml,$6.99ea,,$3.18/ 100ml,False
frozen,BlueWater Seafoods,Garlic & Herb Fillets,BlueWater SeafoodsGarlic & Herb Fillets300 g,$5.99ea,,$2.00/ 100g,False
frozen,Boston Market,Meatloaf,Boston MarketMeatloaf397 g,$5.49ea,,$1.38/ 100g,False
frozen,President's Choice,California Vegetable Blend,President's ChoiceCalifornia Vegetable Blend1.75 kg,$10.99ea,$9.99ea,$0.57/ 100g,True
frozen,CAVENDISH FARMS,Cavendish Farms Restaurant Style Diner Style Hash Browns (1.5 Kg),CAVENDISH FARMSCavendish Farms Restaurant Style Diner Style Hash Browns (1.5 Kg)1.5 kg,$10.49ea,,$0.70/ 100g,False
frozen,Dream Pops,Berry Dreams,Dream PopsBerry Dreams168 ml,$7.49ea,,$4.46/ 100ml,False
frozen,Unbun,Everything Unbagels,UnbunEverything Unbagels360 g,$12.99ea,$10.99ea,$3.05/ 100g,True
frozen,Mikes,Pizza Bbq Chicken,MikesPizza Bbq Chicken777 g,$10.49ea,,$1.35/ 100g,False
frozen,Green Giant,Broccoli & Cheese Veggie Tots,Green GiantBroccoli & Cheese Veggie Tots454 g,$6.49ea,,$1.43/ 100g,False
frozen,Righteous,Dairy Free Dark Chocolate Plant Based Gelato,RighteousDairy Free Dark Chocolate Plant Based Gelato562 ml,$8.99ea,,$1.60/ 100ml,False
frozen,Krinos,"Fillo Twisters, Delicious Apples","KrinosFillo Twisters, Delicious Apples6x140.0 g",$9.99ea,,$1.19/ 100g,False
frozen,BlueWater Seafoods,Crunchy Breaded Sole    ,BlueWater SeafoodsCrunchy Breaded Sole    525 g,$14.99ea,$13.99ea,$2.66/ 100g,True
frozen,Nature's Path,Envirokidz Polar Beary Waffles Pink Blueberry Organic,Nature's PathEnvirokidz Polar Beary Waffles Pink Blueberry Organic240 g,$6.49ea,$5.49ea,$2.29/ 100g,True
frozen,Lean Cuisine,"White Cheddar Macaroni & Cheese, Frozen Entrée","Lean CuisineWhite Cheddar Macaroni & Cheese, Frozen Entrée226 g",$4.79ea,,$2.12/ 100g,False
frozen,Cheemo,"Perogies, Pizza","CheemoPerogies, Pizza815 g",$4.29ea,,$0.53/ 100g,False
frozen,Cheemo,"Heritage Pierogies, Harvest Potatoes with Aged White Cheddar Cheese","CheemoHeritage Pierogies, Harvest Potatoes with Aged White Cheddar Cheese815 g",$4.29ea,,$0.53/ 100g,False
frozen,Mccain,Pizza Pockets Three Cheese,MccainPizza Pockets Three Cheese1.2 kg,$14.99ea,,$1.25/ 100g,False
frozen,Foppen,Smoked Salmon Toast Trio,FoppenSmoked Salmon Toast Trio248 g,$15.99ea,,$6.45/ 100g,False
frozen,Millennia Tea, Superfood Tea Cubes,Millennia Tea Superfood Tea Cubes81 g,$12.99ea,,$16.04/ 100g,False
frozen,,In Homestyle Brown Gravy Salisbury Meat Pot Pie,In Homestyle Brown Gravy Salisbury Meat Pot Pie470 g,$10.99ea,,$2.34/ 100g,False
frozen,Blender Bites,Green D-Tox One Step Smoothie Puck Organic,Blender BitesGreen D-Tox One Step Smoothie Puck Organic540 g,$14.99ea,$12.99ea,$2.41/ 100g,True
frozen,Healthy Choice,Power Bowl Chicken,Healthy ChoicePower Bowl Chicken262 g,$7.49ea,,$2.86/ 100g,False
frozen,Pulp and Press,Fruit & Vegetable Juice Rinse & Rebeet,Pulp and PressFruit & Vegetable Juice Rinse & Rebeet355 ml,$7.99ea,,$2.25/ 100ml,False
frozen,Silver Hills,Sprouted Power Organic Turmeric Tortillas 6 Hand-Stretched Tortillas,Silver HillsSprouted Power Organic Turmeric Tortillas 6 Hand-Stretched Tortillas255 g,$6.99ea,,$2.74/ 100g,False
frozen,President's Choice,Breaded Chicken Breast Fillets Buttermilk 17 Pieces Minimum,President's ChoiceBreaded Chicken Breast Fillets Buttermilk 17 Pieces Minimum907 g,$19.99ea,,$2.20/ 100g,False
frozen,Healthy Choice,Chicken Marinara,Healthy ChoiceChicken Marinara262 g,$7.49ea,,$2.86/ 100g,False
frozen,T&T,Frozen Cooked Soy Beans,T&TFrozen Cooked Soy Beans454 g,$3.49ea,,$0.77/ 100g,False
frozen,Tenderflake,Patty Shells,TenderflakePatty Shells300 g,$5.29ea,,$1.76/ 100g,False
frozen,Schneider,"Deep Dish Quiche Lorraine, Ham & Cheese","SchneiderDeep Dish Quiche Lorraine, Ham & Cheese624 g",$16.99ea,,$2.72/ 100g,False
frozen,Sol Cuisine,Crispy Chik'N Tenders Plant Based,Sol CuisineCrispy Chik'N Tenders Plant Based300 g,$7.49ea,,$2.50/ 100g,False
frozen,President's Choice,Free From Chicken Fillet,President's ChoiceFree From Chicken Fillet750 g,$17.99ea,,$2.40/ 100g,False
frozen,Mccain,Egg and Cheese Breakfast Pockets,MccainEgg and Cheese Breakfast Pockets600 g,$5.99ea,,$1.00/ 100g,False
frozen,Chapmans,Lolly Banana,ChapmansLolly Banana28x50.0 ml,$5.99ea,$3.99ea,$0.29/ 100ml,True
frozen,Swanson,Oven Roasters Seasoned Red Potato Wedges & Onions,SwansonOven Roasters Seasoned Red Potato Wedges & Onions425 g,$6.49ea,,$1.53/ 100g,False
frozen,President's Choice,Butternut Squash Chunks ,President's ChoiceButternut Squash Chunks 750 g,$5.49ea,,$0.73/ 100g,False
frozen,Chapmans,Saucy Vanilla Bean & Salty Caramel Yogurt,ChapmansSaucy Vanilla Bean & Salty Caramel Yogurt2 l,$5.49ea,,$0.27/ 100ml,False
frozen,President's Choice,"Pineapple, Dragon Fruit & Passion Fruit Tropical Fruit Blend","President's ChoicePineapple, Dragon Fruit & Passion Fruit Tropical Fruit Blend500 g",$5.99ea,,$1.20/ 100g,False
frozen,Binggrae,Melona Frozen Dessert Bars Honeydew Melon,BinggraeMelona Frozen Dessert Bars Honeydew Melon560 ml,$6.99ea,,$1.25/ 100ml,False
frozen,Green Giant,Cauliflower Riced Veggies,Green GiantCauliflower Riced Veggies340 g,$5.49ea,,$1.61/ 100g,False
frozen,President's Choice,"Dark Sweet Cherries, Blueberries and Blackberries Power Fruit Blend ","President's ChoiceDark Sweet Cherries, Blueberries and Blackberries Power Fruit Blend 600 g",$5.99ea,,$1.00/ 100g,False
frozen,President's Choice,Black Tiger Shrimp With Mild Cocktail Sauce Gigantico,President's ChoiceBlack Tiger Shrimp With Mild Cocktail Sauce Gigantico568 g,$27.99ea,,$4.93/ 100g,False
frozen,No Name,Diced Onions,No NameDiced Onions750 g,$3.50ea,$3.29ea,$0.44/ 100g,True
frozen,No Name,"Peas & Carrots, Club Size","No NamePeas & Carrots, Club Size2 kg",$7.99ea,,$0.40/ 100g,False
frozen,Chapmans,Cherry Centre Super Cone,ChapmansCherry Centre Super Cone8x120.0 ml,$8.99ea,,$0.94/ 100ml,False
frozen,PC Blue Menu,Honey Greek Yogurt Smoothie Bars,PC Blue MenuHoney Greek Yogurt Smoothie Bars6x80.0 ml,$6.99ea,,$1.46/ 100ml,False
frozen,President's Choice,Cranberries,President's ChoiceCranberries600 g,$5.99ea,,$1.00/ 100g,False
frozen,Marie Callender's,Three Meat Lasagna,Marie Callender'sThree Meat Lasagna879 g,$10.99ea,,$1.25/ 100g,False
frozen,PC Organics,Organic Chopped Kale,PC OrganicsOrganic Chopped Kale300 g,$5.49ea,,$1.83/ 100g,False
frozen,Kawartha,Moose Tracks Ice Cream,KawarthaMoose Tracks Ice Cream1.5 l,$8.99ea,,$0.60/ 100ml,False
frozen,Chapmans,Vanilla Yogurt Sandwich,ChapmansVanilla Yogurt Sandwich12x120.0 ml,$8.99ea,,$0.62/ 100ml,False
frozen,Tenderflake,Deep Dish Pie Shells,TenderflakeDeep Dish Pie Shells350 g,$5.29ea,,$1.51/ 100g,False
frozen,President's Choice,Breaded Avocado Bites ,President's ChoiceBreaded Avocado Bites 400 g,$8.99ea,$5.99ea,$1.50/ 100g,True
frozen,President's Choice,Cream First Vanilla Ice Cream Bars,President's ChoiceCream First Vanilla Ice Cream Bars340 ml,$6.49ea,,$1.91/ 100ml,False
frozen,Michelina,Zap'ems Taco Bites,MichelinaZap'ems Taco Bites156 g,$2.49ea,,$1.60/ 100g,False
frozen,President's Choice,Extra Cheesy Mac & Cheese,President's ChoiceExtra Cheesy Mac & Cheese1.13 kg,$12.99ea,,$1.15/ 100g,False
frozen,President's Choice,Lavender Lemonade Flavoured Ice Pops,President's ChoiceLavender Lemonade Flavoured Ice Pops6x60.0 ml,$5.99ea,,$1.66/ 100ml,False
frozen,Healthy Choice,"Gourmet Steamers, Grilled Chicken Marinara","Healthy ChoiceGourmet Steamers, Grilled Chicken Marinara283 g",$5.79ea,,$2.05/ 100g,False
frozen,Chapmans,Cherry Peach Passion Sorbet,ChapmansCherry Peach Passion Sorbet2 l,$5.49ea,,$0.27/ 100ml,False
frozen,Chapmans,No Sugar Added NSA Vanilla Cone,ChapmansNo Sugar Added NSA Vanilla Cone4x120.0 ml,$5.50ea,$3.99ea,$0.83/ 100ml,True
frozen,Michelina,"Grande, Macaroni and Beef","MichelinaGrande, Macaroni and Beef454 g",$4.49ea,,$0.99/ 100g,False
frozen,Breyers,Ice Cream Creamery Style Light Gluten-Free Dark Cherry Vanilla ,BreyersIce Cream Creamery Style Light Gluten-Free Dark Cherry Vanilla 1.66 l,$5.49ea,,$0.33/ 100ml,False
frozen,Tenderflake,"Pie Shells, Original","TenderflakePie Shells, Original320 g",$5.29ea,,$1.65/ 100g,False
frozen,Healthy Choice,Chicken Teriyaki,Healthy ChoiceChicken Teriyaki283 g,$5.79ea,,$2.05/ 100g,False
frozen,Healthy Choice,Power Bowls Cauliflower Curry 280 g,Healthy ChoicePower Bowls Cauliflower Curry 280 g280 g,$7.49ea,,$2.68/ 100g,False
frozen,High Liner,"Lemon Peppercorn Fillets, Breaded Seasoned Pollock","High LinerLemon Peppercorn Fillets, Breaded Seasoned Pollock500 g",$10.99ea,$8.49ea,$1.70/ 100g,True
frozen,No Name,Space Pops,No NameSpace Pops30x75.0 ml,$7.99ea,,$0.36/ 100ml,False
frozen,President's Choice,Thick & Juicy Beef Burgers,President's ChoiceThick & Juicy Beef Burgers2.72 kg,$31.99ea,,$1.18/ 100g,False
frozen,Chapmans,Mint Chip,ChapmansMint Chip2 l,$5.49ea,$3.99ea,$0.20/ 100ml,True
frozen,Cadbury,Caramilk Frozen Dessert Bars,CadburyCaramilk Frozen Dessert Bars5x80.0 ml,$5.49ea,,$1.37/ 100ml,False
frozen,Healthy Choice,Simply Chicken Broccoli Alfredo,Healthy ChoiceSimply Chicken Broccoli Alfredo259 g,$5.79ea,,$2.24/ 100g,False
frozen,Swanson,Fried Chicken,SwansonFried Chicken280 g,$4.79ea,,$1.71/ 100g,False
frozen,Nestle,Drumstick Vanilla,NestleDrumstick Vanilla4x140.0 ml,$7.99ea,,$1.43/ 100ml,False
frozen,Healthy Choice,Simply Meatball Marinara ,Healthy ChoiceSimply Meatball Marinara 283 g,$5.79ea,,$2.05/ 100g,False
frozen,President's Choice,"Riced Ready Veggie, Cauliflower","President's ChoiceRiced Ready Veggie, Cauliflower500 g",$5.49ea,,$1.10/ 100g,False
frozen,No Name,Cut Green Beans,No NameCut Green Beans750 g,$3.50ea,$3.29ea,$0.44/ 100g,True
frozen,Tenderflake,Puff Pastry,TenderflakePuff Pastry397 g,$5.29ea,,$1.33/ 100g,False
frozen,Michelina,s Grande 1LB Macaroni & Cheese,Michelinas Grande 1LB Macaroni & Cheese454 g,$4.49ea,,$0.99/ 100g,False
frozen,Breyers,Family Classic Frozen Dessert Gluten Free ,BreyersFamily Classic Frozen Dessert Gluten Free 1.66 l,$5.49ea,$4.99ea,$0.30/ 100ml,True
frozen,President's Choice,Neapolitan Ice Cream,President's ChoiceNeapolitan Ice Cream1.65 l,$5.99ea,,$0.36/ 100ml,False
frozen,Cool Whip,Original Frozen Whipped Topping,Cool WhipOriginal Frozen Whipped Topping1 l,$4.99ea,,$0.50/ 100ml,False
frozen,Del Monte, Real Banana 1/2 Dipped Chocolate,Del Monte Real Banana 1/2 Dipped Chocolate10x50.0 ml,$7.99ea,,$1.60/ 100ml,False
frozen,Chapmans,Premium Cookies & Cream,ChapmansPremium Cookies & Cream2 l,$7.49ea,,$0.37/ 100ml,False
frozen,,Lean Ground Beef,Lean Ground Beef1.2 kg,$10.00ea,,$0.83/ 100g,False
frozen,Breyers,Ice Cream Creamery Style Light Gluten-Free Butterscotch Ripple ,BreyersIce Cream Creamery Style Light Gluten-Free Butterscotch Ripple 1.66 l,$5.49ea,,$0.33/ 100ml,False
frozen,Breyers,Frozen Dessert for a delicious treat Reese's Peanut Butter Cups,BreyersFrozen Dessert for a delicious treat Reese's Peanut Butter Cups1.66 l,$5.49ea,,$0.33/ 100ml,False
frozen,High Liner,Crispy Breaded Fish Fillets,High LinerCrispy Breaded Fish Fillets350 g,$5.99ea,,$1.71/ 100g,False
frozen,Shaw's,Ice Cream Unicorn Toots,Shaw'sIce Cream Unicorn Toots1.5 l,$8.99ea,,$0.60/ 100ml,False
frozen,Breyers,Family Classic Ice Cream Mint Chocolate Chip For a Frozen Dessert ,BreyersFamily Classic Ice Cream Mint Chocolate Chip For a Frozen Dessert 1.66 l,$6.99ea,$4.99ea,$0.30/ 100ml,True
frozen,Righteous,"Ice Cream, Dark Chocolate Caramel Sea Salt Gelato","RighteousIce Cream, Dark Chocolate Caramel Sea Salt Gelato562 ml",$9.99ea,$9.49ea,$1.69/ 100ml,True
frozen,Michelina,Spaghetti Bolognese,MichelinaSpaghetti Bolognese255 g,$2.49ea,,$0.98/ 100g,False
frozen,President's Choice,Plant Based Fishless Bites,President's ChoicePlant Based Fishless Bites400 g,$7.99ea,,$2.00/ 100g,False
frozen,President's Choice,Coconut Cream Pie,President's ChoiceCoconut Cream Pie830 g,$11.99ea,,$1.44/ 100g,False
frozen,President's Choice,Free From Chicken Fillet,President's ChoiceFree From Chicken Fillet750 g,$17.99ea,,$2.40/ 100g,False
frozen,Mccain,Egg and Cheese Breakfast Pockets,MccainEgg and Cheese Breakfast Pockets600 g,$5.99ea,,$1.00/ 100g,False
frozen,President's Choice,Wild Blueberry-Topped New York-Style Cheesecake,President's ChoiceWild Blueberry-Topped New York-Style Cheesecake600 g,$10.99ea,,$1.83/ 100g,False
frozen,Chapmans,3 Of a Kind Vanilla,Chapmans3 Of a Kind Vanilla2 l,$5.49ea,,$0.27/ 100ml,False
frozen,Chapmans,Sorbet Mango,ChapmansSorbet Mango2 l,$5.49ea,,$0.27/ 100ml,False
frozen,Chapmans,Premium Chocolate Fudge Brownie,ChapmansPremium Chocolate Fudge Brownie2 l,$7.49ea,,$0.37/ 100ml,False
frozen,Bridor,Mini Chocolatines All Butter,BridorMini Chocolatines All Butter450 g,$6.99ea,,$1.55/ 100g,False
frozen,President's Choice,Breaded Haddock Fillets,President's ChoiceBreaded Haddock Fillets550 g,$17.99ea,,$3.27/ 100g,False
frozen,Shaw's,Ice Cream Cotton Candy,Shaw'sIce Cream Cotton Candy1.5 l,$8.99ea,,$0.60/ 100ml,False
frozen,Marie Callender's,Three Meat Lasagna,Marie Callender'sThree Meat Lasagna879 g,$10.99ea,,$1.25/ 100g,False
frozen,PC Organics,Organic Chopped Kale,PC OrganicsOrganic Chopped Kale300 g,$5.49ea,,$1.83/ 100g,False
frozen,Kawartha,Moose Tracks Ice Cream,KawarthaMoose Tracks Ice Cream1.5 l,$8.99ea,,$0.60/ 100ml,False
frozen,Chapmans,Vanilla Yogurt Sandwich,ChapmansVanilla Yogurt Sandwich12x120.0 ml,$8.99ea,,$0.62/ 100ml,False
frozen,Tenderflake,Deep Dish Pie Shells,TenderflakeDeep Dish Pie Shells350 g,$5.29ea,,$1.51/ 100g,False
frozen,President's Choice,Breaded Avocado Bites ,President's ChoiceBreaded Avocado Bites 400 g,$8.99ea,$5.99ea,$1.50/ 100g,True
frozen,President's Choice,Cream First Vanilla Ice Cream Bars,President's ChoiceCream First Vanilla Ice Cream Bars340 ml,$6.49ea,,$1.91/ 100ml,False
frozen,Michelina,Zap'ems Taco Bites,MichelinaZap'ems Taco Bites156 g,$2.49ea,,$1.60/ 100g,False
frozen,President's Choice,Extra Cheesy Mac & Cheese,President's ChoiceExtra Cheesy Mac & Cheese1.13 kg,$12.99ea,,$1.15/ 100g,False
frozen,President's Choice,Lavender Lemonade Flavoured Ice Pops,President's ChoiceLavender Lemonade Flavoured Ice Pops6x60.0 ml,$5.99ea,,$1.66/ 100ml,False
frozen,President's Choice,Neapolitan Ice Cream,President's ChoiceNeapolitan Ice Cream1.65 l,$5.99ea,,$0.36/ 100ml,False
frozen,Cool Whip,Original Frozen Whipped Topping,Cool WhipOriginal Frozen Whipped Topping1 l,$4.99ea,,$0.50/ 100ml,False
frozen,Del Monte, Real Banana 1/2 Dipped Chocolate,Del Monte Real Banana 1/2 Dipped Chocolate10x50.0 ml,$7.99ea,,$1.60/ 100ml,False
frozen,Chapmans,Premium Cookies & Cream,ChapmansPremium Cookies & Cream2 l,$7.49ea,,$0.37/ 100ml,False
frozen,,Lean Ground Beef,Lean Ground Beef1.2 kg,$10.00ea,,$0.83/ 100g,False
frozen,Breyers,Ice Cream Creamery Style Light Gluten-Free Butterscotch Ripple ,BreyersIce Cream Creamery Style Light Gluten-Free Butterscotch Ripple 1.66 l,$5.49ea,,$0.33/ 100ml,False
frozen,Breyers,Frozen Dessert for a delicious treat Reese's Peanut Butter Cups,BreyersFrozen Dessert for a delicious treat Reese's Peanut Butter Cups1.66 l,$5.49ea,,$0.33/ 100ml,False
frozen,High Liner,Crispy Breaded Fish Fillets,High LinerCrispy Breaded Fish Fillets350 g,$5.99ea,,$1.71/ 100g,False
frozen,Shaw's,Ice Cream Unicorn Toots,Shaw'sIce Cream Unicorn Toots1.5 l,$8.99ea,,$0.60/ 100ml,False
frozen,Breyers,Family Classic Ice Cream Mint Chocolate Chip For a Frozen Dessert ,BreyersFamily Classic Ice Cream Mint Chocolate Chip For a Frozen Dessert 1.66 l,$6.99ea,$4.99ea,$0.30/ 100ml,True
frozen,Righteous,"Ice Cream, Dark Chocolate Caramel Sea Salt Gelato","RighteousIce Cream, Dark Chocolate Caramel Sea Salt Gelato562 ml",$9.99ea,$9.49ea,$1.69/ 100ml,True
frozen,Michelina,Spaghetti Bolognese,MichelinaSpaghetti Bolognese255 g,$2.49ea,,$0.98/ 100g,False
frozen,President's Choice,Plant Based Fishless Bites,President's ChoicePlant Based Fishless Bites400 g,$7.99ea,,$2.00/ 100g,False
frozen,President's Choice,Coconut Cream Pie,President's ChoiceCoconut Cream Pie830 g,$11.99ea,,$1.44/ 100g,False
frozen,Shaw's,Chocolate Peanut Butter ,Shaw'sChocolate Peanut Butter 1.5 l,$8.99ea,,$0.60/ 100ml,False
frozen,President's Choice,Bangkok-Style Vegetable Blend ,President's ChoiceBangkok-Style Vegetable Blend 500 g,$5.49ea,,$1.10/ 100g,False
frozen,Swanson,Turkey,SwansonTurkey338 g,$4.79ea,,$1.42/ 100g,False
frozen,Healthy Choice,"Gourmet Steamers, Grilled Chicken Marinara","Healthy ChoiceGourmet Steamers, Grilled Chicken Marinara283 g",$5.79ea,,$2.05/ 100g,False
frozen,Chapmans,Cherry Peach Passion Sorbet,ChapmansCherry Peach Passion Sorbet2 l,$5.49ea,,$0.27/ 100ml,False
frozen,Chapmans,No Sugar Added NSA Vanilla Cone,ChapmansNo Sugar Added NSA Vanilla Cone4x120.0 ml,$5.50ea,$3.99ea,$0.83/ 100ml,True
frozen,Nestle,Drumstick Vanilla,NestleDrumstick Vanilla4x140.0 ml,$7.99ea,,$1.43/ 100ml,False
frozen,President's Choice,Salted Caramel Mochi,President's ChoiceSalted Caramel Mochi6x35.0 ml,$6.49ea,,$3.09/ 100ml,False
frozen,Delissio,Rising Crust 4 Cheese Pizza,DelissioRising Crust 4 Cheese Pizza782 g,$6.50ea,$5.88ea,$0.75/ 100g,True
frozen,Cheemo,"Perogies, Cheddar Cheese","CheemoPerogies, Cheddar Cheese2 kg",$7.99ea,$5.99ea,$0.30/ 100g,True
frozen,Delissio,Rising Crust Pepperoni Pizza,DelissioRising Crust Pepperoni Pizza788 g,$6.50ea,$5.88ea,$0.75/ 100g,True
frozen,Haagen Dazs,Exträaz Salted Caramel Brownie Ice Cream,Haagen DazsExträaz Salted Caramel Brownie Ice Cream500 ml,$6.99ea,,$1.40/ 100ml,False
frozen,Haagen Dazs,Ice Cream Extraaz Layers Mocha Cheesecake ,Haagen DazsIce Cream Extraaz Layers Mocha Cheesecake 414 ml,$6.99ea,,$1.69/ 100ml,False
frozen,CAVENDISH FARMS,Cavendish Farms Simply Homestyle Straight Cut Fries (750 G),CAVENDISH FARMSCavendish Farms Simply Homestyle Straight Cut Fries (750 G)750 g,$4.99ea,,$0.67/ 100g,False
frozen,Dr Oetker,Giuseppe Pizzeria Giuseppe Rising Crust Deluxe Pizza,Dr OetkerGiuseppe Pizzeria Giuseppe Rising Crust Deluxe Pizza785 g,$8.49ea,,$1.08/ 100g,False
frozen,Dr Oetker,Ristorante Thin Crust Pepperoni Pizza,Dr OetkerRistorante Thin Crust Pepperoni Pizza320 g,$5.49ea,,$1.72/ 100g,False
frozen,Dr Oetker,Ristorante Thin Crust Pollo (Chicken) Pizza,Dr OetkerRistorante Thin Crust Pollo (Chicken) Pizza355 g,$5.49ea,,$1.55/ 100g,False
frozen,Chapmans,Premuim Canadian Collection Creamy Milk Chocolate and Vanilla Bars,ChapmansPremuim Canadian Collection Creamy Milk Chocolate and Vanilla Bars8x55.0 ml,$5.99ea,$3.99ea,$0.91/ 100ml,True
frozen,Haagen Dazs,Dulce de Leche Ice Cream,Haagen DazsDulce de Leche Ice Cream500 ml,$6.99ea,,$1.40/ 100ml,False
frozen,CAVENDISH FARMS,Cavendish Farms Flavourcrisp Crispy Spicy Cracked Pepper Straight Cut (750G),CAVENDISH FARMSCavendish Farms Flavourcrisp Crispy Spicy Cracked Pepper Straight Cut (750G)750 g,$4.99ea,,$0.67/ 100g,False
frozen,No Name,"Chicken Wings, Honey Garlic","No NameChicken Wings, Honey Garlic908 g",$14.99ea,$14.49ea,$1.60/ 100g,True
frozen,Dr Oetker,Ristorante Thin Crust Pepperoni Pesto Pizza,Dr OetkerRistorante Thin Crust Pepperoni Pesto Pizza360 g,$5.49ea,,$1.53/ 100g,False
frozen,Dr Oetker,Giuseppe Thin Crust Canadian Pizza,Dr OetkerGiuseppe Thin Crust Canadian Pizza501 g,$8.49ea,,$1.69/ 100g,False
frozen,Haagen Dazs,Premium Ice Cream Bar Cacao Ruby,Haagen DazsPremium Ice Cream Bar Cacao Ruby72 ml,$6.99ea,,$9.71/ 100ml,False
frozen,Chapmans,Neapolitan,ChapmansNeapolitan2 l,$5.49ea,$3.99ea,$0.20/ 100ml,True
frozen,Green Giant,French Style Green Beans,Green GiantFrench Style Green Beans750 g,$3.49ea,,$0.47/ 100g,False
frozen,Dr Oetker,"Giuseppe Pizza, 4 Cheese","Dr OetkerGiuseppe Pizza, 4 Cheese660 g",$8.49ea,,$1.29/ 100g,False
frozen,Dr Oetker,Giuseppe Pizzeria Giuseppe Thin Crust Spinach Pizza,Dr OetkerGiuseppe Pizzeria Giuseppe Thin Crust Spinach Pizza540 g,$8.49ea,,$1.57/ 100g,False
frozen,CAVENDISH FARMS,Restaurant Style All - Seasoned Kettle Style Potato Wedges,CAVENDISH FARMSRestaurant Style All - Seasoned Kettle Style Potato Wedges750 g,$4.99ea,,$0.67/ 100g,False
frozen,President's Choice,Beef & Broccoli,President's ChoiceBeef & Broccoli350 g,$4.99ea,,$1.43/ 100g,False
frozen,Gardein,Crispy Fingers Chipotle Lime,GardeinCrispy Fingers Chipotle Lime270 g,$7.49ea,,$2.77/ 100g,False
frozen,CAVENDISH FARMS,Fries Extra Thin Gourmet,CAVENDISH FARMSFries Extra Thin Gourmet750 g,$4.99ea,,$0.67/ 100g,False
frozen,Green Giant,Peaches N Cream Corn,Green GiantPeaches N Cream Corn750 g,$3.49ea,,$0.47/ 100g,False
frozen,Crave,Sweet & Tangy Pulled Pork with Spicy Sweet Potatoes Frozen Meal,CraveSweet & Tangy Pulled Pork with Spicy Sweet Potatoes Frozen Meal283 g,$6.49ea,,$2.29/ 100g,False
frozen,Haagen Dazs,Ice Cream Extraaz Layers Mocha Cheesecake ,Haagen DazsIce Cream Extraaz Layers Mocha Cheesecake 414 ml,$6.99ea,,$1.69/ 100ml,False
frozen,CAVENDISH FARMS,Cavendish Farms Simply Homestyle Straight Cut Fries (750 G),CAVENDISH FARMSCavendish Farms Simply Homestyle Straight Cut Fries (750 G)750 g,$4.99ea,,$0.67/ 100g,False
frozen,Dr Oetker,Giuseppe Pizzeria Giuseppe Rising Crust Deluxe Pizza,Dr OetkerGiuseppe Pizzeria Giuseppe Rising Crust Deluxe Pizza785 g,$8.49ea,,$1.08/ 100g,False
frozen,Dr Oetker,Ristorante Thin Crust Pepperoni Pizza,Dr OetkerRistorante Thin Crust Pepperoni Pizza320 g,$5.49ea,,$1.72/ 100g,False
frozen,High Liner,"Frozen Crispy Breaded, Frozen, Cod Fillets, Uncooked","High LinerFrozen Crispy Breaded, Frozen, Cod Fillets, Uncooked515 g",$17.99ea,,$3.49/ 100g,False
frozen,PC Blue Menu,Chicken Tikka Masala,PC Blue MenuChicken Tikka Masala350 g,$4.99ea,,$1.43/ 100g,False
frozen,Dr Oetker,Ristorante Thin Crust Mushroom Funghi Pizza,Dr OetkerRistorante Thin Crust Mushroom Funghi Pizza365 g,$5.49ea,,$1.50/ 100g,False
frozen,President's Choice,Meat Lasagna,President's ChoiceMeat Lasagna320 g,$4.49ea,,$1.40/ 100g,False
frozen,PC Blue Menu,Mediterranean-Style Grain & Chicken Protein Bowl,PC Blue MenuMediterranean-Style Grain & Chicken Protein Bowl300 g,$4.99ea,,$1.66/ 100g,False
frozen,CAVENDISH FARMS,Restaurant Style Waffle Fries,CAVENDISH FARMSRestaurant Style Waffle Fries540 g,$4.99ea,,$0.92/ 100g,False
frozen,President's Choice,Breaded Coconut Shrimp With Sweet Chili Dipping Sauce,President's ChoiceBreaded Coconut Shrimp With Sweet Chili Dipping Sauce454 g,$9.99ea,,$2.20/ 100g,False
frozen,President's Choice,Salted Caramel Mochi,President's ChoiceSalted Caramel Mochi6x35.0 ml,$6.49ea,,$3.09/ 100ml,False
frozen,Haagen Dazs,Mint Chip Ice Cream,Haagen DazsMint Chip Ice Cream500 ml,$6.99ea,,$1.40/ 100ml,False
frozen,President's Choice,Medium Buffalo-Style Chicken Wings,President's ChoiceMedium Buffalo-Style Chicken Wings907 g,$17.99ea,,$1.98/ 100g,False
frozen,President's Choice,Thick & Juicy™ Beef Burgers  ,President's ChoiceThick & Juicy™ Beef Burgers  1.36 kg,$16.99ea,,$1.25/ 100g,False
frozen,Delissio,"Rising Crust Pizza, Cheeseburger","DelissioRising Crust Pizza, Cheeseburger789 g",$6.50ea,$5.88ea,$0.75/ 100g,True
frozen,President's Choice,Tourtière,President's ChoiceTourtière900 g,$15.99ea,,$1.78/ 100g,False
frozen,President's Choice,Gochujang Sweet & Spicy Chicken Wings,President's ChoiceGochujang Sweet & Spicy Chicken Wings907 g,$17.99ea,,$1.98/ 100g,False
frozen,President's Choice,Mini Jamaican Beef Patties,President's ChoiceMini Jamaican Beef Patties480 g,$7.99ea,,$1.66/ 100g,False
frozen,President's Choice,"Chicken Wings, Crisp & Crunchy Mild Southern-Style ","President's ChoiceChicken Wings, Crisp & Crunchy Mild Southern-Style 907 g",$17.99ea,,$1.98/ 100g,False
frozen,President's Choice,Loads Of Pepperoni Thin Crust Pizza,President's ChoiceLoads Of Pepperoni Thin Crust Pizza400 g,$5.79ea,,$1.45/ 100g,False
frozen,President's Choice,Thick & Juicy™ Chicken Burgers ,President's ChoiceThick & Juicy™ Chicken Burgers 1.13 kg,$16.99ea,,$1.50/ 100g,False
frozen,Breyers,Creamery Style  Ice Cream with Fresh Cream & Rich Coca Chocolate ,BreyersCreamery Style  Ice Cream with Fresh Cream & Rich Coca Chocolate 1.66 l,$5.49ea,,$0.33/ 100ml,False
frozen,President's Choice,Cauliflower Florets,President's ChoiceCauliflower Florets500 g,$5.49ea,,$1.10/ 100g,False
frozen,PC Organics,Organic Canadian Wild Blueberries,PC OrganicsOrganic Canadian Wild Blueberries600 g,$8.99ea,,$1.50/ 100g,False
frozen,PC Blue Menu,Shepherd's Pie,PC Blue MenuShepherd's Pie275 g,$4.49ea,,$1.63/ 100g,False
frozen,Halo Top,Sea Salt Caramel,Halo TopSea Salt Caramel473 ml,$5.99ea,,$1.27/ 100ml,False
frozen,Chapmans,Ice Cream Twister Super Cone 8 x 120 ml,ChapmansIce Cream Twister Super Cone 8 x 120 ml8x120.0 ml,$8.99ea,,$0.94/ 100ml,False
frozen,Chapmans,Canadian Blueberries & Cream Frozen Yogurt,ChapmansCanadian Blueberries & Cream Frozen Yogurt2 l,$5.49ea,,$0.27/ 100ml,False
frozen,Stouffers,"Bistro Crustini, Sausage, Egg and Cheese","StouffersBistro Crustini, Sausage, Egg and Cheese240 g",$4.79ea,,$2.00/ 100g,False
frozen,President's Choice,"Peaches, Strawberries, Pineapple & Mango 4-Fruit Blend","President's ChoicePeaches, Strawberries, Pineapple & Mango 4-Fruit Blend600 g",$5.99ea,,$1.00/ 100g,False
frozen,Seaquest,Salad Shrimp,SeaquestSalad Shrimp454 g,$11.99ea,,$2.64/ 100g,False
frozen,President's Choice,Chicken Pot Pie,President's ChoiceChicken Pot Pie800 g,$13.99ea,,$1.75/ 100g,False
frozen,Little Northern Bakehouse,Millet & Chia Bread,Little Northern BakehouseMillet & Chia Bread454 g,$6.00ea,$5.00ea,$1.10/ 100g,True
frozen,PC Organics,Organic Whole Red Raspberries,PC OrganicsOrganic Whole Red Raspberries600 g,$8.99ea,,$1.50/ 100g,False
frozen,Healthy Choice,Power Bowls Korean-Inspired Beef,Healthy ChoicePower Bowls Korean-Inspired Beef269 g,$7.49ea,,$2.78/ 100g,False
frozen,Stouffers,Bowl Fulls Buffalo Ranch Fried Chicken,StouffersBowl Fulls Buffalo Ranch Fried Chicken305 g,$6.99ea,,$2.29/ 100g,False
frozen,ACE,Frozen Butter Croissant,ACEFrozen Butter Croissant210 g,$5.49ea,,$2.61/ 100g,False
frozen,PC Organics,Organic Butternut Squash Chunks,PC OrganicsOrganic Butternut Squash Chunks400 g,$5.49ea,,$1.37/ 100g,False
frozen,Cheemo,"Perogies, Three Cheese","CheemoPerogies, Three Cheese907 g",$4.29ea,,$0.47/ 100g,False
frozen,No Name,Mixed Vegetables,No NameMixed Vegetables750 g,$3.50ea,$3.29ea,$0.44/ 100g,True
frozen,President's Choice,Shepherd's Pie,President's ChoiceShepherd's Pie275 g,$4.49ea,,$1.63/ 100g,False
frozen,No Name,Light Whipped Topping,No NameLight Whipped Topping1 l,$3.99ea,,$0.40/ 100ml,False
frozen,Luigi's,"Real Italian Ice, Lemon","Luigi'sReal Italian Ice, Lemon6x177.0 ml",$5.49ea,,$0.52/ 100ml,False
frozen,Kawartha,Vanilla Ice Cream,KawarthaVanilla Ice Cream1.5 l,$8.99ea,,$0.60/ 100ml,False
frozen,PC Blue Menu,"Greek Smoothie Bar, Mango","PC Blue MenuGreek Smoothie Bar, Mango6x80.0 ml",$6.99ea,,$1.46/ 100ml,False
frozen,No Name,Whole Strawberries,No NameWhole Strawberries2 kg,$15.99ea,,$0.80/ 100g,False
frozen,Breyers,Creamery Style Ice Cream French Vanilla gluten-free and kosher,BreyersCreamery Style Ice Cream French Vanilla gluten-free and kosher1.66 l,$5.49ea,,$0.33/ 100ml,False
frozen,Chapmans,"Ice Cream, Canadian Peaches & Cream Frozen Yogurt","ChapmansIce Cream, Canadian Peaches & Cream Frozen Yogurt2 l",$5.49ea,,$0.27/ 100ml,False
frozen,Stouffers,Diner Classics Salisbury Steak,StouffersDiner Classics Salisbury Steak282 g,$6.99ea,,$2.48/ 100g,False
frozen,Michelina,Macaroni and Beef,MichelinaMacaroni and Beef255 g,$2.49ea,,$0.98/ 100g,False
frozen,President's Choice,Chocolate Ice Cream,President's ChoiceChocolate Ice Cream1.65 l,$5.99ea,,$0.36/ 100ml,False
frozen,Chapmans,Premium Caramel Praline,ChapmansPremium Caramel Praline2 l,$7.49ea,,$0.37/ 100ml,False
frozen,No Name,Chocolate Ice Cream Sandwiches,No NameChocolate Ice Cream Sandwiches24x120.0 ml,$10.99ea,,$0.38/ 100ml,False
frozen,Chapmans,Ice Cream Premium the Only Chocolate,ChapmansIce Cream Premium the Only Chocolate2 l,$7.49ea,,$0.37/ 100ml,False
frozen,Chapmans,Strawberry Shortcake,ChapmansStrawberry Shortcake2 l,$7.49ea,,$0.37/ 100ml,False
frozen,No Name,Whole Green Beans,No NameWhole Green Beans750 g,$3.50ea,$3.29ea,$0.44/ 100g,True
frozen,Hungry-Man,Beef Steakette Grilled,Hungry-ManBeef Steakette Grilled425 g,$5.79ea,,$1.36/ 100g,False
frozen,Chapmans,Premium Heavenly Hash,ChapmansPremium Heavenly Hash2 l,$7.49ea,,$0.37/ 100ml,False
frozen,Michelina, Rigatoni Pomodoro,Michelina Rigatoni Pomodoro255 g,$2.49ea,,$0.98/ 100g,False
frozen,Christie,Frozen Dessert Bars,ChristieFrozen Dessert Bars72 ml,$5.49ea,,$7.63/ 100ml,False
frozen,President's Choice,Petite Pois,President's ChoicePetite Pois750 g,$5.49ea,,$0.73/ 100g,False
frozen,Swanson,Chicken Fried Rice,SwansonChicken Fried Rice1.19 kg,$13.69ea,,$1.15/ 100g,False
frozen,President's Choice,Tiger Tail Ice Cream,President's ChoiceTiger Tail Ice Cream946 ml,$4.49ea,$3.99ea,$0.42/ 100ml,True
frozen,Swanson,Oven Roasters Seasoned Broccoli & Cauliflower,SwansonOven Roasters Seasoned Broccoli & Cauliflower397 g,$6.49ea,,$1.63/ 100g,False
frozen,Breyers,Ice Cream Creamery Style Light Kosher Certified Dark Chocolate Truffle ,BreyersIce Cream Creamery Style Light Kosher Certified Dark Chocolate Truffle 1.66 l,$5.49ea,,$0.33/ 100ml,False
frozen,PC Blue Menu,Fruit Bars,PC Blue MenuFruit Bars12x75.0 ml,$6.99ea,,$0.78/ 100ml,False
frozen,Lean Cuisine,Chicken in Wine Sauce,Lean CuisineChicken in Wine Sauce212 g,$4.79ea,,$2.26/ 100g,False
frozen,President's Choice,Butter Chicken Meal Kit,President's ChoiceButter Chicken Meal Kit907 g,$15.99ea,,$1.76/ 100g,False
frozen,So Delicious,"Dairy Free Coconut-Based Frozen Dessert, 4 Coconut Almond Bars","So DeliciousDairy Free Coconut-Based Frozen Dessert, 4 Coconut Almond Bars272 ml",$7.99ea,,$2.94/ 100ml,False
frozen,President's Choice,French Vanilla Frozen Yogurt,President's ChoiceFrench Vanilla Frozen Yogurt2 l,$5.49ea,,$0.27/ 100ml,False
frozen,PC Black Label,Salted Caramel Ice Cream,PC Black LabelSalted Caramel Ice Cream500 ml,$5.99ea,,$1.20/ 100ml,False
frozen,President's Choice,"Ready Veggie Tots, Cauliflower","President's ChoiceReady Veggie Tots, Cauliflower400 g",$5.49ea,,$1.37/ 100g,False
frozen,President's Choice," Extra Cheesy, Mac & Cheese, Club Size","President's Choice Extra Cheesy, Mac & Cheese, Club Size2 kg",$19.99ea,,$1.00/ 100g,False
frozen,Bridor,Mini Butter Croissants,BridorMini Butter Croissants425 g,$6.99ea,,$1.64/ 100g,False
frozen,President's Choice,Garden Vegetable Blend,President's ChoiceGarden Vegetable Blend1.75 kg,$10.99ea,$9.99ea,$0.57/ 100g,True
frozen,No Name,Whipped Topping,No NameWhipped Topping1 l,$3.99ea,,$0.40/ 100ml,False
frozen,President's Choice,Meringata Traditional Italian Dessert,President's ChoiceMeringata Traditional Italian Dessert400 g,$8.99ea,,$2.25/ 100g,False
frozen,Cool Whip,Light Frozen Whipped Topping,Cool WhipLight Frozen Whipped Topping1 l,$4.99ea,,$0.50/ 100ml,False
frozen,Kawartha,Vanilla Ice Cream,KawarthaVanilla Ice Cream1.5 l,$8.99ea,,$0.60/ 100ml,False
frozen,PC Blue Menu,"Greek Smoothie Bar, Mango","PC Blue MenuGreek Smoothie Bar, Mango6x80.0 ml",$6.99ea,,$1.46/ 100ml,False
frozen,No Name,Whole Strawberries,No NameWhole Strawberries2 kg,$15.99ea,,$0.80/ 100g,False
frozen,Breyers,Creamery Style Ice Cream French Vanilla gluten-free and kosher,BreyersCreamery Style Ice Cream French Vanilla gluten-free and kosher1.66 l,$5.49ea,,$0.33/ 100ml,False
frozen,President's Choice,Vanilla Frozen Yogurt,President's ChoiceVanilla Frozen Yogurt2 l,$5.49ea,,$0.27/ 100ml,False
frozen,President's Choice,Loads Of Chocolatey Peanut Butter Treats Light Ice Cream,President's ChoiceLoads Of Chocolatey Peanut Butter Treats Light Ice Cream1.5 l,$7.49ea,$5.49ea,$0.37/ 100ml,True
frozen,Minute Maid,"Grape Punch Frozen Concentrate Juice Beverage, Can","Minute MaidGrape Punch Frozen Concentrate Juice Beverage, Can295 ml",$2.29ea,,$0.78/ 100ml,False
frozen,President's Choice,Sliced Peaches,President's ChoiceSliced Peaches600 g,$5.99ea,,$1.00/ 100g,False
frozen,Chapmans,Yogurt Cappuccino,ChapmansYogurt Cappuccino2 l,$5.49ea,,$0.27/ 100ml,False
frozen,President's Choice,French Vanilla Ice Cream,President's ChoiceFrench Vanilla Ice Cream1.65 l,$5.99ea,,$0.36/ 100ml,False
frozen,President's Choice,Original Belgian Waffles,President's ChoiceOriginal Belgian Waffles390 g,$5.49ea,,$1.41/ 100g,False
frozen,Ben & Jerry's,Ice Cream with Fairtrade Ingredients Cherry Non-Gmo,Ben & Jerry'sIce Cream with Fairtrade Ingredients Cherry Non-Gmo473 ml,$6.99ea,,$1.48/ 100ml,False
frozen,Green Giant,Veggie Fries Zucchini Parmesan & Garlic ,Green GiantVeggie Fries Zucchini Parmesan & Garlic 340 g,$6.49ea,,$1.91/ 100g,False
frozen,Minute Maid,"Fruit Punch Frozen Concentrate Juice Beverage, Can","Minute MaidFruit Punch Frozen Concentrate Juice Beverage, Can295 ml",$2.29ea,,$0.78/ 100ml,False
frozen,Magnum,Ice Cream Bars Belgian Chocolate,MagnumIce Cream Bars Belgian Chocolate3 ea,$6.99ea,,$2.33/ 1ea,False
frozen,President's Choice,Yuzu Citrus Chicken Wings,President's ChoiceYuzu Citrus Chicken Wings907 g,$17.99ea,,$1.98/ 100g,False
frozen,President's Choice,Cabbage Rolls,President's ChoiceCabbage Rolls1.81 kg,$17.99ea,,$0.99/ 100g,False
frozen,Nestle,Smarties Frozen Dessert 1.,NestleSmarties Frozen Dessert 1.1.5 l,$5.49ea,,$0.37/ 100ml,False
frozen,PC Blue Menu,Mac & Cheese,PC Blue MenuMac & Cheese1.13 kg,$12.99ea,,$1.15/ 100g,False
frozen,Nestle,DRUMSTICK ROLO Cones,NestleDRUMSTICK ROLO Cones4x135.0 ml,$7.99ea,,$1.48/ 100ml,False
frozen,Kawartha,Mint Chip Ice Cream,KawarthaMint Chip Ice Cream1.5 l,$8.99ea,,$0.60/ 100ml,False
frozen,President's Choice,Vegetable Lasagna,President's ChoiceVegetable Lasagna2.27 kg,$19.99ea,,$0.88/ 100g,False
frozen,Green Giant,Brussel Sprouts with Butter Sauce,Green GiantBrussel Sprouts with Butter Sauce250 g,$2.79ea,,$1.12/ 100g,False
frozen,Michelina,Tao Chicken,MichelinaTao Chicken227 g,$2.49ea,,$1.10/ 100g,False
frozen,President's Choice,Banana Split Mini Ice Cream Bars,President's ChoiceBanana Split Mini Ice Cream Bars330 ml,$6.49ea,,$1.97/ 100ml,False
frozen,Kawartha,"Ice Cream, Strawberry","KawarthaIce Cream, Strawberry1.5 l",$8.99ea,,$0.60/ 100ml,False
frozen,,"Raw Wild Shrimp, Easy Peel","Raw Wild Shrimp, Easy Peel300 g",$13.99ea,,$4.66/ 100g,False
frozen,Chapmans,"Ice Cream, Canadian Peaches & Cream Frozen Yogurt","ChapmansIce Cream, Canadian Peaches & Cream Frozen Yogurt2 l",$5.49ea,,$0.27/ 100ml,False
frozen,Stouffers,Diner Classics Salisbury Steak,StouffersDiner Classics Salisbury Steak282 g,$6.99ea,,$2.48/ 100g,False
frozen,Michelina,Macaroni and Beef,MichelinaMacaroni and Beef255 g,$2.49ea,,$0.98/ 100g,False
frozen,President's Choice,Chocolate Ice Cream,President's ChoiceChocolate Ice Cream1.65 l,$5.99ea,,$0.36/ 100ml,False
frozen,Chapmans,Premium Caramel Praline,ChapmansPremium Caramel Praline2 l,$7.49ea,,$0.37/ 100ml,False
frozen,No Name,Chocolate Ice Cream Sandwiches,No NameChocolate Ice Cream Sandwiches24x120.0 ml,$10.99ea,,$0.38/ 100ml,False
frozen,Chapmans,Ice Cream Premium the Only Chocolate,ChapmansIce Cream Premium the Only Chocolate2 l,$7.49ea,,$0.37/ 100ml,False
frozen,Chapmans,Strawberry Shortcake,ChapmansStrawberry Shortcake2 l,$7.49ea,,$0.37/ 100ml,False
frozen,No Name,Whole Green Beans,No NameWhole Green Beans750 g,$3.50ea,$3.29ea,$0.44/ 100g,True
frozen,Hungry-Man,Beef Steakette Grilled,Hungry-ManBeef Steakette Grilled425 g,$5.79ea,,$1.36/ 100g,False
frozen,Chapmans,Premium Heavenly Hash,ChapmansPremium Heavenly Hash2 l,$7.49ea,,$0.37/ 100ml,False
frozen,Michelina, Rigatoni Pomodoro,Michelina Rigatoni Pomodoro255 g,$2.49ea,,$0.98/ 100g,False
frozen,Christie,Frozen Dessert Bars,ChristieFrozen Dessert Bars72 ml,$5.49ea,,$7.63/ 100ml,False
frozen,President's Choice,Petite Pois,President's ChoicePetite Pois750 g,$5.49ea,,$0.73/ 100g,False
frozen,Swanson,Chicken Fried Rice,SwansonChicken Fried Rice1.19 kg,$13.69ea,,$1.15/ 100g,False
frozen,President's Choice,Tiger Tail Ice Cream,President's ChoiceTiger Tail Ice Cream946 ml,$4.49ea,$3.99ea,$0.42/ 100ml,True
frozen,Swanson,Oven Roasters Seasoned Broccoli & Cauliflower,SwansonOven Roasters Seasoned Broccoli & Cauliflower397 g,$6.49ea,,$1.63/ 100g,False
frozen,Breyers,Ice Cream Creamery Style Light Kosher Certified Dark Chocolate Truffle ,BreyersIce Cream Creamery Style Light Kosher Certified Dark Chocolate Truffle 1.66 l,$5.49ea,,$0.33/ 100ml,False
frozen,PC Blue Menu,Fruit Bars,PC Blue MenuFruit Bars12x75.0 ml,$6.99ea,,$0.78/ 100ml,False
frozen,Lean Cuisine,Chicken in Wine Sauce,Lean CuisineChicken in Wine Sauce212 g,$4.79ea,,$2.26/ 100g,False
frozen,President's Choice,Butter Chicken Meal Kit,President's ChoiceButter Chicken Meal Kit907 g,$15.99ea,,$1.76/ 100g,False
frozen,Green Giant,Riced Cauliflower & Broccoli Florets With Cheese Sauce,Green GiantRiced Cauliflower & Broccoli Florets With Cheese Sauce198 g,$2.79ea,,$1.41/ 100g,False
frozen,Dream Pops,Cookie Dough Bites,Dream PopsCookie Dough Bites118 ml,$8.99ea,,$7.62/ 100ml,False
frozen,ODoughs,Bagels Thins Everything,ODoughsBagels Thins Everything300 g,$5.00ea,$4.49ea,$1.50/ 100g,True
frozen,Green Giant,Cauliflower Medley Riced Veggies,Green GiantCauliflower Medley Riced Veggies340 g,$5.49ea,,$1.61/ 100g,False
frozen,Sweets From The Earth,Sugar Free Keto Brownies,Sweets From The EarthSugar Free Keto Brownies132 g,$12.99ea,,$9.84/ 100g,False
frozen,Caulipower,Pizza Margherita,CaulipowerPizza Margherita330 g,$10.99ea,,$3.33/ 100g,False
frozen,Carbonaut,Bread Seeded Gluten Free,CarbonautBread Seeded Gluten Free550 g,$8.99ea,,$1.63/ 100g,False
frozen,Green Giant,Cheddar & Bacon Mashed Cauliflower,Green GiantCheddar & Bacon Mashed Cauliflower567 g,$6.69ea,,$1.18/ 100g,False
frozen,Marie Callender's,Chicken Pot Pie Family Sized,Marie Callender'sChicken Pot Pie Family Sized1.275 kg,$17.99ea,,$1.41/ 100g,False
frozen,Nature's Path,Waffles Chia Plus Organic,Nature's PathWaffles Chia Plus Organic210 g,$5.49ea,$4.49ea,$2.14/ 100g,True
frozen,Mccain,Bistro Selects Super Crisps Straight Cut French Fries,MccainBistro Selects Super Crisps Straight Cut French Fries650 g,$4.25ea,$2.99ea,$0.46/ 100g,True
frozen,PC Organics,Organics Special Blend Of Vegetables Vegetable Medley,PC OrganicsOrganics Special Blend Of Vegetables Vegetable Medley500 g,$5.49ea,,$1.10/ 100g,False
frozen,BlueWater Seafoods,Potato Crunch Fillets,BlueWater SeafoodsPotato Crunch Fillets516 g,$8.49ea,,$1.65/ 100g,False
frozen,PC Blue Menu,Reduced Fat Shepherd's Pies,PC Blue MenuReduced Fat Shepherd's Pies900 g,$13.99ea,,$1.55/ 100g,False
frozen,PC Organics,Club Size Small Sweet Peas,PC OrganicsClub Size Small Sweet Peas1.5 kg,$10.99ea,$9.49ea,$0.63/ 100g,True
frozen,Caulipower,Pizza Crust Cauliflower,CaulipowerPizza Crust Cauliflower340 g,$10.99ea,,$3.23/ 100g,False
frozen,Minute Maid,Margarita Mixers,Minute MaidMargarita Mixers250 ml,$2.79ea,,$1.12/ 100ml,False
frozen,President's Choice,Gluten Free Breaded Shrimp,President's ChoiceGluten Free Breaded Shrimp340 g,$11.99ea,,$3.53/ 100g,False
frozen,BlueWater Seafoods,Crunchy Breaded Cod    ,BlueWater SeafoodsCrunchy Breaded Cod    525 g,$14.99ea,$13.99ea,$2.66/ 100g,True
frozen,Kinnikinnick,Gluten-Free Cinnamon Sugar Donuts,KinnikinnickGluten-Free Cinnamon Sugar Donuts270 g,$6.99ea,,$2.59/ 100g,False
frozen,44th Street,Turkey Breast Roast,44th StreetTurkey Breast Roast550 g,$15.49ea,,$2.82/ 100g,False
frozen,Mama Yolanda's,Layered Traditional Bolognese Lasagna Micro Mini,Mama Yolanda'sLayered Traditional Bolognese Lasagna Micro Mini680 g,$7.99ea,,$1.18/ 100g,False
frozen,Healthy Choice,Sweet N Sour Chicken,Healthy ChoiceSweet N Sour Chicken283 g,$5.79ea,,$2.05/ 100g,False
frozen,President's Choice,"Too Good To Be Wings Boneless Chicken Breast Chunks, Butter Buffalo","President's ChoiceToo Good To Be Wings Boneless Chicken Breast Chunks, Butter Buffalo800 g",$16.99ea,,$2.12/ 100g,False
frozen,President's Choice,Honey Garlic Chicken Wings,President's ChoiceHoney Garlic Chicken Wings700 g,$17.99ea,,$2.57/ 100g,False
frozen,Dream Pops,Berry Dream Bites,Dream PopsBerry Dream Bites118 ml,$8.99ea,,$7.62/ 100ml,False
frozen,Unbun,Keto Vegan Pizza Crust,UnbunKeto Vegan Pizza Crust200 g,$12.99ea,$11.99ea,$6.00/ 100g,True
frozen,President's Choice,Pacific White Shrimp Cooked Peeled Responsibly Farmed Jumbo ,President's ChoicePacific White Shrimp Cooked Peeled Responsibly Farmed Jumbo 400 g,$18.99ea,,$4.75/ 100g,False
frozen,General Assembly Pizza,Pizza Sweet Heat,General Assembly PizzaPizza Sweet Heat359 g,$10.99ea,,$3.06/ 100g,False
frozen,Queen St. Bakery,Cinnamon Raisin Superfood Bagels,Queen St. BakeryCinnamon Raisin Superfood Bagels116 g,$8.49ea,,$7.32/ 100g,False
frozen,Unbun,Plain Unbagels,UnbunPlain Unbagels350 g,$12.99ea,$10.99ea,$3.14/ 100g,True
frozen,Maple Leaf,Natural Shredded Chicken,Maple LeafNatural Shredded Chicken250 g,$11.49ea,,$4.60/ 100g,False
frozen,President's Choice,Gluten Free Spinach and Goat Cheese Beet & Cauliflower Flatbread,President's ChoiceGluten Free Spinach and Goat Cheese Beet & Cauliflower Flatbread374 g,$9.99ea,,$2.67/ 100g,False
frozen,PC Blue Menu,"Skinless, Boneless Seasoned Chicken Breasts Fillets Removed","PC Blue MenuSkinless, Boneless Seasoned Chicken Breasts Fillets Removed680 g",$20.99ea,,$3.09/ 100g,False
frozen,President's Choice,Cheese Hors D’Oeuvre Collection,President's ChoiceCheese Hors D’Oeuvre Collection720 g,$15.49ea,,$2.15/ 100g,False
frozen,Pillsbury,Pizza Pops 3 Meat 8ct,PillsburyPizza Pops 3 Meat 8ct760 g,$8.99ea,,$1.18/ 100g,False
frozen,No Name,"Potato and Cheddar Perogies, Club Size","No NamePotato and Cheddar Perogies, Club Size2 kg",$5.99ea,,$0.30/ 100g,False
frozen,President's Choice,Chicken Kiev 4 Pieces,President's ChoiceChicken Kiev 4 Pieces560 g,$17.49ea,,$3.12/ 100g,False
frozen,Tenderflake,"3"" Tart Shells","Tenderflake3"" Tart Shells255 g",$5.29ea,,$2.07/ 100g,False
frozen,Stouffers,"Fit Bowls, Teriyaki Chicken Bowl","StouffersFit Bowls, Teriyaki Chicken Bowl340 g",$6.99ea,,$2.06/ 100g,False
frozen,President's Choice,"Chicken Nuggets, Club Pack","President's ChoiceChicken Nuggets, Club Pack1.4 kg",$12.99ea,,$0.93/ 100g,False
frozen,Sol Cuisine,Cuisine Burger Meatless,Sol CuisineCuisine Burger Meatless284 g,$7.49ea,,$2.64/ 100g,False
frozen,President's Choice,Atlantic Salmon Strips Hot Smoked Spicy & Candied ,President's ChoiceAtlantic Salmon Strips Hot Smoked Spicy & Candied 150 g,$10.99ea,,$7.33/ 100g,False
frozen,Mccain,Superfries Crinkle Cut Fries,MccainSuperfries Crinkle Cut Fries1.5 kg,$7.99ea,,$0.53/ 100g,False
frozen,ODoughs,Multigrain Sandwich Thins,ODoughsMultigrain Sandwich Thins510 g,$5.49ea,,$1.08/ 100g,False
frozen,BlueWater Seafoods,Lemon Pepper Parmesan Cod   ,BlueWater SeafoodsLemon Pepper Parmesan Cod   480 g,$14.99ea,$13.99ea,$2.91/ 100g,True
frozen,St Hubert,Chicken Pot Pie,St HubertChicken Pot Pie470 g,$9.99ea,,$2.13/ 100g,False
frozen,Schneider,"Potato, Cheddar, and Bacon Mini Quiches","SchneiderPotato, Cheddar, and Bacon Mini Quiches330 g",$8.49ea,,$2.57/ 100g,False
frozen,Unbun,Vegan Keto Gluten Free,UnbunVegan Keto Gluten Free350 g,$10.99ea,$9.99ea,$2.85/ 100g,True
frozen,BlueWater Seafoods,English Style Haddock,BlueWater SeafoodsEnglish Style Haddock525 g,$14.99ea,$13.99ea,$2.66/ 100g,True
frozen,President's Choice,Breaded Cod Bites With Sauce,President's ChoiceBreaded Cod Bites With Sauce454 g,$13.99ea,,$3.08/ 100g,False
frozen,Janes,Pub Style Wings Bold Bbq,JanesPub Style Wings Bold Bbq660 g,$17.99ea,,$2.73/ 100g,False
frozen,St Hubert,Tourtière ,St HubertTourtière 800 g,$11.49ea,,$1.44/ 100g,False
frozen,President's Choice,"Italian Tipo ""OO"" Flour Pizza Dough","President's ChoiceItalian Tipo ""OO"" Flour Pizza Dough560 g",$4.19ea,,$0.75/ 100g,False
frozen,Mccain,Three Cheese Pizza Pockets,MccainThree Cheese Pizza Pockets600 g,$5.99ea,,$1.00/ 100g,False
frozen,Amys,3 Cheese & Kale Bake Bowls,Amys3 Cheese & Kale Bake Bowls241 g,$4.49ea,,$1.86/ 100g,False
frozen,Delissio,Crispy Pan All Dressed Pizza,DelissioCrispy Pan All Dressed Pizza626 g,$9.99ea,,$1.60/ 100g,False
frozen,Wong Wing,Vegetable Fried Rice,Wong WingVegetable Fried Rice500 g,$7.99ea,,$0.02/ 1ea,False
frozen,President's Choice,"Too Good To Be Wings, Honey Garlic","President's ChoiceToo Good To Be Wings, Honey Garlic800 g",$15.99ea,,$2.00/ 100g,False
frozen,No Name,Vegetable & Beef Cantonese - Style Egg Rolls,No NameVegetable & Beef Cantonese - Style Egg Rolls22 pieces,$8.99ea,,$0.72/ 100g,False
frozen,President's Choice,Spicy Fried Potatoes ,President's ChoiceSpicy Fried Potatoes 650 g,$4.29ea,,$0.66/ 100g,False
frozen,T&T,Pork and Vegetable Potstickers,T&TPork and Vegetable Potstickers567 g,$6.49ea,$4.99ea,$0.88/ 100g,True
frozen,ACE,Frozen Garlic Butter Pull Apart,ACEFrozen Garlic Butter Pull Apart325 g,$5.69ea,,$1.75/ 100g,False
frozen,Mccain,9 Minute Onion & Potato Patties,Mccain9 Minute Onion & Potato Patties600 g,$4.25ea,$2.99ea,$0.50/ 100g,True
frozen,Delissio,Garlic Bread Pizza Supreme,DelissioGarlic Bread Pizza Supreme531 g,$6.50ea,$5.88ea,$1.11/ 100g,True
frozen,Ben & Jerry's,Ice Cream Brownie Batter Core Non-GMO,Ben & Jerry'sIce Cream Brownie Batter Core Non-GMO473 ml,$6.99ea,,$1.48/ 100ml,False
frozen,Pillsbury,Toaster Scrambles Sausage,PillsburyToaster Scrambles Sausage204 g,$3.99ea,,$1.96/ 100g,False
frozen,Haagen Dazs,Chocolate Ice Cream,Haagen DazsChocolate Ice Cream500 ml,$6.99ea,,$1.40/ 100ml,False
frozen,Green Giant,"Green Beans, Cut","Green GiantGreen Beans, Cut750 g",$3.49ea,,$0.47/ 100g,False
frozen,Dr Oetker,Giuseppe Pizzeria Giuseppe Rising Crust 4 Meat Pizza,Dr OetkerGiuseppe Pizzeria Giuseppe Rising Crust 4 Meat Pizza740 g,$8.49ea,,$1.15/ 100g,False
frozen,Gardein,"Crispy Tendr, Seven Grain","GardeinCrispy Tendr, Seven Grain255 g",$7.49ea,,$2.94/ 100g,False
frozen,Haagen Dazs,Exträaz Cookie Dough Dynamo Ice Cream Bars,Haagen DazsExträaz Cookie Dough Dynamo Ice Cream Bars3x72.0 ml,$6.99ea,,$3.24/ 100ml,False
frozen,Gardein,Crispy Chicken Slider,GardeinCrispy Chicken Slider320 g,$6.49ea,,$2.03/ 100g,False
frozen,Green Giant,Summer Sweet Peas,Green GiantSummer Sweet Peas750 g,$3.49ea,,$0.47/ 100g,False
frozen,Crave,All Day Breakfast Steak 'N Eggs with Roasted Potatoes,CraveAll Day Breakfast Steak 'N Eggs with Roasted Potatoes255 g,$6.49ea,,$2.55/ 100g,False
frozen,Chapmans,Vanilla,ChapmansVanilla2 l,$5.49ea,$3.99ea,$0.20/ 100ml,True
frozen,Haagen Dazs,"Ice Cream, Caramel Cone Explosion","Haagen DazsIce Cream, Caramel Cone Explosion500 ml",$6.99ea,,$1.40/ 100ml,False
frozen,No Name,"Chicken Wings, Mild BBQ","No NameChicken Wings, Mild BBQ908 g",$14.99ea,$14.49ea,$1.60/ 100g,True
frozen,Dr Oetker,Giuseppe Garlic Fingers ,Dr OetkerGiuseppe Garlic Fingers 317 g,$4.99ea,,$1.57/ 100g,False
frozen,PC Blue Menu,Korean-Style Buckwheat Noodle & Tofu Protein Bowl,PC Blue MenuKorean-Style Buckwheat Noodle & Tofu Protein Bowl300 g,$4.99ea,,$1.66/ 100g,False
frozen,Dr Oetker,Ristorante Thin Crust Quattro Formaggi (4 Cheese) Pizza,Dr OetkerRistorante Thin Crust Quattro Formaggi (4 Cheese) Pizza340 g,$5.49ea,,$1.61/ 100g,False
frozen,Dr Oetker,Giuseppe Pizzeria Giuseppe Thin Crust Beef Taco Pizza,Dr OetkerGiuseppe Pizzeria Giuseppe Thin Crust Beef Taco Pizza510 g,$8.49ea,,$1.66/ 100g,False
frozen,Dr Oetker,Ristorante Thin Crust Mozzarella Pizza,Dr OetkerRistorante Thin Crust Mozzarella Pizza325 g,$5.49ea,,$1.69/ 100g,False
frozen,Dr Oetker,The Good Baker Veggie Mix Pizza,Dr OetkerThe Good Baker Veggie Mix Pizza390 g,$6.99ea,,$1.79/ 100g,False
frozen,Dr Oetker,Casa di Mama Hawaiian Pizza,Dr OetkerCasa di Mama Hawaiian Pizza400 g,$5.49ea,,$1.37/ 100g,False
frozen,Green Giant,"Valley Selection, Asian Blend Vegetables","Green GiantValley Selection, Asian Blend Vegetables400 g",$3.49ea,,$0.87/ 100g,False
frozen,CAVENDISH FARMS, Flavourcrisp Classic Straight Cut Fries,CAVENDISH FARMS Flavourcrisp Classic Straight Cut Fries750 g,$4.99ea,,$0.67/ 100g,False
frozen,President's Choice,Extra Cheesy Mac & Cheese,President's ChoiceExtra Cheesy Mac & Cheese340 g,$4.49ea,,$1.32/ 100g,False
frozen,Life Cuisine,Korean Beef & Broccoli Bowl,Life CuisineKorean Beef & Broccoli Bowl275 g,$6.99ea,,$2.54/ 100g,False
frozen,High Liner,"English Style Battered Haddock Fillets, Uncooked","High LinerEnglish Style Battered Haddock Fillets, Uncooked425 g",$17.99ea,,$4.23/ 100g,False
frozen,Dr Oetker,Giuseppe Pizzeria Thin Crust Pepperoni Pizza,Dr OetkerGiuseppe Pizzeria Thin Crust Pepperoni Pizza480 g,$8.49ea,,$1.77/ 100g,False
frozen,Dr Oetker,Giuseppe Pizzeria Pizza Pepperoni & Bacon,Dr OetkerGiuseppe Pizzeria Pizza Pepperoni & Bacon3x600.0 g,$6.49ea,,$0.36/ 100g,False
frozen,Green Giant,Mixed Vegetables,Green GiantMixed Vegetables750 g,$3.49ea,,$0.47/ 100g,False
frozen,President's Choice,Potato & Bacon Flatbread,President's ChoicePotato & Bacon Flatbread395 g,$5.79ea,,$1.47/ 100g,False
frozen,President's Choice,Sweet with Heat Pepperoni Flatbread,President's ChoiceSweet with Heat Pepperoni Flatbread338 g,$5.79ea,,$1.71/ 100g,False
frozen,President's Choice,Thick & Juicy™ Prime Rib Beef Burger,President's ChoiceThick & Juicy™ Prime Rib Beef Burger1.13 kg,$16.99ea,,$1.50/ 100g,False
frozen,Tim Hortons,Double Chocolate Donut Ice Cream,Tim HortonsDouble Chocolate Donut Ice Cream500 ml,$6.99ea,,$1.40/ 100ml,False
frozen,Chapmans,Double Decker Sandwich,ChapmansDouble Decker Sandwich12x120.0 ml,$8.99ea,,$0.62/ 100ml,False
frozen,President's Choice,Loads Of Cheese Thin Crust Pizza,President's ChoiceLoads Of Cheese Thin Crust Pizza405 g,$5.79ea,,$1.43/ 100g,False
frozen,President's Choice,Honey Garlic Chicken Wings,President's ChoiceHoney Garlic Chicken Wings907 g,$17.99ea,,$1.98/ 100g,False
frozen,President's Choice,Breaded Chicken Wing,President's ChoiceBreaded Chicken Wing907 g,$18.49ea,,$2.04/ 100g,False
frozen,President's Choice,Barbecue Chicken Steamed Buns,President's ChoiceBarbecue Chicken Steamed Buns336 g,$7.99ea,,$2.38/ 100g,False
frozen,Kelloggs,Eggo Waffles Blueberry Flavour,KelloggsEggo Waffles Blueberry Flavour560 g,$6.99ea,,$1.25/ 100g,False
frozen,President's Choice,Gochujang Sweet & Spicy Chicken Bites,President's ChoiceGochujang Sweet & Spicy Chicken Bites700 g,$15.99ea,,$2.28/ 100g,False
frozen,No Name,Potato & Cheddar Flavour Perogies ,No NamePotato & Cheddar Flavour Perogies 907 g,$2.79ea,,$0.31/ 100g,False
frozen,Dr Oetker,Ristorante  Pizza Margherita Pomodori,Dr OetkerRistorante  Pizza Margherita Pomodori340 g,$8.99ea,,$2.64/ 100g,False
frozen,Yves,Veggie Breaded Chick'N Burgers Simulated Chicken Burgers,YvesVeggie Breaded Chick'N Burgers Simulated Chicken Burgers352 g,$6.99ea,,$1.99/ 100g,False
frozen,Hungry-Man,XL Country Fried Chicken Croquettes Bowl,Hungry-ManXL Country Fried Chicken Croquettes Bowl397 g,$6.79ea,,$1.71/ 100g,False
frozen,Minute Maid,"Pulp Free Frozen Concentate Orange Juice, Can","Minute MaidPulp Free Frozen Concentate Orange Juice, Can295 ml",$2.79ea,,$0.95/ 100ml,False
frozen,So Delicious,"Dairy Free Oat-Based Frozen Dessert, Oatmeal Cookie","So DeliciousDairy Free Oat-Based Frozen Dessert, Oatmeal Cookie500 ml",$7.49ea,,$1.50/ 100ml,False
frozen,Villas,Beef Tortellini,VillasBeef Tortellini400 g,$4.49ea,,$1.12/ 100g,False
frozen,Pogo,Regular,PogoRegular300 g,$5.99ea,,$2.00/ 100g,False
frozen,No Name,Beef Burger 4 Oz,No NameBeef Burger 4 Oz1.36 kg,$13.99ea,,$1.03/ 100g,False
frozen,UDI's,English Muffins Original,UDI'sEnglish Muffins Original340 g,$7.99ea,,$2.35/ 100g,False
frozen,President's Choice,Free From Australian Lamb Shanks,President's ChoiceFree From Australian Lamb Shanks,$25.04(est.)ea,,$22.02/ 1kg,False
frozen,No Name,Potato Patties,No NamePotato Patties20 ea,$6.49ea,,$0.32/ 1ea,False
frozen,Five Alive,Citrus Juice,Five AliveCitrus Juice295 ml,$2.79ea,,$0.95/ 100ml,False
frozen,Nature's Path,Cinnamon Organic Waffles,Nature's PathCinnamon Organic Waffles240 g,$6.49ea,$5.49ea,$2.29/ 100g,True
frozen,PC Organics,Organics Special Blend Of Vegetables Vegetable Medley Club Size,PC OrganicsOrganics Special Blend Of Vegetables Vegetable Medley Club Size1.5 kg,$10.99ea,$9.49ea,$0.63/ 100g,True
frozen,,Salisbury Meat Pie,Salisbury Meat Pie650 g,$10.99ea,,$1.69/ 100g,False
frozen,President's Choice,Mini Ham and Cheese Cubano Bites,President's ChoiceMini Ham and Cheese Cubano Bites360 g,$9.99ea,,$2.78/ 100g,False
frozen,Stouffers,"Crustini, Chicken Alfredo","StouffersCrustini, Chicken Alfredo255 g",$4.79ea,,$1.88/ 100g,False
frozen,Pillsbury,Pizza Bites Cheese,PillsburyPizza Bites Cheese693 g,$8.99ea,,$1.30/ 100g,False
frozen,Minute Maid,"Frozen Concentrate Orange Juice, Can","Minute MaidFrozen Concentrate Orange Juice, Can295 ml",$2.79ea,,$0.95/ 100ml,False
frozen,PC Blue Menu,Shepherd's Pie,PC Blue MenuShepherd's Pie900 g,$13.99ea,,$1.55/ 100g,False
frozen,Mina,Supreme Crunch Halal Spicy Chicken Drumsticks,MinaSupreme Crunch Halal Spicy Chicken Drumsticks720 g,$14.99ea,,$2.08/ 100g,False
frozen,Janes,Chicken Wings Buffalo,JanesChicken Wings Buffalo660 g,$17.99ea,,$2.73/ 100g,False
frozen,President's Choice,Wild Atlantic Cold Water Shrimp Cooked Peeled ,President's ChoiceWild Atlantic Cold Water Shrimp Cooked Peeled 340 g,$13.99ea,,$4.11/ 100g,False
frozen,Unbun,Unbread Loaf,UnbunUnbread Loaf520 g,$12.99ea,$10.99ea,$2.11/ 100g,True
frozen,President's Choice,Smoked Atlantic Salmon,President's ChoiceSmoked Atlantic Salmon150 g,$11.99ea,$10.99ea,$7.33/ 100g,True
frozen,Silver Hills,Squirrelly Bread,Silver HillsSquirrelly Bread600 g,$7.99ea,,$1.33/ 100g,False
frozen,BlueWater Seafoods,"Sole, Light Battered","BlueWater SeafoodsSole, Light Battered350 g",$8.49ea,,$2.43/ 100g,False
frozen,Roman,Shepherd's Pie,RomanShepherd's Pie908 g,$8.99ea,,$0.99/ 100g,False
frozen,Chef Bombay,Beef Vindaloo,Chef BombayBeef Vindaloo350 g,$6.99ea,,$2.00/ 100g,False
frozen,Ben & Jerry's,Ice Cream with Fairtrade Ingredients Bananas Foster Core Non-Gmo,Ben & Jerry'sIce Cream with Fairtrade Ingredients Bananas Foster Core Non-Gmo473 ml,$6.99ea,,$1.48/ 100ml,False
frozen,Stouffers,"Crustini, Philly-Style Steak & Cheese","StouffersCrustini, Philly-Style Steak & Cheese256 g",$4.79ea,,$1.87/ 100g,False
frozen,Kelloggs,"Eggo Cinnamon Toast Waffles, 8 waffles","KelloggsEggo Cinnamon Toast Waffles, 8 waffles280 g",$3.50ea,$2.99ea,$1.07/ 100g,True
frozen,President's Choice, Canadian Wild Blueberries,President's Choice Canadian Wild Blueberries400 g,$5.99ea,,$1.50/ 100g,False
frozen,Ben & Jerry's,Ice Cream with Fairtrade Ingredients Strawberry Jammin Non-Gmo,Ben & Jerry'sIce Cream with Fairtrade Ingredients Strawberry Jammin Non-Gmo473 ml,$6.99ea,,$1.48/ 100ml,False
frozen,Stouffers,"Crustini, Meatballs & Mozzarella","StouffersCrustini, Meatballs & Mozzarella256 g",$4.79ea,,$1.87/ 100g,False
frozen,Natrel,Lactose Free Very Vanilla Ice Cream ,NatrelLactose Free Very Vanilla Ice Cream 473 ml,$5.79ea,,$1.22/ 100ml,False
frozen,Ben & Jerry's,"Ice Cream, Non-Dairy Vegan Frozen Dessert with Fairtrade Ingredients Cherry Garcia","Ben & Jerry'sIce Cream, Non-Dairy Vegan Frozen Dessert with Fairtrade Ingredients Cherry Garcia473 ml",$6.99ea,,$1.48/ 100ml,False
frozen,President's Choice,Frozen Yogurt Field Berry,President's ChoiceFrozen Yogurt Field Berry2 l,$5.49ea,,$0.27/ 100ml,False
frozen,Magnum,"Ice Cream, Twice Dipped Caramel Belgian Chocolate","MagnumIce Cream, Twice Dipped Caramel Belgian Chocolate3 ea",$6.99ea,,$2.33/ 1ea,False
frozen,Michelina,Lasagna Alfredo with Broccoli and Cheese,MichelinaLasagna Alfredo with Broccoli and Cheese255 g,$2.49ea,,$0.98/ 100g,False
frozen,President's Choice,Breaded Chicken Strips,President's ChoiceBreaded Chicken Strips600 g,$5.99ea,,$1.00/ 100g,False
frozen,Mccain,Crinkle Cut Fries,MccainCrinkle Cut Fries900 g,$4.29ea,,$0.48/ 100g,False
frozen,Breyers,Non-Dairy Frozen Dessert Cookies + Cream,BreyersNon-Dairy Frozen Dessert Cookies + Cream1.66 l,$5.49ea,,$0.33/ 100ml,False
frozen,Chapmans,Premium Black Cherry,ChapmansPremium Black Cherry2 l,$7.49ea,,$0.37/ 100ml,False
frozen,Breyers,"Ice Cream, Butter Tart Locally Inspired Light Ice Cream","BreyersIce Cream, Butter Tart Locally Inspired Light Ice Cream1.41 l",$5.49ea,,$0.39/ 100ml,False
frozen,Klondike,Original Ice Cream Bar Creamy Vanilla Covered In A Thick Chocolatey Shell,KlondikeOriginal Ice Cream Bar Creamy Vanilla Covered In A Thick Chocolatey Shell540 ml,$7.99ea,,$1.48/ 100ml,False
frozen,So Delicious,Frozen Salted Caramel,So DeliciousFrozen Salted Caramel272 ml,$7.99ea,,$2.94/ 100ml,False
frozen,Enlightened,Frozen Dessert Caramel Fudge,EnlightenedFrozen Dessert Caramel Fudge473 ml,$9.49ea,,$2.01/ 100ml,False
frozen,Chapmans,Lolly Rocket Assorted,ChapmansLolly Rocket Assorted28x50.0 ml,$5.99ea,$3.99ea,$0.29/ 100ml,True
frozen,Popsicle,"Firecracker Ice Pops Cherry, Lemon, & Blue Raspberry ","PopsicleFirecracker Ice Pops Cherry, Lemon, & Blue Raspberry 12x50.0 ml",$6.99ea,,$1.17/ 100ml,False
frozen,Mccain,"Egg, Bacon and Cheese Breakfast Pockets","MccainEgg, Bacon and Cheese Breakfast Pockets600 g",$5.99ea,,$1.00/ 100g,False
frozen,Toblerone,Nestlé Ice Cream,TobleroneNestlé Ice Cream475 ml,$6.99ea,,$1.47/ 100ml,False
frozen,Nestle,"Drumstick Giant Nugget, Chocolate Peanut Butter","NestleDrumstick Giant Nugget, Chocolate Peanut Butter4x140.0 ml",$7.99ea,,$1.43/ 100ml,False
frozen,Pillsbury,"Toaster Strudel, Strawberry","PillsburyToaster Strudel, Strawberry326 g",$3.99ea,,$1.22/ 100g,False
frozen,No Name,Whole Kernel Corn,No NameWhole Kernel Corn2 kg,$7.99ea,,$0.40/ 100g,False
frozen,President's Choice,Loads Of Chocolatey Chip Cookie Dough Light Ice Cream,President's ChoiceLoads Of Chocolatey Chip Cookie Dough Light Ice Cream1.5 l,$7.49ea,$5.49ea,$0.37/ 100ml,True
frozen,President's Choice,Apple Blossoms,President's ChoiceApple Blossoms228 g,$3.99ea,,$1.75/ 100g,False
frozen,President's Choice,Caramel Pecan Crunch Frozen Yogurt,President's ChoiceCaramel Pecan Crunch Frozen Yogurt2 l,$5.49ea,,$0.27/ 100ml,False
frozen,Hungry-Man,Backyard Barbeque,Hungry-ManBackyard Barbeque455 g,$5.79ea,,$1.27/ 100g,False
frozen,Chapmans,French Vanilla & Dark Chocolate Super Cone,ChapmansFrench Vanilla & Dark Chocolate Super Cone8x120.0 ml,$8.99ea,,$0.94/ 100ml,False
frozen,President's Choice,Original New York- Style Cheesecake,President's ChoiceOriginal New York- Style Cheesecake600 g,$10.99ea,,$1.83/ 100g,False
frozen,President's Choice,Beef Cannelloni,President's ChoiceBeef Cannelloni1.13 kg,$12.49ea,,$1.11/ 100g,False
frozen,No Name, Vanilla Ice Cream Sandwiches,No Name Vanilla Ice Cream Sandwiches24x120.0 ml,$10.99ea,,$0.38/ 100ml,False
frozen,Chapmans,Cherry Chocolate,ChapmansCherry Chocolate2 l,$5.49ea,$3.99ea,$0.20/ 100ml,True
frozen,Nestle,"Lifesavers Ice Pops, Five Flavour","NestleLifesavers Ice Pops, Five Flavour10x65.0 ml",$5.49ea,,$0.84/ 100ml,False
frozen,Stouffers,Chicken Alfredo,StouffersChicken Alfredo262 g,$4.79ea,,$1.83/ 100g,False
frozen,President's Choice,Sliced Cheesecake Selection,President's ChoiceSliced Cheesecake Selection12 slices,$18.99ea,,$1.90/ 100g,False
frozen,President's Choice,Ready Veggie Patties Cauliflower,President's ChoiceReady Veggie Patties Cauliflower400 g,$5.49ea,,$1.37/ 100g,False
frozen,President's Choice,Whole Baby Carrots,President's ChoiceWhole Baby Carrots500 g,$5.49ea,,$1.10/ 100g,False
frozen,Stouffers,Meat Lasagna,StouffersMeat Lasagna286 g,$4.79ea,,$1.67/ 100g,False
frozen,High Liner,Oven Crunch Shrimp,High LinerOven Crunch Shrimp510 g,$17.99ea,,$3.53/ 100g,False
frozen,Healthy Choice,Simply Steamers Creamy Spinach & Tomato Linguini,Healthy ChoiceSimply Steamers Creamy Spinach & Tomato Linguini255 g,$5.79ea,,$2.27/ 100g,False
frozen,PC Blue Menu,Key Lime Kefir Smoothie Bars,PC Blue MenuKey Lime Kefir Smoothie Bars480 ml,$6.99ea,,$1.46/ 100g,False
frozen,President's Choice,Ready Veggie Beet Noodles,President's ChoiceReady Veggie Beet Noodles350 g,$5.49ea,,$1.57/ 100g,False
frozen,Delissio,Rising Crust 3 Meat Pizza,DelissioRising Crust 3 Meat Pizza834 g,$6.50ea,$5.88ea,$0.71/ 100g,True
frozen,Healthy Choice,Power Bowls Adobo Chicken,Healthy ChoicePower Bowls Adobo Chicken276 g,$7.49ea,,$2.71/ 100g,False
frozen,Haagen Dazs,Gelato Salted Caramel Ice Cream,Haagen DazsGelato Salted Caramel Ice Cream500 ml,$6.99ea,,$1.40/ 100ml,False
frozen,Swanson,"Oven Roasters Seasoned Carrots, Sweet Potatoes & Red Potatoes","SwansonOven Roasters Seasoned Carrots, Sweet Potatoes & Red Potatoes397 g",$6.49ea,,$1.63/ 100g,False
frozen,Chapmans,Lolly Fruity,ChapmansLolly Fruity28x50.0 ml,$5.99ea,$3.99ea,$0.29/ 100ml,True
frozen,Breyers,Family Classic Cookies & Cream Frozen Dessert made in Canada,BreyersFamily Classic Cookies & Cream Frozen Dessert made in Canada1.66 l,$6.99ea,$4.99ea,$0.30/ 100ml,True
frozen,Nestle,Drumstick Chocolate Cones,NestleDrumstick Chocolate Cones4x140.0 ml,$7.99ea,,$1.43/ 100ml,False
frozen,High Liner,"Fish In Tempura Batter, Family Pack","High LinerFish In Tempura Batter, Family Pack700 g",$10.99ea,$8.49ea,$1.21/ 100g,True
frozen,PC Blue Menu,Fudge Smoothie Frozen Dairy Dessert Bars,PC Blue MenuFudge Smoothie Frozen Dairy Dessert Bars6x80.0 ml,$6.99ea,,$1.46/ 100ml,False
frozen,Ben & Jerry's,Ice Cream with Fairtrade Ingredients Oh Cone-Ada! Non-Gmo,Ben & Jerry'sIce Cream with Fairtrade Ingredients Oh Cone-Ada! Non-Gmo473 ml,$6.99ea,,$1.48/ 100ml,False
frozen,Chapmans,No Sugar Added Lactose Free Ice Cream Salty Caramel & Peanuts,ChapmansNo Sugar Added Lactose Free Ice Cream Salty Caramel & Peanuts1 l,$5.50ea,$3.99ea,$0.40/ 100ml,True
frozen,Chapmans,Options Tiger Paw Sorbet Bar,ChapmansOptions Tiger Paw Sorbet Bar8 ea,$5.99ea,$3.99ea,$0.50/ 1ea,True
frozen,President's Choice,"Ice Cream, Vanilla Lactose Free Skyr Yogurt Frozen Bars","President's ChoiceIce Cream, Vanilla Lactose Free Skyr Yogurt Frozen Bars480 ml",$6.99ea,,$1.46/ 100ml,False
frozen,Mccain,Steak Cut French Fries,MccainSteak Cut French Fries900 g,$4.29ea,,$0.48/ 100g,False
frozen,Mccain,Shoestring Fries,MccainShoestring Fries900 g,$4.29ea,,$0.48/ 100g,False
frozen,Lean Cuisine,Chicken Fettuccine,Lean CuisineChicken Fettuccine237 g,$4.79ea,,$2.02/ 100g,False
frozen,No Name,Mixed Vegetables,No NameMixed Vegetables2 kg,$7.99ea,,$0.40/ 100g,False
frozen,President's Choice,Extra Fine Whole Green Beans ,President's ChoiceExtra Fine Whole Green Beans 500 g,$5.49ea,,$1.10/ 100g,False
frozen,High Liner,Fillets Pollock Lemon Pepper,High LinerFillets Pollock Lemon Pepper300 g,$10.99ea,$8.49ea,$2.83/ 100g,True
frozen,President's Choice,Watermelon Chunks,President's ChoiceWatermelon Chunks500 g,$5.99ea,,$1.20/ 100g,False
frozen,Toblerone,Nestlé Ice Cream,TobleroneNestlé Ice Cream475 ml,$6.99ea,,$1.47/ 100ml,False
frozen,Mccain,"Egg, Bacon and Cheese Breakfast Pockets","MccainEgg, Bacon and Cheese Breakfast Pockets600 g",$5.99ea,,$1.00/ 100g,False
frozen,Nestle,"Drumstick Giant Nugget, Chocolate Peanut Butter","NestleDrumstick Giant Nugget, Chocolate Peanut Butter4x140.0 ml",$7.99ea,,$1.43/ 100ml,False
frozen,Pillsbury,"Toaster Strudel, Strawberry","PillsburyToaster Strudel, Strawberry326 g",$3.99ea,,$1.22/ 100g,False
frozen,No Name,Whole Kernel Corn,No NameWhole Kernel Corn2 kg,$7.99ea,,$0.40/ 100g,False
frozen,President's Choice,Loads Of Chocolatey Chip Cookie Dough Light Ice Cream,President's ChoiceLoads Of Chocolatey Chip Cookie Dough Light Ice Cream1.5 l,$7.49ea,$5.49ea,$0.37/ 100ml,True
frozen,President's Choice,Apple Blossoms,President's ChoiceApple Blossoms228 g,$3.99ea,,$1.75/ 100g,False
frozen,President's Choice,Caramel Pecan Crunch Frozen Yogurt,President's ChoiceCaramel Pecan Crunch Frozen Yogurt2 l,$5.49ea,,$0.27/ 100ml,False
frozen,Hungry-Man,Backyard Barbeque,Hungry-ManBackyard Barbeque455 g,$5.79ea,,$1.27/ 100g,False
frozen,Chapmans,French Vanilla & Dark Chocolate Super Cone,ChapmansFrench Vanilla & Dark Chocolate Super Cone8x120.0 ml,$8.99ea,,$0.94/ 100ml,False
frozen,President's Choice,Original New York- Style Cheesecake,President's ChoiceOriginal New York- Style Cheesecake600 g,$10.99ea,,$1.83/ 100g,False
frozen,President's Choice,Beef Cannelloni,President's ChoiceBeef Cannelloni1.13 kg,$12.49ea,,$1.11/ 100g,False
frozen,No Name, Vanilla Ice Cream Sandwiches,No Name Vanilla Ice Cream Sandwiches24x120.0 ml,$10.99ea,,$0.38/ 100ml,False
frozen,Chapmans,Cherry Chocolate,ChapmansCherry Chocolate2 l,$5.49ea,$3.99ea,$0.20/ 100ml,True
frozen,Nestle,"Lifesavers Ice Pops, Five Flavour","NestleLifesavers Ice Pops, Five Flavour10x65.0 ml",$5.49ea,,$0.84/ 100ml,False
frozen,Stouffers,Chicken Alfredo,StouffersChicken Alfredo262 g,$4.79ea,,$1.83/ 100g,False
frozen,President's Choice,Sliced Cheesecake Selection,President's ChoiceSliced Cheesecake Selection12 slices,$18.99ea,,$1.90/ 100g,False
frozen,President's Choice,Ready Veggie Patties Cauliflower,President's ChoiceReady Veggie Patties Cauliflower400 g,$5.49ea,,$1.37/ 100g,False
frozen,President's Choice,Whole Baby Carrots,President's ChoiceWhole Baby Carrots500 g,$5.49ea,,$1.10/ 100g,False
frozen,Stouffers,Meat Lasagna,StouffersMeat Lasagna286 g,$4.79ea,,$1.67/ 100g,False
frozen,High Liner,Oven Crunch Shrimp,High LinerOven Crunch Shrimp510 g,$17.99ea,,$3.53/ 100g,False
frozen,Healthy Choice,Simply Steamers Creamy Spinach & Tomato Linguini,Healthy ChoiceSimply Steamers Creamy Spinach & Tomato Linguini255 g,$5.79ea,,$2.27/ 100g,False
frozen,PC Blue Menu,Key Lime Kefir Smoothie Bars,PC Blue MenuKey Lime Kefir Smoothie Bars480 ml,$6.99ea,,$1.46/ 100g,False
frozen,President's Choice,Ready Veggie Beet Noodles,President's ChoiceReady Veggie Beet Noodles350 g,$5.49ea,,$1.57/ 100g,False
frozen,Delissio,Rising Crust 3 Meat Pizza,DelissioRising Crust 3 Meat Pizza834 g,$6.50ea,$5.88ea,$0.71/ 100g,True
frozen,Healthy Choice,Power Bowls Adobo Chicken,Healthy ChoicePower Bowls Adobo Chicken276 g,$7.49ea,,$2.71/ 100g,False
frozen,Haagen Dazs,Gelato Salted Caramel Ice Cream,Haagen DazsGelato Salted Caramel Ice Cream500 ml,$6.99ea,,$1.40/ 100ml,False
frozen,Swanson,"Oven Roasters Seasoned Carrots, Sweet Potatoes & Red Potatoes","SwansonOven Roasters Seasoned Carrots, Sweet Potatoes & Red Potatoes397 g",$6.49ea,,$1.63/ 100g,False
frozen,Chapmans,Lolly Fruity,ChapmansLolly Fruity28x50.0 ml,$5.99ea,$3.99ea,$0.29/ 100ml,True
frozen,Breyers,Family Classic Cookies & Cream Frozen Dessert made in Canada,BreyersFamily Classic Cookies & Cream Frozen Dessert made in Canada1.66 l,$6.99ea,$4.99ea,$0.30/ 100ml,True
frozen,Nestle,Drumstick Chocolate Cones,NestleDrumstick Chocolate Cones4x140.0 ml,$7.99ea,,$1.43/ 100ml,False
frozen,High Liner,"Fish In Tempura Batter, Family Pack","High LinerFish In Tempura Batter, Family Pack700 g",$10.99ea,$8.49ea,$1.21/ 100g,True
frozen,PC Blue Menu,Fudge Smoothie Frozen Dairy Dessert Bars,PC Blue MenuFudge Smoothie Frozen Dairy Dessert Bars6x80.0 ml,$6.99ea,,$1.46/ 100ml,False
frozen,Ben & Jerry's,Ice Cream with Fairtrade Ingredients Oh Cone-Ada! Non-Gmo,Ben & Jerry'sIce Cream with Fairtrade Ingredients Oh Cone-Ada! Non-Gmo473 ml,$6.99ea,,$1.48/ 100ml,False
frozen,President's Choice,Thai-Style Vegetable Blend,President's ChoiceThai-Style Vegetable Blend1.75 kg,$10.99ea,$9.99ea,$0.57/ 100g,True
frozen,Marie Callender's,Creamy Chicken Alfredo,Marie Callender'sCreamy Chicken Alfredo680 g,$10.99ea,,$1.62/ 100g,False
frozen,Kawartha,Death By Chocolate Ice Cream,KawarthaDeath By Chocolate Ice Cream1.5 l,$8.99ea,,$0.60/ 100ml,False
frozen,Chapmans,Vanilla With A Chocolatey Coating & Almonds Ice Cream Bars,ChapmansVanilla With A Chocolatey Coating & Almonds Ice Cream Bars5x55.0 ml,$5.50ea,$3.99ea,$1.45/ 100ml,True
frozen,President's Choice,Ready Veggie Cuts Sweet Potato,President's ChoiceReady Veggie Cuts Sweet Potato350 g,$5.49ea,,$1.57/ 100g,False
frozen,President's Choice,Mini Arancini Italian Rice Balls,President's ChoiceMini Arancini Italian Rice Balls450 g,$8.99ea,,$2.00/ 100g,False
frozen,So Delicious,"Dairy Free Coconut-Based Frozen Dessert, 4  Vanilla Bean Bars","So DeliciousDairy Free Coconut-Based Frozen Dessert, 4  Vanilla Bean Bars272 ml",$7.99ea,,$2.94/ 100ml,False
frozen,Chapmans,Vanilla With A Chocolatey Coating & Almonds Ice Cream Bars,ChapmansVanilla With A Chocolatey Coating & Almonds Ice Cream Bars5x55.0 ml,$5.50ea,$3.99ea,$1.45/ 100ml,True
frozen,President's Choice,Ready Veggie Cuts Sweet Potato,President's ChoiceReady Veggie Cuts Sweet Potato350 g,$5.49ea,,$1.57/ 100g,False
frozen,President's Choice,Mini Arancini Italian Rice Balls,President's ChoiceMini Arancini Italian Rice Balls450 g,$8.99ea,,$2.00/ 100g,False
frozen,So Delicious,"Dairy Free Coconut-Based Frozen Dessert, 4  Vanilla Bean Bars","So DeliciousDairy Free Coconut-Based Frozen Dessert, 4  Vanilla Bean Bars272 ml",$7.99ea,,$2.94/ 100ml,False
frozen,PC Organics,Organic Sliced Strawberries,PC OrganicsOrganic Sliced Strawberries600 g,$8.99ea,,$1.50/ 100g,False
frozen,Green Giant,Veggie Rings Cauliflower & Onion,Green GiantVeggie Rings Cauliflower & Onion340 g,$6.49ea,,$1.91/ 100g,False
frozen,President's Choice,Broccoli Florets,President's ChoiceBroccoli Florets500 g,$5.49ea,,$1.10/ 100g,False
frozen,Chapmans,Coffee Chip Ice Cream,ChapmansCoffee Chip Ice Cream2 l,$5.49ea,$3.99ea,$0.20/ 100ml,True
frozen,Green Giant,Simply Steam Southwestern Style Corn,Green GiantSimply Steam Southwestern Style Corn269 g,$5.49ea,,$2.04/ 100g,False
frozen,Burnbrae Farms,Eggbites Tex Mex Quiche,Burnbrae FarmsEggbites Tex Mex Quiche336 g,$6.99ea,$4.99ea,$1.49/ 100g,True
frozen,Chapmans,Cookies & Cream,ChapmansCookies & Cream2 l,$5.49ea,,$0.27/ 100ml,False
frozen,Swanson Meat Pies,"Meat Pies, Chicken Pie","Swanson Meat PiesMeat Pies, Chicken Pie200 g",$2.69ea,,$1.35/ 100g,False
frozen,Chapmans,French Vanilla,ChapmansFrench Vanilla2 l,$5.49ea,$3.99ea,$0.20/ 100ml,True
frozen,President's Choice,Vanilla Ice Cream,President's ChoiceVanilla Ice Cream946 ml,$4.49ea,$3.99ea,$0.42/ 100ml,True
frozen,Chapmans,Premium Butter Pecan,ChapmansPremium Butter Pecan2 l,$7.49ea,,$0.37/ 100ml,False
frozen,Nestle,Coffee Crisp Frozen Dessert Bars,NestleCoffee Crisp Frozen Dessert Bars400 ml,$5.49ea,,$1.37/ 100ml,False
frozen,President's Choice,Plant Based Cauliflower & Chickpea Pie,President's ChoicePlant Based Cauliflower & Chickpea Pie650 g,$9.99ea,,$1.54/ 100g,False
frozen,Lous,Shaved Beef au Jus,LousShaved Beef au Jus400 g,$10.99ea,$9.99ea,$2.50/ 100g,True
frozen,PC Blue Menu,"Swirl Smoothie Bars, Orange","PC Blue MenuSwirl Smoothie Bars, Orange6x80.0 ml",$6.99ea,,$1.46/ 100ml,False
frozen,The Original,Revello Frozen Dairy Dessert Bars natural flavours and quality milk,The OriginalRevello Frozen Dairy Dessert Bars natural flavours and quality milk12x60.0 ml,$6.99ea,,$0.97/ 100ml,False
frozen,PC Blue Menu,Scottish Haddock Fillets,PC Blue MenuScottish Haddock Fillets600 g,$17.99ea,,$3.00/ 100g,False
frozen,No Name,Whole Kernel Corn,No NameWhole Kernel Corn750 g,$3.50ea,$3.29ea,$0.44/ 100g,True
frozen,No Name,Salt & Pepper Chicken Wings,No NameSalt & Pepper Chicken Wings908 g,$14.99ea,$14.49ea,$1.60/ 100g,True
frozen,Crave,Bacon & Egg Scramble with Cheddar Cheese Frozen Meal,CraveBacon & Egg Scramble with Cheddar Cheese Frozen Meal200 g,$6.49ea,,$3.25/ 100g,False
frozen,PC Blue Menu,Southwest-Style Chili Protein Bowl,PC Blue MenuSouthwest-Style Chili Protein Bowl300 g,$4.99ea,,$1.66/ 100g,False
frozen,Dr Oetker,Casa Di Mama 4 Cheese Pizza,Dr OetkerCasa Di Mama 4 Cheese Pizza410 g,$5.49ea,,$1.34/ 100g,False
frozen,Swiss Chalet,"Pork Back Ribs, Honey Garlic","Swiss ChaletPork Back Ribs, Honey Garlic600 g",$15.99ea,,$2.67/ 100g,False
frozen,High Liner,"Pan Sear Selects Salmon, Mediterranean","High LinerPan Sear Selects Salmon, Mediterranean540 g",$17.99ea,,$3.33/ 100g,False
frozen,Haagen Dazs,Salted Caramel Ice Cream Bars,Haagen DazsSalted Caramel Ice Cream Bars3x88.0 ml,$6.99ea,,$2.65/ 100ml,False
frozen,Dr Oetker,Giuseppe Pizzeria Giuseppe Rising Crust Pepperoni Pizza,Dr OetkerGiuseppe Pizzeria Giuseppe Rising Crust Pepperoni Pizza720 g,$8.49ea,,$1.18/ 100g,False
frozen,Gardein,Mandarin Orange Crispy Chicken,GardeinMandarin Orange Crispy Chicken300 g,$7.49ea,,$2.50/ 100g,False
frozen,Dr Oetker,Casa di Mama Pepperoni Pizza,Dr OetkerCasa di Mama Pepperoni Pizza395 g,$5.49ea,,$1.39/ 100g,False
frozen,Green Giant,Valley Selections Whole Green Beans,Green GiantValley Selections Whole Green Beans500 g,$3.49ea,,$0.70/ 100g,False
frozen,Dr Oetker,Giuseppe Thin Crust Five Cheese Pizza,Dr OetkerGiuseppe Thin Crust Five Cheese Pizza439 g,$8.49ea,,$1.93/ 100g,False
frozen,High Liner,"Pan Sear Selects Sole, Lemon Pepper","High LinerPan Sear Selects Sole, Lemon Pepper540 g",$17.99ea,,$3.33/ 100g,False
frozen,Dr Oetker,Ristorante Thin Crust Speciale Pizza,Dr OetkerRistorante Thin Crust Speciale Pizza330 g,$5.49ea,,$1.66/ 100g,False
frozen,Gardein,Beefless Ground,GardeinBeefless Ground390 g,$7.49ea,,$1.92/ 100g,False
frozen,Haagen Dazs,Ice Cream Divine Coffee Cookie Swirl Light ,Haagen DazsIce Cream Divine Coffee Cookie Swirl Light 475 ml,$6.99ea,,$1.47/ 100ml,False
frozen,Green Giant,Peas Tender Young,Green GiantPeas Tender Young750 g,$3.49ea,,$0.47/ 100g,False
frozen,Haagen Dazs,Ice Cream Miniatures Vanilla Almond Bars,Haagen DazsIce Cream Miniatures Vanilla Almond Bars4x55.0 ml,$6.99ea,,$3.18/ 100ml,False
frozen,Gardein,Lightly Breaded Turkey,GardeinLightly Breaded Turkey300 g,$7.49ea,,$2.50/ 100g,False
frozen,Chapmans,Ice Cream Cotton Candy Checkerboard ,ChapmansIce Cream Cotton Candy Checkerboard 2 l,$5.49ea,$3.99ea,$0.20/ 100ml,True
frozen,President's Choice,"Meatballs, Italian Style","President's ChoiceMeatballs, Italian Style907 g",$17.49ea,,$1.93/ 100g,False
frozen,Dr Oetker,Giuseppe Thin Crust Four Meat Pizza,Dr OetkerGiuseppe Thin Crust Four Meat Pizza494 g,$8.49ea,,$1.72/ 100g,False
frozen,Dr Oetker,Ristorante Thin Crust Vegetable Pizza,Dr OetkerRistorante Thin Crust Vegetable Pizza385 g,$5.49ea,,$1.43/ 100g,False
frozen,President's Choice,"Fully Cooked Pork Back Ribs, Smokin Stampede","President's ChoiceFully Cooked Pork Back Ribs, Smokin Stampede500 g",$15.49ea,$13.99ea,$2.80/ 100g,True
frozen,Dr Oetker,Ristorante Thin Crust Spinaci (Spinach) Pizza,Dr OetkerRistorante Thin Crust Spinaci (Spinach) Pizza390 g,$5.49ea,,$1.41/ 100g,False
frozen,Haagen Dazs,Ice Cream Extraaz Layers Salted Caramel Chocolate ,Haagen DazsIce Cream Extraaz Layers Salted Caramel Chocolate 414 ml,$6.99ea,,$1.69/ 100ml,False
frozen,High Liner,"Crispy, Breaded, Frozen Haddock Fillets, Uncooked","High LinerCrispy, Breaded, Frozen Haddock Fillets, Uncooked425 g",$17.99ea,,$4.23/ 100g,False
frozen,President's Choice,Zipperback Pacific White Shrimp Raw,President's ChoiceZipperback Pacific White Shrimp Raw400 g,$12.99ea,,$3.25/ 100g,False
frozen,President's Choice,"Plant Based Coconut Milk Frozen Dessert, Mango","President's ChoicePlant Based Coconut Milk Frozen Dessert, Mango500 ml",$3.99ea,,$0.80/ 100ml,False
frozen,PC Blue Menu,Angus Beef Meatballs,PC Blue MenuAngus Beef Meatballs907 g,$18.49ea,,$2.04/ 100g,False
frozen,President's Choice,Plant Based Mozzarella-Style Sticks ,President's ChoicePlant Based Mozzarella-Style Sticks 454 g,$7.99ea,,$1.76/ 100g,False
frozen,President's Choice,Angus Beef Meatballs,President's ChoiceAngus Beef Meatballs907 g,$17.49ea,,$1.93/ 100g,False
frozen,President's Choice,Thick & Juicy™ Sirloin Beef Burgers ,President's ChoiceThick & Juicy™ Sirloin Beef Burgers 1.13 kg,$16.99ea,,$1.50/ 100g,False
frozen,President's Choice,Thin & Crispy Pepperoni Pizza,President's ChoiceThin & Crispy Pepperoni Pizza343 g,$5.79ea,,$1.69/ 100g,False
frozen,President's Choice,Chicken Arrabbiata Flatbread ,President's ChoiceChicken Arrabbiata Flatbread 344 g,$5.79ea,,$1.68/ 100g,False
frozen,President's Choice,Thin & Crispy Spinach Pizza,President's ChoiceThin & Crispy Spinach Pizza397 g,$5.49ea,,$1.38/ 100g,False
frozen,President's Choice,Thin & Crispy Six-Cheese Pizza,President's ChoiceThin & Crispy Six-Cheese Pizza350 g,$5.79ea,,$1.65/ 100g,False
frozen,President's Choice,Cheese Quiche Bistro-Style Selection,President's ChoiceCheese Quiche Bistro-Style Selection360 g,$7.99ea,,$2.22/ 100g,False
frozen,Haagen Dazs,Ice Cream Extraaz Layers Triple Chocolate ,Haagen DazsIce Cream Extraaz Layers Triple Chocolate 414 ml,$6.99ea,,$1.69/ 100ml,False
frozen,President's Choice,Thin & Crispy Mozzarella Pizza,President's ChoiceThin & Crispy Mozzarella Pizza335 g,$5.79ea,,$1.73/ 100g,False
frozen,President's Choice,Free From Angus Beef Burger,President's ChoiceFree From Angus Beef Burger1.02 kg,$16.99ea,,$1.67/ 100g,False
frozen,President's Choice,Dry-Rubbed Hardwood-Smoked Chicken Wings,President's ChoiceDry-Rubbed Hardwood-Smoked Chicken Wings800 g,$17.99ea,,$2.25/ 100g,False
