category,brand,product_text,product_name,price_text,sale_price,per_unit_price_text,is_sale,sale_valid_to
household_items,President's Choice, 3-Ply Hypoallergenic Facial Tissues,President's Choice 3-Ply Hypoallergenic Facial Tissues65 sheets,$3.29ea,,$3.29/ 1ea,False,
household_items,No Name,Regular Garbage Bags,No NameRegular Garbage Bags40 ea,$8.99ea,,$0.22/ 1ea,False,
household_items,Dawn," Dishwashing Liquid Dish Soap, Original Scent","Dawn Dishwashing Liquid Dish Soap, Original Scent982 ml",$5.99ea,,$0.61/ 100ml,False,
household_items,No Name,Bleach Club Size ,No NameBleach Club Size 2.4 l,$3.99ea,,$0.17/ 100ml,False,
household_items,No Name,Napkins 1 Ply,No NameNapkins 1 Ply1 ea,$4.79ea,,$0.02/ 1ea,False,
household_items,No Name,"Bathroom tissue, 24 Rolls","No NameBathroom tissue, 24 Rolls24 rolls",$8.49ea,,$0.35/ 1ea,False,
household_items,Lysol,Laundry Disinfectant,LysolLaundry Disinfectant1.2 l,$8.99ea,,$0.75/ 100ml,False,
household_items,,Bona Professional Series Hardwood Floor Spray Mop,Bona Professional Series Hardwood Floor Spray Mop,$94.99ea,,,False,
household_items,,Johnny Vac JV125 Wet Dry Commercial Vacuum Cleaner | 4 Gallon (15 litres) Capacity Tank with Professional Accessory Kit,Johnny Vac JV125 Wet Dry Commercial Vacuum Cleaner | 4 Gallon (15 litres) Capacity Tank with Professional Accessory Kit,$349.00ea,,,False,
household_items,,Car Interior RGB Strip Light with Remote Control and APP Control 48 LEDs,Car Interior RGB Strip Light with Remote Control and APP Control 48 LEDs,$28.99ea,,,False,
household_items,,Ajax Orange Scented All Purpose Cleaner 16.9 Ounce - Pack of 3,Ajax Orange Scented All Purpose Cleaner 16.9 Ounce - Pack of 3,$24.99ea,,,False,
household_items,Swiffer,"WetJet Hardwood Floor Cleaner Spray Mop Pad Refill, Heavy Duty, 10 Count","SwifferWetJet Hardwood Floor Cleaner Spray Mop Pad Refill, Heavy Duty, 10 Count10 ea",$14.99ea,,$1.50/ 1ea,False,
household_items,,"Drawstring Trash Bag Heavy Duty Garbage Bags 30 x 33"" Black 30Pcs/Pack 90L/23.78Gal","Drawstring Trash Bag Heavy Duty Garbage Bags 30 x 33"" Black 30Pcs/Pack 90L/23.78Gal",$17.99ea,,,False,
household_items,Sylvania,"G16.5 40W Light Bulbs, White","SylvaniaG16.5 40W Light Bulbs, White2x2.0 ea",$4.49ea,,$2.25/ 1ea,False,
household_items,,"Allegro POCO MU3000 Central Vacuum System 2,000 Square Foot for Small Apartments / Condominiums","Allegro POCO MU3000 Central Vacuum System 2,000 Square Foot for Small Apartments / Condominiums",$425.00ea,,,False,
household_items,Renuzit," Adjustable Air Freshener, Raspberry","Renuzit Adjustable Air Freshener, Raspberry198 g",$2.29ea,,$1.16/ 100g,False,
household_items,,Karcher WVP10 Window Vacuum #16335510,Karcher WVP10 Window Vacuum #16335510,$292.00ea,,,False,
household_items,,Instant Aid- Lens Cleaning Towelette (12 In 1 Pack) (Pack of 3) by Purest,Instant Aid- Lens Cleaning Towelette (12 In 1 Pack) (Pack of 3) by Purest,$30.97ea,,,False,
household_items,No Name,Giant Pasta Pan,No NameGiant Pasta Pan1 ea,$6.99ea,,$6.99/ 1ea,False,
household_items,,Anti Dust Mite Vacuum Cleaner 300W UV HEPA Handhold Vacuum LW-P1003,Anti Dust Mite Vacuum Cleaner 300W UV HEPA Handhold Vacuum LW-P1003,$89.99ea,,,False,
household_items,Renova,"Napkins, Fuchsia","RenovaNapkins, Fuchsia70 ea",$1.99ea,,$0.03/ 1ea,False,
household_items,,Eveready Pygmy SES Light Bulb (Pack Of 2) (Transparent),Eveready Pygmy SES Light Bulb (Pack Of 2) (Transparent),$6.80ea,,,False,
household_items,,PresSence Kitchen Slim Sponge Navy,PresSence Kitchen Slim Sponge Navy,$4.99ea,,,False,
household_items,,Little Tree Car Air Freshener Bubble Gum,Little Tree Car Air Freshener Bubble Gum,$23.20ea,,,False,
household_items,Sylvania,GU10 Flood 50W Light Bulbs,SylvaniaGU10 Flood 50W Light Bulbs6x6.0 ea,$18.99ea,,$3.17/ 1ea,False,
household_items,Scotch,Little Handy Scrubber,ScotchLittle Handy Scrubber1 ea,$6.29ea,$5.99ea,$5.99/ 1ea,True,saleEnds 03/22
household_items,,VPC Central Vacuum Accessory Kit with Sweep N' Groom Electric Powerhead | Deluxe Tool Set & Bonus Tool Set,VPC Central Vacuum Accessory Kit with Sweep N' Groom Electric Powerhead | Deluxe Tool Set & Bonus Tool Set,$409.98ea,,,False,
household_items,President's Choice,"Hearing Aid Batteries, Size 10","President's ChoiceHearing Aid Batteries, Size 108x1.0 ea",$14.99ea,,$1.87/ 1ea,False,
household_items,,Turbo Cat Powerhead Geared Belt fits TP210 210 7120,Turbo Cat Powerhead Geared Belt fits TP210 210 7120,$14.99ea,,,False,
household_items,,Esteam Degreaser / Cleaner 1 Gallon-Case of 4,Esteam Degreaser / Cleaner 1 Gallon-Case of 4,$129.99ea,,,False,
household_items,,Eveready Pygmy 15W SES Light Bulb (Pack Of 10) (Transparent),Eveready Pygmy 15W SES Light Bulb (Pack Of 10) (Transparent),$11.86ea,,,False,
household_items,Sylvania,"LED Bulb, 10 Year, 9W PAR30 SW VP2","SylvaniaLED Bulb, 10 Year, 9W PAR30 SW VP22x1.0 ea",$23.99ea,,$12.00/ 1ea,False,
household_items,,VPC Central Vacuum Electric Attachment Kit | PN33 Power Head | Deluxe Tools Set and Bonus Tools,VPC Central Vacuum Electric Attachment Kit | PN33 Power Head | Deluxe Tools Set and Bonus Tools,$379.98ea,,,False,
household_items,,Bentley PVC Yard Broom Head With Bracket,Bentley PVC Yard Broom Head With Bracket,$14.85ea,,,False,
household_items,Glad,Black Garbage Bags - Extra-Large 135 Litres,GladBlack Garbage Bags - Extra-Large 135 Litres20 ea,$13.99ea,,$0.70/ 1ea,False,
household_items,No Name,Giant Oval Rack Roaster,No NameGiant Oval Rack Roaster1 ea,$5.49ea,,$5.49/ 1ea,False,
household_items,Oxi Clean,White Revive Laundry Stain Remover,Oxi CleanWhite Revive Laundry Stain Remover18 ea,$11.99ea,,$0.67/ 1ea,False,
household_items,Bonterra,3 Ply Facial Tissues,Bonterra3 Ply Facial Tissues450 ea,$7.99ea,,$0.02/ 1ea,False,
household_items,Sylvania,A19 Frosted Bulb Daylight Led 40 W,SylvaniaA19 Frosted Bulb Daylight Led 40 W1 ea,$5.98ea,,$5.98/ 1ea,False,
household_items,Oxi Clean,White Revive Stain Remover,Oxi CleanWhite Revive Stain Remover1.47 l,$10.99ea,,$0.75/ 100ml,False,
household_items,,Leather Magic Leather & Vinyl Stain Remover 16 Ounce,Leather Magic Leather & Vinyl Stain Remover 16 Ounce,$22.00ea,,,False,
household_items,Finish,Dishwasher Cleaner Lemon,FinishDishwasher Cleaner Lemon250 ml,$7.49ea,,$3.00/ 100ml,False,
household_items,,Little Tree Air Freshener Summer Linen,Little Tree Air Freshener Summer Linen,$23.20ea,,,False,
household_items,,General Purpose Cloth 4 Pack - Assorted Colours,General Purpose Cloth 4 Pack - Assorted Colours,$51.99ea,,,False,
household_items,Lysol,Laundry Disinfectant,LysolLaundry Disinfectant1.2 l,$10.99ea,$8.99ea,$0.75/ 100ml,True,saleEnds 03/01
household_items,Downy,Fabric Enhancer Water,DownyFabric Enhancer Water570 g,$18.99ea,,$3.33/ 100g,False,
household_items,Swiffer,WetJet Floor Mop Starter Kit,SwifferWetJet Floor Mop Starter Kit1 ea,$33.99ea,,$33.99/ 1ea,False,
household_items,Mr. Clean,"Liquid with Febreze, Meadows and Rain","Mr. CleanLiquid with Febreze, Meadows and Rain1.33 l",$4.79ea,$3.99ea,$0.30/ 100ml,True,saleEnds 03/01
household_items,,Bentley PVC Yard Broom Head With Bracket,Bentley PVC Yard Broom Head With Bracket,$14.85ea,,,False,
household_items,Glad,Black Garbage Bags - Extra-Large 135 Litres,GladBlack Garbage Bags - Extra-Large 135 Litres20 ea,$13.99ea,,$0.70/ 1ea,False,
household_items,No Name,Giant Oval Rack Roaster,No NameGiant Oval Rack Roaster1 ea,$5.49ea,,$5.49/ 1ea,False,
household_items,Oxi Clean,White Revive Laundry Stain Remover,Oxi CleanWhite Revive Laundry Stain Remover18 ea,$11.99ea,,$0.67/ 1ea,False,
household_items,Bonterra,3 Ply Facial Tissues,Bonterra3 Ply Facial Tissues450 ea,$7.99ea,,$0.02/ 1ea,False,
household_items,Sylvania,A19 Frosted Bulb Daylight Led 40 W,SylvaniaA19 Frosted Bulb Daylight Led 40 W1 ea,$5.98ea,,$5.98/ 1ea,False,
household_items,Oxi Clean,White Revive Stain Remover,Oxi CleanWhite Revive Stain Remover1.47 l,$10.99ea,,$0.75/ 100ml,False,
household_items,SC Johnson,"Family Guard Brand Disinfectant Cleaner Trigger, Fresh Scent, 946mL​","SC JohnsonFamily Guard Brand Disinfectant Cleaner Trigger, Fresh Scent, 946mL​946 ml",$6.99ea,,$0.74/ 100ml,False,
household_items,Finish,Dishwasher Cleaner Lemon,FinishDishwasher Cleaner Lemon250 ml,$7.49ea,,$3.00/ 100ml,False,
household_items,President's Choice,Lavender Ultra Grease-Fighting Dishwashing Liquid,President's ChoiceLavender Ultra Grease-Fighting Dishwashing Liquid739 ml,$3.49ea,,$0.47/ 100ml,False,
household_items,President's Choice,"Hearing Aid Batteries, Size 675","President's ChoiceHearing Aid Batteries, Size 6758x1.0 ea",$14.99ea,,$1.87/ 1ea,False,
household_items,,General Purpose Cloth 4 Pack - Assorted Colours,General Purpose Cloth 4 Pack - Assorted Colours,$51.99ea,,,False,
household_items,Lysol,Laundry Disinfectant,LysolLaundry Disinfectant1.2 l,$10.99ea,$8.99ea,$0.75/ 100ml,True,saleEnds 03/01
household_items,Downy,Fabric Enhancer Water,DownyFabric Enhancer Water570 g,$18.99ea,,$3.33/ 100g,False,
household_items,,Shout Triple-Acting Refill Laundry Stain Remover 946ml - Pack of 3,Shout Triple-Acting Refill Laundry Stain Remover 946ml - Pack of 3,$39.99ea,,,False,
household_items,Scotties,White Tissues Original 2 Ply,ScottiesWhite Tissues Original 2 Ply18 ea,$17.99ea,,$1.00/ 1ea,False,
household_items,Charmin,"Bathroom Tissues, 18=72","CharminBathroom Tissues, 18=7218 ea",$29.99ea,,$1.67/ 1ea,False,
household_items,No Name,All-Purpose Scouring Sponges,No NameAll-Purpose Scouring Sponges6 pack,$7.29ea,,$1.22/ 1ea,False,
household_items,,Leather Magic Leather & Vinyl Stain Remover 16 Ounce,Leather Magic Leather & Vinyl Stain Remover 16 Ounce,$22.00ea,,,False,
household_items,,Little Tree Air Freshener Summer Linen,Little Tree Air Freshener Summer Linen,$23.20ea,,,False,
household_items,Downy,Shea Blossom Laundry Detergent ,DownyShea Blossom Laundry Detergent 422 g,$12.99ea,,$3.08/ 100g,False,
household_items,Everyday Essentials,"Light Bulbs, A19 60W LED Daylight","Everyday EssentialsLight Bulbs, A19 60W LED Daylight2x1.0 ea",$8.49ea,,$4.25/ 1ea,False,
household_items,,Esteam Formula 888 Carpet Extraction Detergent 1 Gallon-Case of 4,Esteam Formula 888 Carpet Extraction Detergent 1 Gallon-Case of 4,$199.99ea,,,False,
household_items,,Instant Aid- Lens Cleaning Towelette (12 In 1 Pack) (Pack of 3) by Purest,Instant Aid- Lens Cleaning Towelette (12 In 1 Pack) (Pack of 3) by Purest,$30.97ea,,,False,
household_items,Lysol,"Disinfectant Spray, Crisp Linen","LysolDisinfectant Spray, Crisp Linen539 g",$8.99ea,$6.99ea,$1.30/ 100g,True,saleEnds 03/08
household_items,,UV-CORP EXTRA STRENGTH DISHWASHER DETERGENT BOOSTER 1kg,UV-CORP EXTRA STRENGTH DISHWASHER DETERGENT BOOSTER 1kg,$18.99ea,,,False,
household_items,Sylvania,"LED Dimmer Light Bulb 5W R20, 10 Year","SylvaniaLED Dimmer Light Bulb 5W R20, 10 Year2x1.0 ea",$17.49ea,,$8.75/ 1ea,False,
household_items,Lysol,Toilet Bowl Cleaner Power and Free,LysolToilet Bowl Cleaner Power and Free710 ml,$5.49ea,,$0.77/ 100ml,False,
household_items,Downy,"RINSE & REFRESH Laundry Odor Remover and Fabric Softener, Fresh Lavender, Safe on ALL Fabrics, Gentle on Skin, HE Compatible","DownyRINSE & REFRESH Laundry Odor Remover and Fabric Softener, Fresh Lavender, Safe on ALL Fabrics, Gentle on Skin, HE Compatible1.41 l",$18.99ea,,$1.35/ 100ml,False,
household_items,,Nellie's Laundry Soda Tin (100 Loads),Nellie's Laundry Soda Tin (100 Loads),$32.00ea,,,False,
household_items,Swiffer,WetJet Floor Mop Starter Kit,SwifferWetJet Floor Mop Starter Kit1 ea,$33.99ea,,$33.99/ 1ea,False,
household_items,Downy,"Ultra Liquid Fabric Conditioner (Fabric Softener) , Free & Gentle, 60 Loads","DownyUltra Liquid Fabric Conditioner (Fabric Softener) , Free & Gentle, 60 Loads1.53 l",$8.99ea,$4.99ea,$0.33/ 100ml,True,saleEnds 03/01
household_items,Swiffer,"Wet Jet Floor Mop, Open Window Scent, 12 Count","SwifferWet Jet Floor Mop, Open Window Scent, 12 Count12 ea",$12.99ea,$11.99ea,$1.00/ 1ea,True,saleEnds 03/01
household_items,Mr. Clean,"Liquid with Febreze, Meadows and Rain","Mr. CleanLiquid with Febreze, Meadows and Rain1.33 l",$4.79ea,$3.99ea,$0.30/ 100ml,True,saleEnds 03/01
household_items,,Core Hydroxipro Carpet Cleaning Polymer Gallon - 6 In 1 Cleaner,Core Hydroxipro Carpet Cleaning Polymer Gallon - 6 In 1 Cleaner,$49.00ea,,,False,
household_items,Sunlight,Standard Lemon Fresh,SunlightStandard Lemon Fresh1.2 l,$5.49ea,,$0.46/ 100ml,False,
household_items,,Sherbro Mixture Broom Head,Sherbro Mixture Broom Head,$46.05ea,,,False,
household_items,President's Choice,Max Tissue Roll,President's ChoiceMax Tissue Roll2 ea,$9.49ea,,$4.75/ 1ea,False,
household_items,,Little Tree Car Air Freshener Sun Berry,Little Tree Car Air Freshener Sun Berry,$23.20ea,,,False,
household_items,Sunlight,Dishwasher Detergent Advanced,SunlightDishwasher Detergent Advanced48 ea,$15.99ea,,$0.33/ 1ea,False,
household_items,No Name,Bleach,No NameBleach1.27 l,$2.99ea,,$0.24/ 100ml,False,
household_items,Air Wick,"Plug-in Air Freshener Scented Oil, Crisp Breeze, 2 Refills","Air WickPlug-in Air Freshener Scented Oil, Crisp Breeze, 2 Refills2x21.0 ml",$12.99ea,,$30.93/ 100ml,False,
household_items,,Karcher NT 68/1 Wet/Dry Vacuum #11034940,Karcher NT 68/1 Wet/Dry Vacuum #11034940,"$1,444.99ea",,,False,
household_items,,Johnny Vac JV403P 16Gal Wet/Dry Commercial Vacuum With Electrical Outlet For Powerhead,Johnny Vac JV403P 16Gal Wet/Dry Commercial Vacuum With Electrical Outlet For Powerhead,$878.99ea,,,False,
household_items,Swiffer,"WetJet Hardwood Floor Cleaner Spray Mop Pad Refill, Heavy Duty, 10 Count","SwifferWetJet Hardwood Floor Cleaner Spray Mop Pad Refill, Heavy Duty, 10 Count10 ea",$14.99ea,,$1.50/ 1ea,False,
household_items,,Karcher WVP10 Window Vacuum #16335510,Karcher WVP10 Window Vacuum #16335510,$292.00ea,,,False,
household_items,Mr. Clean,"Magic Eraser Bath with Febreze Lavender scent, Cleaning Pads with Durafoam","Mr. CleanMagic Eraser Bath with Febreze Lavender scent, Cleaning Pads with Durafoam2 ea",$4.49ea,$3.99ea,$2.00/ 1ea,True,saleEnds 03/01
household_items,,Aluminum Snow Shovel 22-26-32 Inch Retractable Spring Assisted Handle Snow Sand Mud Removal Tool to Build Snowman Clear Snow Car Outdoor Camping Garden Work,Aluminum Snow Shovel 22-26-32 Inch Retractable Spring Assisted Handle Snow Sand Mud Removal Tool to Build Snowman Clear Snow Car Outdoor Camping Garden Work,$26.99ea,,,False,
household_items,,Airstream AS200 Corded Lightweight Canister Vacuum Cleaner with HEPA Filtration & Accessories,Airstream AS200 Corded Lightweight Canister Vacuum Cleaner with HEPA Filtration & Accessories,$289.95ea,,,False,
household_items,Nature Clean,Rinse Agent,Nature CleanRinse Agent250 ml,$5.49ea,$4.49ea,$1.80/ 100ml,True,saleEnds 03/15
household_items,Downy,"Infusions Liquid Fabric Softener, Refresh, Birch Water & Botonicals","DownyInfusions Liquid Fabric Softener, Refresh, Birch Water & Botonicals0.946 l",$8.49ea,$4.99ea,$0.53/ 100ml,True,saleEnds 03/01
household_items,,CanaVac LS590 Signature Series Central Vacuum Cleaner | Tangential Bypass Motor Up To 5000 sq ft.| with the LS Deluxe Electric Package,CanaVac LS590 Signature Series Central Vacuum Cleaner | Tangential Bypass Motor Up To 5000 sq ft.| with the LS Deluxe Electric Package,$849.00ea,,,False,
household_items,Air Wick,"Plug-in Air Freshener, Scented Oil Refills, Island Paradise, 3 Refills","Air WickPlug-in Air Freshener, Scented Oil Refills, Island Paradise, 3 Refills3x20.0 ml",$17.99ea,,$29.98/ 100ml,False,
household_items,,TANN-X Coffee Stain Remover 1 Gallon,TANN-X Coffee Stain Remover 1 Gallon,$47.99ea,,,False,
household_items,Swiffer,Wet Jet Floor Cleaner Lavender,SwifferWet Jet Floor Cleaner Lavender1.25 l,$9.99ea,,$0.80/ 100ml,False,
household_items,Environmental Air Sponge,Environmental Air Sponge,Environmental Air SpongeEnvironmental Air Sponge227 g,$6.49ea,,$2.86/ 100g,False,
household_items,Sylvania,Indoor Outdoor B10 Bulbs Crystal Led Soft White 40 W,SylvaniaIndoor Outdoor B10 Bulbs Crystal Led Soft White 40 W2x1.0 ea,$19.98ea,,$9.99/ 1ea,False,
household_items,Sylvania,Daylight Led 40 W B10 Clear Bulbs,SylvaniaDaylight Led 40 W B10 Clear Bulbs2x1.0 ea,$11.98ea,,$5.99/ 1ea,False,
household_items,Cascade,Platinum Dishwasher Rinse Aid,CascadePlatinum Dishwasher Rinse Aid473 ml,$7.99ea,,$1.69/ 100ml,False,
household_items,,"Hoover OEM HEPA Bag Type ""I""","Hoover OEM HEPA Bag Type ""I""",$15.99ea,,,False,
household_items,,"Hoover Paper Bag Type ""K""","Hoover Paper Bag Type ""K""",$9.99ea,,,False,
household_items,,Johnny Vac JV10H 4Gal HEPA Certified Commercial Vacuum,Johnny Vac JV10H 4Gal HEPA Certified Commercial Vacuum,$779.99ea,,,False,
household_items,Sapadilla,Countertop Grapefruit & Bergamot,SapadillaCountertop Grapefruit & Bergamot473 ml,$7.99ea,,$1.69/ 100ml,False,
household_items,,"Kenmore 3M Filtrete Bag ""E 5023 & 5033""","Kenmore 3M Filtrete Bag ""E 5023 & 5033""",$9.99ea,,,False,
household_items,,"Johnny Vac Industrial Ride-On Sweeper Machine 59""","Johnny Vac Industrial Ride-On Sweeper Machine 59""","$27,777.00ea",,,False,
household_items,President's Choice,Dishwashing Liquid Icelandic Springs,President's ChoiceDishwashing Liquid Icelandic Springs638 ml,$3.49ea,,$0.55/ 100ml,False,
household_items,Glad,Black Garbage Bags - Regular 74 Litres,GladBlack Garbage Bags - Regular 74 Litres40 ea,$14.99ea,,$0.37/ 1ea,False,
household_items,Clorox,Liquid-Plumr Urgent Clear,CloroxLiquid-Plumr Urgent Clear502 ml,$9.49ea,,$1.89/ 100ml,False,
household_items,,Little Tree Air Freshener Heirloom,Little Tree Air Freshener Heirloom,$23.20ea,,,False,
household_items,Odoban,Eucalyptus Disinfectant Ready-to-Use Spray,OdobanEucalyptus Disinfectant Ready-to-Use Spray946 ml,$6.99ea,,$0.74/ 100ml,False,
household_items,Downy,"Infusions In-Wash Scent Booster Beads, Bliss, Sparkling Amber & Rose,","DownyInfusions In-Wash Scent Booster Beads, Bliss, Sparkling Amber & Rose,422 g",$14.99ea,$12.99ea,$3.08/ 100g,True,saleEnds 03/08
household_items,Weiman,Cook Top Daily Cleaner,WeimanCook Top Daily Cleaner355 ml,$8.49ea,,$2.39/ 100ml,False,
household_items,Bio-Vert,Dishwashing Tabs,Bio-VertDishwashing Tabs540 g,$10.99ea,$8.99ea,$1.66/ 100g,True,saleEnds 03/15
household_items,,Resolve Spray 'N Wash Laundry Stain Remover Pre-Treat Trigger 650 ml,Resolve Spray 'N Wash Laundry Stain Remover Pre-Treat Trigger 650 ml,$23.97ea,,,False,
household_items,,Esteam Tuft Guard II 1 Gallon-Case of 4,Esteam Tuft Guard II 1 Gallon-Case of 4,$299.99ea,,,False,
household_items,,Eveready Pygmy 15W SBC Light Bulb (Pack Of 10) (Transparent),Eveready Pygmy 15W SBC Light Bulb (Pack Of 10) (Transparent),$12.31ea,,,False,
household_items,,"Allegro MUA39 Acoustic Compact 2,500 Square Foot Home Central Vacuum System Power Unit","Allegro MUA39 Acoustic Compact 2,500 Square Foot Home Central Vacuum System Power Unit",$465.00ea,,,False,
household_items,,Karcher B 150 R BP Scrubber #9.512-758.0,Karcher B 150 R BP Scrubber #9.512-758.0,"$29,799.99ea",,,False,
household_items,Febreze,"Air Fresheners, Air Freshener, Linen & Sky, Starter Kit Oil Refill","FebrezeAir Fresheners, Air Freshener, Linen & Sky, Starter Kit Oil Refill26 ml",$8.99ea,,$34.58/ 100ml,False,
household_items,No Name,"Pie Pans, 10""","No NamePie Pans, 10""2x1.0 ea",$4.99ea,,$2.50/ 1ea,False,
household_items,Sylvania,"G16 Globe 60W Light Bulbs, White","SylvaniaG16 Globe 60W Light Bulbs, White4x4.0 ea",$4.99ea,,$1.25/ 1ea,False,
household_items,,CanaVac LS590 Signature Series Central Vacuum Cleaner | Tangential Bypass Motor Up to 5000 sq ft | with the VPC Ultra Electric Package,CanaVac LS590 Signature Series Central Vacuum Cleaner | Tangential Bypass Motor Up to 5000 sq ft | with the VPC Ultra Electric Package,$899.00ea,,,False,
household_items,,Henkel Pril Dish Liquid Sensitive 500ML-Case of 6,Henkel Pril Dish Liquid Sensitive 500ML-Case of 6,$69.99ea,,,False,
household_items,,Xtricity - Set of 2 Energy Saving LED Bulbs Dimmable 9W Type A 3000K Soft White,Xtricity - Set of 2 Energy Saving LED Bulbs Dimmable 9W Type A 3000K Soft White,$24.97ea,,,False,
household_items,Dawn,"Platinum Dishwashing Liquid Dish Soap, Refreshing Rain Scent","DawnPlatinum Dishwashing Liquid Dish Soap, Refreshing Rain Scent431 ml",$4.29ea,,$1.00/ 100ml,False,
household_items,Sapadilla,All Purpose Cleaner Rosemary & Peppermint ,SapadillaAll Purpose Cleaner Rosemary & Peppermint 739 ml,$9.99ea,,$1.35/ 100ml,False,
household_items,Charmin,Toile Paper Ultra Strong 8=24,CharminToile Paper Ultra Strong 8=248 ea,$14.99ea,,$1.87/ 1ea,False,
household_items,,Costway 4PCS 30 LEDs Solar Motion Sensor Light Outdoor Wireless Solar Powered Wall Light,Costway 4PCS 30 LEDs Solar Motion Sensor Light Outdoor Wireless Solar Powered Wall Light,$65.99ea,,,False,
household_items,Bona,Streak-Free Formula Hard-Surface Floor Cleaner,BonaStreak-Free Formula Hard-Surface Floor Cleaner650 ml,$5.99ea,,$0.92/ 100ml,False,
household_items,,Esteam Upholstery for Synthetic Fibre Prespray 1 Gallon-Case of 4,Esteam Upholstery for Synthetic Fibre Prespray 1 Gallon-Case of 4,$184.99ea,,,False,
household_items,Sylvania,90 W Halogen Flood 25° Par38 Bulbs,Sylvania90 W Halogen Flood 25° Par38 Bulbs2x1.0 ea,$29.99ea,,$15.00/ 1ea,False,
household_items,,Glade Expressions Fragrance Mist Refill Cotton and Italian Mandarin 7 Ounce (Pack of 6),Glade Expressions Fragrance Mist Refill Cotton and Italian Mandarin 7 Ounce (Pack of 6),$22.99ea,,,False,
household_items,Sylvania,Soft White Led 40 W B10 Clear Bulbs,SylvaniaSoft White Led 40 W B10 Clear Bulbs2x1.0 ea,$11.98ea,,$5.99/ 1ea,False,
household_items,,NACECARE HD14 Upright Dual Motor Commercial Vacuum,NACECARE HD14 Upright Dual Motor Commercial Vacuum,$669.00ea,,,False,
household_items,Glade,"PlugIns Scented Oil Refill, Clean Linen, 5 Refills ","GladePlugIns Scented Oil Refill, Clean Linen, 5 Refills 5 ea",$17.99ea,,$3.60/ 1ea,False,
household_items,Lysol,"Toilet Bowl Cleaner, Deep Reach","LysolToilet Bowl Cleaner, Deep Reach710 ml",$5.49ea,,$0.77/ 100ml,False,
household_items,Bio-Vert,Dishwashing Tabs,Bio-VertDishwashing Tabs540 g,$10.99ea,$8.99ea,$1.66/ 100g,True,saleEnds 03/15
household_items,,Resolve Spray 'N Wash Laundry Stain Remover Pre-Treat Trigger 650 ml,Resolve Spray 'N Wash Laundry Stain Remover Pre-Treat Trigger 650 ml,$23.97ea,,,False,
household_items,,Esteam Tuft Guard II 1 Gallon-Case of 4,Esteam Tuft Guard II 1 Gallon-Case of 4,$299.99ea,,,False,
household_items,,Eveready Pygmy 15W SBC Light Bulb (Pack Of 10) (Transparent),Eveready Pygmy 15W SBC Light Bulb (Pack Of 10) (Transparent),$12.31ea,,,False,
household_items,,Karcher B 150 R BP Scrubber #9.512-758.0,Karcher B 150 R BP Scrubber #9.512-758.0,"$29,799.99ea",,,False,
household_items,Febreze,"Air Fresheners, Air Freshener, Linen & Sky, Starter Kit Oil Refill","FebrezeAir Fresheners, Air Freshener, Linen & Sky, Starter Kit Oil Refill26 ml",$8.99ea,,$34.58/ 100ml,False,
household_items,No Name,"Pie Pans, 10""","No NamePie Pans, 10""2x1.0 ea",$4.99ea,,$2.50/ 1ea,False,
household_items,Sylvania,"G16 Globe 60W Light Bulbs, White","SylvaniaG16 Globe 60W Light Bulbs, White4x4.0 ea",$4.99ea,,$1.25/ 1ea,False,
household_items,,CanaVac LS590 Signature Series Central Vacuum Cleaner | Tangential Bypass Motor Up to 5000 sq ft | with the VPC Ultra Electric Package,CanaVac LS590 Signature Series Central Vacuum Cleaner | Tangential Bypass Motor Up to 5000 sq ft | with the VPC Ultra Electric Package,$899.00ea,,,False,
household_items,,Henkel Pril Dish Liquid Sensitive 500ML-Case of 6,Henkel Pril Dish Liquid Sensitive 500ML-Case of 6,$69.99ea,,,False,
household_items,,Xtricity - Set of 2 Energy Saving LED Bulbs Dimmable 9W Type A 3000K Soft White,Xtricity - Set of 2 Energy Saving LED Bulbs Dimmable 9W Type A 3000K Soft White,$24.97ea,,,False,
household_items,Dawn,"Platinum Dishwashing Liquid Dish Soap, Refreshing Rain Scent","DawnPlatinum Dishwashing Liquid Dish Soap, Refreshing Rain Scent431 ml",$4.29ea,,$1.00/ 100ml,False,
household_items,Sapadilla,All Purpose Cleaner Rosemary & Peppermint ,SapadillaAll Purpose Cleaner Rosemary & Peppermint 739 ml,$9.99ea,,$1.35/ 100ml,False,
household_items,Charmin,Toile Paper Ultra Strong 8=24,CharminToile Paper Ultra Strong 8=248 ea,$14.99ea,,$1.87/ 1ea,False,
household_items,,Costway 4PCS 30 LEDs Solar Motion Sensor Light Outdoor Wireless Solar Powered Wall Light,Costway 4PCS 30 LEDs Solar Motion Sensor Light Outdoor Wireless Solar Powered Wall Light,$65.99ea,,,False,
household_items,Bona,Streak-Free Formula Hard-Surface Floor Cleaner,BonaStreak-Free Formula Hard-Surface Floor Cleaner650 ml,$5.99ea,,$0.92/ 100ml,False,
household_items,,Numatic HET200A Hetty Canister Vacuum Cleaner - 9L Capacity with AS1 Professional Accessory Set,Numatic HET200A Hetty Canister Vacuum Cleaner - 9L Capacity with AS1 Professional Accessory Set,$569.00ea,,,False,
household_items,,Whitefurze Round Plastic Washing Bowl (Silver),Whitefurze Round Plastic Washing Bowl (Silver),$26.60ea,,,False,
household_items,,Xtrcity - Energy Saving LED Bulb Dimmable 9W Type A 5000K Daylight,Xtrcity - Energy Saving LED Bulb Dimmable 9W Type A 5000K Daylight,$20.97ea,,,False,
household_items,No Name,Pot Pie Pans with Lids,No NamePot Pie Pans with Lids6x1.0 ea,$5.99ea,,$1.00/ 1ea,False,
household_items,,"14""x14"" Microfiber Cloth 240GSM Blue - Pack of 10","14""x14"" Microfiber Cloth 240GSM Blue - Pack of 10",$23.99ea,,,False,
household_items,,Michaels 420-RT Commercial Wet/Dry Canister Vacuum,Michaels 420-RT Commercial Wet/Dry Canister Vacuum,"$1,215.00ea",,,False,
household_items,Swiffer,"WetJet Hardwood Floor Cleaner, Spray Mop Pad Refill, Multi Surface, 12 Count","SwifferWetJet Hardwood Floor Cleaner, Spray Mop Pad Refill, Multi Surface, 12 Count12 ea",$14.99ea,,$1.25/ 1ea,False,
household_items,,Wet/Dry Vacuum 10-15 U.S Gallon Replacement High Efficiency Filtration Bags,Wet/Dry Vacuum 10-15 U.S Gallon Replacement High Efficiency Filtration Bags,$27.99ea,,,False,
household_items,Seventh Generation,Liquid Dish Soap Fresh Lime & Ginger Scent,Seventh GenerationLiquid Dish Soap Fresh Lime & Ginger Scent539 ml,$4.49ea,,$0.83/ 100ml,False,
household_items,Eco-Max,All Purpose Cleaner Lemongrass,Eco-MaxAll Purpose Cleaner Lemongrass800 ml,$3.99ea,,$0.50/ 100ml,False,
household_items,Vileda,"Scrunge Dishwand with Extra Refill, Dispensing Soap Handle","ViledaScrunge Dishwand with Extra Refill, Dispensing Soap Handle1 ea",$4.99ea,,$4.99/ 1ea,False,
household_items,Fleecy,"Liquid Fabric Softener, Fresh Air, 57 Loads","FleecyLiquid Fabric Softener, Fresh Air, 57 Loads1.36 l",$5.99ea,,$0.44/ 100ml,False,
household_items,,BAZZ BG9AXZ G9 LED Bulb,BAZZ BG9AXZ G9 LED Bulb,$22.97ea,,,False,
household_items,Dawn,"Free and Clear Dishwashing Liquid Dish Soap, Lemon Essence,  ","DawnFree and Clear Dishwashing Liquid Dish Soap, Lemon Essence,  825 ml",$5.99ea,,$0.73/ 100ml,False,
household_items,Febreze,Odor-Eliminating Plug Air Freshener Single Refill Fresh Starter Kit,FebrezeOdor-Eliminating Plug Air Freshener Single Refill Fresh Starter Kit26 ml,$8.99ea,,$34.58/ 100ml,False,
household_items,Affresh,Wash Cleaner,AffreshWash Cleaner120 g,$11.99ea,,$9.99/ 100g,False,
household_items,Eco-Max,Sport Detergent-Citrus     ,Eco-MaxSport Detergent-Citrus     1.89 l,$15.99ea,$12.99ea,$0.69/ 100ml,True,saleEnds 03/15
household_items,,Casabella Microfiber Cleaning Cloth For Crystal And Fine China,Casabella Microfiber Cleaning Cloth For Crystal And Fine China,$7.00ea,,,False,
household_items,,Xtricity - Energy Saving LED Fan Bulb 7W A15 Base 5000K Daylight,Xtricity - Energy Saving LED Fan Bulb 7W A15 Base 5000K Daylight,$19.97ea,,,False,
household_items,,"Allegro MU4900 Force 8,000 Square Foot Home Central Vacuum System","Allegro MU4900 Force 8,000 Square Foot Home Central Vacuum System",$640.00ea,,,False,
household_items,Sylvania,Daylight Led 40 W B10 Clear Bulbs,SylvaniaDaylight Led 40 W B10 Clear Bulbs2x1.0 ea,$11.98ea,,$5.99/ 1ea,False,
household_items,Cascade,Platinum Dishwasher Rinse Aid,CascadePlatinum Dishwasher Rinse Aid473 ml,$7.99ea,,$1.69/ 100ml,False,
household_items,,"Hoover OEM HEPA Bag Type ""I""","Hoover OEM HEPA Bag Type ""I""",$15.99ea,,,False,
household_items,,"Hoover Paper Bag Type ""K""","Hoover Paper Bag Type ""K""",$9.99ea,,,False,
household_items,,Johnny Vac JV10H 4Gal HEPA Certified Commercial Vacuum,Johnny Vac JV10H 4Gal HEPA Certified Commercial Vacuum,$779.99ea,,,False,
household_items,Sapadilla,Countertop Grapefruit & Bergamot,SapadillaCountertop Grapefruit & Bergamot473 ml,$7.99ea,,$1.69/ 100ml,False,
household_items,Everyday Essentials,8.5W Soft White LED Bulb,Everyday Essentials8.5W Soft White LED Bulb8x1.0 ea,$19.99ea,,$2.50/ 1ea,False,
household_items,Febreze,"Car Air Freshener Vent Clip Berry & Bramble Scent,  Car Vent Clip, 2 Count","FebrezeCar Air Freshener Vent Clip Berry & Bramble Scent,  Car Vent Clip, 2 Count4 ml",$7.49ea,,$187.25/ 100ml,False,
household_items,Glad,Kitchen Catchers White Garbage Bags - Tall 45 Litres - Febreze Fresh Clean Scent,GladKitchen Catchers White Garbage Bags - Tall 45 Litres - Febreze Fresh Clean Scent30 ea,$9.99ea,$8.99ea,$0.30/ 1ea,True,saleEnds 03/22
household_items,,Michaels Procare M60 Plus Wet/Dry Canister Vacuum,Michaels Procare M60 Plus Wet/Dry Canister Vacuum,$549.99ea,,,False,
household_items,,Red Label 2 Ply Kitchen Paper Towel 120 Sheet Red by Renova,Red Label 2 Ply Kitchen Paper Towel 120 Sheet Red by Renova,$25.60ea,,,False,
household_items,Glade,"Scented Candle, Cashmere Woods, 3-Wick Candle","GladeScented Candle, Cashmere Woods, 3-Wick Candle1 ea",$11.99ea,,$11.99/ 1ea,False,
household_items,Dawn,"EZ-Squeeze Platinum Dishwashing Liquid Dish Soap, Refreshing Rain Scent","DawnEZ-Squeeze Platinum Dishwashing Liquid Dish Soap, Refreshing Rain Scent366 ml",$3.79ea,,$1.04/ 100ml,False,
household_items,,Canister Vacuum and Home High Reach Ki - 12 Ft,Canister Vacuum and Home High Reach Ki - 12 Ft,$668.99ea,,,False,
household_items,,"CanaVac CV-587 Ethos Series Central Vacuum Cleaner- 540 Airwatts Reliable Flow-Thru Motor Up to 3,500 Sq Ft.","CanaVac CV-587 Ethos Series Central Vacuum Cleaner- 540 Airwatts Reliable Flow-Thru Motor Up to 3,500 Sq Ft.",$429.00ea,,,False,
household_items,,Wet/Dry Vacuum 16-22 U.S Gallon Replacement Standard Filtration Bags,Wet/Dry Vacuum 16-22 U.S Gallon Replacement Standard Filtration Bags,$27.99ea,,,False,
household_items,Finish,"Dishwasher Detergent, Fresh, Tablets","FinishDishwasher Detergent, Fresh, Tablets56 ea",$28.99ea,,$0.52/ 1ea,False,
household_items,,Pemberly Row Condiment Carton in Black,Pemberly Row Condiment Carton in Black,$135.92ea,,,False,
household_items,Palmolive,"Essential Clean Liquid Dish Soap, Lemon Citrus Zest","PalmoliveEssential Clean Liquid Dish Soap, Lemon Citrus Zest5 l",$11.49ea,,$0.23/ 100ml,False,
household_items,Clorox,Disinfecting Bathroom Cleaner Spray,CloroxDisinfecting Bathroom Cleaner Spray887 ml,$5.49ea,,$0.62/ 100ml,False,
household_items,,Rust Spot'R Rust Remover 16 Ounce,Rust Spot'R Rust Remover 16 Ounce,$15.99ea,,,False,
household_items,,Little Tree Car Air Freshener Lemon Grove,Little Tree Car Air Freshener Lemon Grove,$23.20ea,,,False,
household_items,,Simplicity Supralite Hepa Bag Riccar,Simplicity Supralite Hepa Bag Riccar,$24.99ea,,,False,
household_items,,Little Tree Car Air Freshener Cherry Blossom Hone,Little Tree Car Air Freshener Cherry Blossom Hone,$23.20ea,,,False,
household_items,Method,"Dishwasher Detergent Packs, Lemon Mint","MethodDishwasher Detergent Packs, Lemon Mint30 g",$12.99ea,,$43.30/ 100g,False,
household_items,,PresSence Bucket with Lid,PresSence Bucket with Lid,$59.99ea,,,False,
household_items,,Ghibli AS6 Commercial Canister Vacuum Cleaner with On-Board Tools Floor Brush Kit,Ghibli AS6 Commercial Canister Vacuum Cleaner with On-Board Tools Floor Brush Kit,$449.00ea,,,False,
household_items,President's Choice,Watch Batteries 23A,President's ChoiceWatch Batteries 23A1 ea,$9.99ea,,$9.99/ 1ea,False,
household_items,Eco-Max,Orange Dish Wash,Eco-MaxOrange Dish Wash4 l,$16.99ea,,$0.42/ 100ml,False,
household_items,Shout,Triple-Acting Laundry Stain Remover Spray,ShoutTriple-Acting Laundry Stain Remover Spray650 ml,$5.49ea,,$0.84/ 100ml,False,
household_items,,Xtricity - Energy Saving LED Bulb 6W E26 Base 5000K Daylight,Xtricity - Energy Saving LED Bulb 6W E26 Base 5000K Daylight,$12.97ea,,,False,
household_items,Mrs. Meyer's Clean Day,Lavender Scent Multi-Surface Everyday Cleaner,Mrs. Meyer's Clean DayLavender Scent Multi-Surface Everyday Cleaner473 ml,$7.49ea,,$1.58/ 100ml,False,
household_items,Clorox,"Wipes Disinfecting, Lemon Fresh","CloroxWipes Disinfecting, Lemon Fresh35 ea",$3.99ea,,$0.11/ 1ea,False,
household_items,Cascade,"ActionPacs Dishwasher Detergent, Fresh Scent","CascadeActionPacs Dishwasher Detergent, Fresh Scent25 ea",$9.99ea,,$0.40/ 1ea,False,
household_items,No Name,Foil Muffin Pan,No NameFoil Muffin Pan3x1.0 ea,$5.99ea,,$2.00/ 1ea,False,
household_items,,Eveready Pygmy 25W SES Light Bulb (Pack Of 10) (Transparent),Eveready Pygmy 25W SES Light Bulb (Pack Of 10) (Transparent),$16.85ea,,,False,
household_items,Fleecy,"Liquid Fabric Softener, Aroma Therapy Calm","FleecyLiquid Fabric Softener, Aroma Therapy Calm2.6 l",$9.99ea,$8.99ea,$0.35/ 100ml,True,saleEnds 03/01
household_items,Weiman,"Leather Cleaner, Trigger","WeimanLeather Cleaner, Trigger355 ml",$8.49ea,,$2.39/ 100ml,False,
household_items,Lysol,Disinfecting Wipes Citrus,LysolDisinfecting Wipes Citrus30 ea,$4.49ea,,$0.15/ 1ea,False,
household_items,President's Choice,Neoprene gloves Medium,President's ChoiceNeoprene gloves Medium1  pair,$4.29ea,,$4.29/ 1ea,False,
household_items,Method,"Squirt + Mop Hardwood Floor Cleaner, Almond","MethodSquirt + Mop Hardwood Floor Cleaner, Almond739 ml",$10.99ea,,$1.49/ 100ml,False,
household_items,Sylvania,St19 Clear Bulbs Soft White Led 40 W,SylvaniaSt19 Clear Bulbs Soft White Led 40 W1 ea,$9.98ea,,$9.98/ 1ea,False,
household_items,Gain,"Odor Defense In-Wash Scent Booster, Super Fresh Blast Scent, HE Compatible","GainOdor Defense In-Wash Scent Booster, Super Fresh Blast Scent, HE Compatible422 g",$11.99ea,,$2.84/ 100g,False,
household_items,Bio-Vert,Liquid Detergent,Bio-VertLiquid Detergent4.43 l,$17.99ea,$14.99ea,$0.34/ 100ml,True,saleEnds 03/15
household_items,,Glade Expressions Fragrance Mist Refill Fuji Apple and Cardamom Spice 7 Ounce (Pack of 6),Glade Expressions Fragrance Mist Refill Fuji Apple and Cardamom Spice 7 Ounce (Pack of 6),$27.94ea,,,False,
household_items,Mr. Clean,Magic Eraser,Mr. CleanMagic Eraser2 pack,$4.79ea,,$2.40/ 1ea,False,
household_items,Persil,"Proclean Power Liquid, Coldwater","PersilProclean Power Liquid, Coldwater4.43 l",$23.99ea,,$0.54/ 100ml,False,
household_items,President's Choice,Detergent And Rinse Agent Fresh Scent Dishwasher Detergent Tabs,President's ChoiceDetergent And Rinse Agent Fresh Scent Dishwasher Detergent Tabs60 ea,$19.99ea,,$0.33/ 1ea,False,
household_items,Pine Sol,"Multi-Surface Cleaner, Original","Pine SolMulti-Surface Cleaner, Original4.25 l",$16.99ea,,$0.40/ 100ml,False,
household_items,Air Wick,"Air Fresheners, Diffuser, Lavender & Almond Blossom, 1 Refill","Air WickAir Fresheners, Diffuser, Lavender & Almond Blossom, 1 Refill20 ml",$9.49ea,,$47.45/ 100ml,False,
household_items,,Motor Urethane Foam Pre-motor filter protects debris from getting in the vacuum motor.,Motor Urethane Foam Pre-motor filter protects debris from getting in the vacuum motor.,$39.00ea,,,False,
household_items,Clorox,"Disinfecting Wet Mopping Cloths, Rain Clean","CloroxDisinfecting Wet Mopping Cloths, Rain Clean24 ea",$17.99ea,,$0.75/ 1ea,False,
household_items,,VPC Central Vacuum TurboCat Air Driven Turbine Powerhead Brush Attachment | Fits All Standard Wands 1 1/4 inch (32mm),VPC Central Vacuum TurboCat Air Driven Turbine Powerhead Brush Attachment | Fits All Standard Wands 1 1/4 inch (32mm),$179.98ea,,,False,
household_items,Kleenex,"Cooling Lotion Facial Tissues, Tissue with Lotion, 1 Cube Box, 45 Tissues per Box, 2-Ply (45 Total Tissues)","KleenexCooling Lotion Facial Tissues, Tissue with Lotion, 1 Cube Box, 45 Tissues per Box, 2-Ply (45 Total Tissues)45 ea",$4.49ea,,$0.10/ 1ea,False,
household_items,,Hoover OEM Cap Assembly for Recovery Tank,Hoover OEM Cap Assembly for Recovery Tank,$14.99ea,,,False,
household_items,,Miele Compact C1 Hardfloor Plus Canister Vacuum - Autumn Red,Miele Compact C1 Hardfloor Plus Canister Vacuum - Autumn Red,$599.99ea,,,False,
household_items,No Name,Deep Roaster Pan,No NameDeep Roaster Pan1 ea,$5.99ea,,$5.99/ 1ea,False,
household_items,SpongeTowels,UltraPRO Paper Towel Giant 12 Rolls,SpongeTowelsUltraPRO Paper Towel Giant 12 Rolls12 ea,$24.99ea,,$2.08/ 1ea,False,
household_items,Air Wick,"Air Freshener, Scented Oil, Bali Ocean Air, 2 RefillsÂ ","Air WickAir Freshener, Scented Oil, Bali Ocean Air, 2 RefillsÂ 20 ml",$12.99ea,,$64.95/ 100ml,False,
household_items,Glade,Air Freshener Tranquil Lavender & Aloe,GladeAir Freshener Tranquil Lavender & Aloe235 g,$5.49ea,,$2.34/ 100g,False,
household_items,,Lindhaus LB3 L-ion Digital Pro Upright Vacuum Cleaner,Lindhaus LB3 L-ion Digital Pro Upright Vacuum Cleaner,"$1,619.99ea",,,False,
household_items,,Numatic Charles CVC370 Canister Vacuum,Numatic Charles CVC370 Canister Vacuum,$649.00ea,,,False,
household_items,Persil,Detergent Original,PersilDetergent Original4.43 l,$23.99ea,,$0.54/ 100ml,False,
household_items,,Panasonic C-20E Bag 3M Filtrete,Panasonic C-20E Bag 3M Filtrete,$19.89ea,,,False,
household_items,Downy,Liquid,DownyLiquid3.83 l,$17.99ea,,$0.47/ 100ml,False,
household_items,,Ghibli /Johnny Vac AS400 10 Gal Wet & Dry Commercial Vacuum,Ghibli /Johnny Vac AS400 10 Gal Wet & Dry Commercial Vacuum,$599.00ea,,,False,
household_items,effeclean,"Hardwood, Vinyl Laminate Cleaner","effecleanHardwood, Vinyl Laminate Cleaner946 ml",$5.99ea,,$0.63/ 100ml,False,
household_items,,Nellie's Baby Laundry Soda (50 Loads),Nellie's Baby Laundry Soda (50 Loads),$20.00ea,,,False,
household_items,President's Choice,Original Grease-Fighting Dishwashing Liquid,President's ChoiceOriginal Grease-Fighting Dishwashing Liquid1 l,$3.49ea,,$0.35/ 100ml,False,
household_items,,Numatic James JVP180 Canister Vacuum,Numatic James JVP180 Canister Vacuum,$439.00ea,,,False,
household_items,,Numatic Henry Xtra HVX200 Hi-Power 3-Stage Professional Canister Vacuum Cleaner with Accessory Tool kit (Color Red),Numatic Henry Xtra HVX200 Hi-Power 3-Stage Professional Canister Vacuum Cleaner with Accessory Tool kit (Color Red),$699.00ea,,,False,
household_items,,VPC Central Vacuum Accessory Kit | Premium Hose | Electric Power Head Nozzle with Height Adjustment | Telescopic Wand with Deluxe Tool Set,VPC Central Vacuum Accessory Kit | Premium Hose | Electric Power Head Nozzle with Height Adjustment | Telescopic Wand with Deluxe Tool Set,$369.98ea,,,False,
household_items,Sylvania,15000 Hour LED 2.5W G4,Sylvania15000 Hour LED 2.5W G41 ea,$12.99ea,,$12.99/ 1ea,False,
household_items,Vileda,"Fibro Contact Mop Refill, 2-in-1 microfibre & cotton","ViledaFibro Contact Mop Refill, 2-in-1 microfibre & cotton1 ea",$11.99ea,,$11.99/ 1ea,False,
household_items,Febreze,"Small Spaces Air Freshener, Hawaiian Aloha, 2 Count","FebrezeSmall Spaces Air Freshener, Hawaiian Aloha, 2 Count15 ml",$6.49ea,,$43.27/ 100ml,False,
household_items,Scotch-Brite,All Purpose Scouring Sponge,Scotch-BriteAll Purpose Scouring Sponge4 pack,$6.99ea,,$1.75/ 1ea,False,
household_items,Air Wick,"Plug-in Air Freshener, Scented Oil Kit, Crisp Linen, 1 + 1","Air WickPlug-in Air Freshener, Scented Oil Kit, Crisp Linen, 1 + 11 ea",$8.99ea,,$8.99/ 1ea,False,
household_items,Glade,Plugins Scented Oil Stay Cool Watermelon Limited Edition,GladePlugins Scented Oil Stay Cool Watermelon Limited Edition1 ea,$8.99ea,,$8.99/ 1ea,False,
household_items,Bio-Vert,Liquid Detergent,Bio-VertLiquid Detergent4.43 l,$17.99ea,$14.99ea,$0.34/ 100ml,True,saleEnds 03/15
household_items,,Glade Expressions Fragrance Mist Refill Fuji Apple and Cardamom Spice 7 Ounce (Pack of 6),Glade Expressions Fragrance Mist Refill Fuji Apple and Cardamom Spice 7 Ounce (Pack of 6),$27.94ea,,,False,
household_items,Mr. Clean,Magic Eraser,Mr. CleanMagic Eraser2 pack,$4.79ea,,$2.40/ 1ea,False,
household_items,President's Choice,Detergent And Rinse Agent Fresh Scent Dishwasher Detergent Tabs,President's ChoiceDetergent And Rinse Agent Fresh Scent Dishwasher Detergent Tabs60 ea,$19.99ea,,$0.33/ 1ea,False,
household_items,Pine Sol,"Multi-Surface Cleaner, Original","Pine SolMulti-Surface Cleaner, Original4.25 l",$16.99ea,,$0.40/ 100ml,False,
household_items,Air Wick,"Air Fresheners, Diffuser, Lavender & Almond Blossom, 1 Refill","Air WickAir Fresheners, Diffuser, Lavender & Almond Blossom, 1 Refill20 ml",$9.49ea,,$47.45/ 100ml,False,
household_items,Eco-Max,Orange Dish Wash,Eco-MaxOrange Dish Wash4 l,$16.99ea,,$0.42/ 100ml,False,
household_items,Shout,Triple-Acting Laundry Stain Remover Spray,ShoutTriple-Acting Laundry Stain Remover Spray650 ml,$5.49ea,,$0.84/ 100ml,False,
household_items,,Xtricity - Energy Saving LED Bulb 6W E26 Base 5000K Daylight,Xtricity - Energy Saving LED Bulb 6W E26 Base 5000K Daylight,$12.97ea,,,False,
household_items,Mrs. Meyer's Clean Day,Lavender Scent Multi-Surface Everyday Cleaner,Mrs. Meyer's Clean DayLavender Scent Multi-Surface Everyday Cleaner473 ml,$7.49ea,,$1.58/ 100ml,False,
household_items,,Esteam Pet Stain & Odor Remover 1 Gallon-Case of 4,Esteam Pet Stain & Odor Remover 1 Gallon-Case of 4,$269.99ea,,,False,
household_items,Sunlight,Lemon Fresh Oxi Action,SunlightLemon Fresh Oxi Action562 ml,$3.79ea,,$0.67/ 100ml,False,
household_items,,PowAir® Odor Removing Apple Crumble Spray- 8oz,PowAir® Odor Removing Apple Crumble Spray- 8oz,$14.99ea,,,False,
household_items,Palmolive,"Ultra Dishwashing Liquid Dish Soap, Ultra Strength Original","PalmoliveUltra Dishwashing Liquid Dish Soap, Ultra Strength Original2.66 l",$10.99ea,,$0.41/ 100ml,False,
household_items,,Ultra Clean Central Vacuum Hardwood/Rug Attachment Cleaning Tool Kit- Air Driven Carpet Brush-24 V Hose 2-way on/off Switch Handle- Telescopic Wand & Deluxe Tool Set Hose Cover Dust Mop (White 35 Ft),Ultra Clean Central Vacuum Hardwood/Rug Attachment Cleaning Tool Kit- Air Driven Carpet Brush-24 V Hose 2-way on/off Switch Handle- Telescopic Wand & Deluxe Tool Set Hose Cover Dust Mop (White 35 Ft),$244.99ea,,,False,
household_items,Lysol,"Toilet Bowl Cleaner, Action Gel, Spring Waterfall","LysolToilet Bowl Cleaner, Action Gel, Spring Waterfall710 ml",$5.49ea,,$0.77/ 100ml,False,
household_items,,Orange TKO Super Conctrated All Purpose Cleaner 57 ml,Orange TKO Super Conctrated All Purpose Cleaner 57 ml,$12.99ea,,,False,
household_items,Lysol,"All Purpose Cleaner, Trigger, Orange Blossom","LysolAll Purpose Cleaner, Trigger, Orange Blossom650 ml",$4.99ea,,$0.77/ 100ml,False,
household_items,Lysol,"All Purpose Cleaner, Trigger, Lemon","LysolAll Purpose Cleaner, Trigger, Lemon650 ml",$4.99ea,,$0.77/ 100ml,False,
household_items,,Vapamore MR-75 Amico Steam Cleaner Small Hand Held Design for Better Steam Control Fast Heat Up Time Multipurpose Chemical Free Includes 17 Tools and Accessories,Vapamore MR-75 Amico Steam Cleaner Small Hand Held Design for Better Steam Control Fast Heat Up Time Multipurpose Chemical Free Includes 17 Tools and Accessories,$199.00ea,,,False,
household_items,,Perwoll Sport Liquid Laundry Detergent - 1.5L,Perwoll Sport Liquid Laundry Detergent - 1.5L,$27.99ea,,,False,
household_items,Windex,Original Glass and Window Cleaner Refill,WindexOriginal Glass and Window Cleaner Refill950 ml,$6.49ea,,$0.68/ 100ml,False,
household_items,,HEPA Exhaust Filters Capture 99.97% of particles down to 0.3 microns.,HEPA Exhaust Filters Capture 99.97% of particles down to 0.3 microns.,$39.00ea,,,False,
household_items,,General Purpose Cloth 4 Pack - Assorted Colours,General Purpose Cloth 4 Pack - Assorted Colours,$51.99ea,,,False,
household_items,,Sanitaire Commercial Burnisher-SC6045D,Sanitaire Commercial Burnisher-SC6045D,"$2,289.99ea",,,False,
household_items,Sylvania,MR16 Halogen Flood 50W Light Bulb,SylvaniaMR16 Halogen Flood 50W Light Bulb1 ea,$6.49ea,,$6.49/ 1ea,False,
household_items,Nature Clean,Laundry Detergent Strips wildflower,Nature CleanLaundry Detergent Strips wildflower32 ea,$9.99ea,,$0.31/ 1ea,False,
household_items,,Motor Urethane Foam Pre-motor filter protects debris from getting in the vacuum motor.,Motor Urethane Foam Pre-motor filter protects debris from getting in the vacuum motor.,$39.00ea,,,False,
household_items,Clorox,"Disinfecting Wet Mopping Cloths, Rain Clean","CloroxDisinfecting Wet Mopping Cloths, Rain Clean24 ea",$17.99ea,,$0.75/ 1ea,False,
household_items,,Pure Kleen Cleaning Pad Solid Color /Carder Peged - Pack of 2,Pure Kleen Cleaning Pad Solid Color /Carder Peged - Pack of 2,$27.55ea,,,False,
household_items,,Energizer LED GU10 Boxed Spot Bulb (Cool White),Energizer LED GU10 Boxed Spot Bulb (Cool White),$7.39ea,,,False,
household_items,,Energizer LED GLS 9.2w Opal 806lm Light Bulb E27 Warm White Dimmable,Energizer LED GLS 9.2w Opal 806lm Light Bulb E27 Warm White Dimmable,$10.61ea,,,False,
household_items,,Miele Complete C3 Cat&Dog Vacuum Cleaner,Miele Complete C3 Cat&Dog Vacuum Cleaner,"$1,099.99ea",,,False,
household_items,,"Simplicity Oem Hepa Bag Type ""P""","Simplicity Oem Hepa Bag Type ""P""",$40.99ea,,,False,
household_items,,Karcher Wet Filter Bags for NT Series 5pk #69042110,Karcher Wet Filter Bags for NT Series 5pk #69042110,$134.99ea,,,False,
household_items,,"Royal Dirt Devil OEM HEPA Bag Type ""L""","Royal Dirt Devil OEM HEPA Bag Type ""L""",$33.99ea,,,False,
household_items,,"Panasonic OEM Hepa Bag Type ""U10""","Panasonic OEM Hepa Bag Type ""U10""",$22.99ea,,,False,
household_items,,Oreck OEM Permanent Cloth Dump Bag,Oreck OEM Permanent Cloth Dump Bag,$63.99ea,,,False,
household_items,,Stubbs Hanging Bucket,Stubbs Hanging Bucket,$51.95ea,,,False,
household_items,,Karcher HEPA Filter Bags 4pk #28630060,Karcher HEPA Filter Bags 4pk #28630060,$23.99ea,,,False,
household_items,,"Royal Dirt Devil OEM Paper Bag Type ""P""","Royal Dirt Devil OEM Paper Bag Type ""P""",$29.99ea,,,False,
household_items,,"NSS Pacer 30 Models 112-115UE 12"" & 15"" Upright Models Bags-10Pk","NSS Pacer 30 Models 112-115UE 12"" & 15"" Upright Models Bags-10Pk",$39.99ea,,,False,
household_items,Sylvania,LED Light Bulb,SylvaniaLED Light Bulb2x1.0 ea,$8.99ea,,$4.50/ 1ea,False,
household_items,,Eveready Eco Halogen MR16 Bulb (Warm White),Eveready Eco Halogen MR16 Bulb (Warm White),$5.89ea,,,False,
household_items,Downy,"Fresh Protect In-Wash Scent Booster Beads, April Fresh","DownyFresh Protect In-Wash Scent Booster Beads, April Fresh422 g",$12.99ea,,$3.08/ 100g,False,
household_items,Seventh Generation,Multi-Surface Disinfecting Wipes Lemongrass Thyme Scent,Seventh GenerationMulti-Surface Disinfecting Wipes Lemongrass Thyme Scent35 ea,$5.99ea,,$0.17/ 1ea,False,
household_items,,Costway 1000W Multifunction Portable Hand-held Steam Cleaner W/10 Accessories Gray,Costway 1000W Multifunction Portable Hand-held Steam Cleaner W/10 Accessories Gray,$109.99ea,,,False,
household_items,Snuggle," Fabric Softener, Cuddle-Up Fresh","Snuggle Fabric Softener, Cuddle-Up Fresh3.41 l",$13.99ea,$9.99ea,$0.29/ 100ml,True,saleEnds 03/01
household_items,Oxi Clean,Colour Shield,Oxi CleanColour Shield1.28 kg,$13.99ea,,$1.09/ 100g,False,
household_items,,JASHEN M16 Cordless Spinwave Mop,JASHEN M16 Cordless Spinwave Mop,$199.99ea,,,False,
household_items,,Glass And Polishing Cloth,Glass And Polishing Cloth,$16.99ea,,,False,
household_items,,CanaVac LS590 Signature Series Central Vacuum Cleaner | Tangential Bypass Motor Up to 5000 sq ft | with The LS Electric Power Package,CanaVac LS590 Signature Series Central Vacuum Cleaner | Tangential Bypass Motor Up to 5000 sq ft | with The LS Electric Power Package,$929.00ea,,,False,
household_items,Pine Sol,"Multi-Surface Cleaner, Spring Blossom","Pine SolMulti-Surface Cleaner, Spring Blossom1.41 l",$6.99ea,$5.49ea,$0.39/ 100ml,True,saleEnds 03/08
household_items,,Lyvia T22-E14 Base 15W Oven Bulbs (Twin Pack) (Clear),Lyvia T22-E14 Base 15W Oven Bulbs (Twin Pack) (Clear),$6.80ea,,,False,
household_items,Mrs. Meyer's Clean Day,Lemon Verbena Scent Dish Soap,Mrs. Meyer's Clean DayLemon Verbena Scent Dish Soap473 ml,$6.99ea,,$1.48/ 100ml,False,
household_items,Swiffer,WetJet Wood Floor Cleaner Refill,SwifferWetJet Wood Floor Cleaner Refill1.25 l,$9.99ea,,$0.80/ 100ml,False,
household_items,ECOS,Laundry Lavender     ,ECOSLaundry Lavender     5.03 l,$19.99ea,,$0.40/ 100ml,False,
household_items,,PresSence Stainless Scrub Sponge Grey,PresSence Stainless Scrub Sponge Grey,$5.99ea,,,False,
household_items,Sylvania,"G16.5 Globe 40W Light Bulbs, Clear","SylvaniaG16.5 Globe 40W Light Bulbs, Clear4x4.0 ea",$4.49ea,,$1.12/ 1ea,False,
household_items,,Persil Sensitive Laundry Detergent Gel - 20 Wash Loads,Persil Sensitive Laundry Detergent Gel - 20 Wash Loads,$24.99ea,,,False,
household_items,Sylvania,3 Way A21 50-100-150 120V Bulbs,Sylvania3 Way A21 50-100-150 120V Bulbs2x1.0 ea,$8.49ea,,$4.25/ 1ea,False,
household_items,,Kind Laundry Detergent Sheets - Ocean Breeze,Kind Laundry Detergent Sheets - Ocean Breeze,$25.99ea,,,False,
household_items,Bonterra,2 Ply Paper Towel,Bonterra2 Ply Paper Towel3 ea,$7.99ea,,$2.66/ 1ea,False,
household_items,,Window Cleaning Kit,Window Cleaning Kit,$21.99ea,,,False,
household_items,,PURE Air Diffuser Fresh Linen (Pack of 3),PURE Air Diffuser Fresh Linen (Pack of 3),$18.97ea,,,False,
household_items,Dawn,"Platinum Dishwashing Liquid Dish Soap, Refreshing Rain Scent","DawnPlatinum Dishwashing Liquid Dish Soap, Refreshing Rain Scent2.21 l",$12.99ea,,$0.59/ 100ml,False,
household_items,,Wooden Mallet 4 Pocket Glove and Tissue Box Holder in Light Oak,Wooden Mallet 4 Pocket Glove and Tissue Box Holder in Light Oak,$135.52ea,,,False,
household_items,No Name,Large Drawstring Garbage Bags,No NameLarge Drawstring Garbage Bags20 ea,$7.99ea,,$0.40/ 1ea,False,
household_items,Mr. Clean,"Clean Freak Deep Cleaning Mist Multi-Surface Spray, Lavender Scent Refill","Mr. CleanClean Freak Deep Cleaning Mist Multi-Surface Spray, Lavender Scent Refill473 ml",$4.99ea,$3.99ea,$0.84/ 100ml,True,saleEnds 03/01
household_items,,Ink-Out Pro Stain Remover 32 Ounce For Pen Inks & Marker,Ink-Out Pro Stain Remover 32 Ounce For Pen Inks & Marker,$44.99ea,,,False,
household_items,,"Bona Telescoping 60"" Mop Handle With Microfiber Cleaning & Dusting Pad - 4"" X 15""","Bona Telescoping 60"" Mop Handle With Microfiber Cleaning & Dusting Pad - 4"" X 15""",$42.99ea,,,False,
household_items,Sylvania,"White Globe Light Bulb, 40W","SylvaniaWhite Globe Light Bulb, 40W1 ea",$3.49ea,,$3.49/ 1ea,False,
household_items,,Miele Anti-Allergen Synthetic Cloth Replacement Vacuum Bags (99.9 % Filtration) Polypropylene 100 % Material,Miele Anti-Allergen Synthetic Cloth Replacement Vacuum Bags (99.9 % Filtration) Polypropylene 100 % Material,$29.00ea,,,False,
household_items,,Green Logic Hardwood And Laminate Cleaner 32Oz Spray Bottle,Green Logic Hardwood And Laminate Cleaner 32Oz Spray Bottle,$10.00ea,,,False,
household_items,Febreze,"Odor-Eliminating Air Freshener, with Gain Original Scent, 2 count","FebrezeOdor-Eliminating Air Freshener, with Gain Original Scent, 2 count500 g",$9.49ea,,$1.90/ 100g,False,
household_items,Microban,"24 Hour Bathroom Cleaner and Sanitizing Spray, Citrus Scent","Microban24 Hour Bathroom Cleaner and Sanitizing Spray, Citrus Scent946 ml",$6.99ea,,$0.74/ 100ml,False,
household_items,,Hertel Multisurface Odour Eliminator 1L,Hertel Multisurface Odour Eliminator 1L,$18.99ea,,,False,
household_items,,Esteam Stain Gone 1Gallon-Case of 4,Esteam Stain Gone 1Gallon-Case of 4,$149.99ea,,,False,
household_items,Febreze,"Odor-Eliminating Air Freshener, Mediterranean Lavender","FebrezeOdor-Eliminating Air Freshener, Mediterranean Lavender250 g",$4.49ea,$3.99ea,$1.60/ 100g,True,saleEnds 03/01
household_items,SpongeTowels,UltraPRO Paper Towel 3 Double Rolls,SpongeTowelsUltraPRO Paper Towel 3 Double Rolls3 ea,$10.99ea,$6.99ea,$2.33/ 1ea,True,saleEnds 03/01
household_items,,"CanaVac LS790 Signature Series Central Vacuum Cleaner | Tangential Bypass Motor Up to 10,000 sq ft | with The LS Electric Power Package","CanaVac LS790 Signature Series Central Vacuum Cleaner | Tangential Bypass Motor Up to 10,000 sq ft | with The LS Electric Power Package","$1,049.00ea",,,False,
household_items,,Air-Pro Aerosol Metered Spray Refill 180gr - Vanilla,Air-Pro Aerosol Metered Spray Refill 180gr - Vanilla,$18.99ea,,,False,
household_items,,Clorox Toilet Bowl cleaner Clinging Bleach Gel - Pack of 3,Clorox Toilet Bowl cleaner Clinging Bleach Gel - Pack of 3,$59.97ea,,,False,
household_items,Downy,Cool Cotton Bead,DownyCool Cotton Bead422 g,$12.99ea,,$3.08/ 100g,False,
household_items,Sylvania,Daylight Led 50 W 40° Flood Par16 Glass Bulb,SylvaniaDaylight Led 50 W 40° Flood Par16 Glass Bulb1 ea,$9.98ea,,$9.98/ 1ea,False,
household_items,,Eveready Eco Halogen Linear J78 Bulb (Warm White),Eveready Eco Halogen Linear J78 Bulb (Warm White),$6.00ea,,,False,
household_items,No Name,Twist Ties Kitchen Garbage Bags,No NameTwist Ties Kitchen Garbage Bags24 ea,$4.99ea,,$0.21/ 1ea,False,
household_items,,VPC Central Vacuum Accessory Kit | Premium Hose | Wessel Werk EBK360 Electric Power Head Nozzle with Height Adjustment | Telescopic Wands with Deluxe Tool Set & Bonus Tools,VPC Central Vacuum Accessory Kit | Premium Hose | Wessel Werk EBK360 Electric Power Head Nozzle with Height Adjustment | Telescopic Wands with Deluxe Tool Set & Bonus Tools,$529.98ea,,,False,
household_items,Persil,Original Laundry Detergent,PersilOriginal Laundry Detergent1.18 l,$10.99ea,,$0.93/ 100ml,False,
household_items,Murphys Oil,Original Formula,Murphys OilOriginal Formula950 ml,$6.49ea,,$0.68/ 100ml,False,
household_items,,VPC Central Vacuum Accessory Kit | Telescopic Wand with Deluxe Tool Set | Low-Voltage Premium Hose with On/Off Button,VPC Central Vacuum Accessory Kit | Telescopic Wand with Deluxe Tool Set | Low-Voltage Premium Hose with On/Off Button,$159.98ea,,,False,
household_items,The Unscented Company,All Purpose Cleaner,The Unscented CompanyAll Purpose Cleaner800 ml,$5.99ea,,$0.75/ 100ml,False,
household_items,Cashmere,3 Ply Rolls Of Bathroom Tissue,Cashmere3 Ply Rolls Of Bathroom Tissue8 ea,$13.99ea,$6.99ea,$0.87/ 1ea,True,saleEnds 03/01
household_items,Palmolive,"Liquid Dish Soap Essential Clean, Orange Tangerine","PalmoliveLiquid Dish Soap Essential Clean, Orange Tangerine5 l",$11.49ea,,$0.23/ 100ml,False,
household_items,,Esteam Ammonia Traffic Lane Carpet Pre-conditioner- Case of 4,Esteam Ammonia Traffic Lane Carpet Pre-conditioner- Case of 4,$159.99ea,,,False,
household_items,,Front Wheel & Axle For Pw219/219-S,Front Wheel & Axle For Pw219/219-S,$0.99ea,,,False,
household_items,Snuggle," Plus Soft Fresh Sheets, Spring Burst","Snuggle Plus Soft Fresh Sheets, Spring Burst2.8 l",$13.99ea,$9.99ea,$0.36/ 100ml,True,saleEnds 03/01
household_items,,Pure Kleen 3 count Metallic Scouring Pads - Pack of 2,Pure Kleen 3 count Metallic Scouring Pads - Pack of 2,$27.55ea,,,False,
household_items,,Micro Filtration Replacement Vacuum Bags (Removes 95% at 5 Micron sized particles and larger) Paper 95% Polyp 5% Material,Micro Filtration Replacement Vacuum Bags (Removes 95% at 5 Micron sized particles and larger) Paper 95% Polyp 5% Material,$29.00ea,,,False,
household_items,,Michaels Procare M60-12K3 Plus Wet/Dry Canister Vacuum with MTK3 Tool Kit,Michaels Procare M60-12K3 Plus Wet/Dry Canister Vacuum with MTK3 Tool Kit,$895.00ea,,,False,
household_items,,Ghibli/Johnny Vac JV10/AS10 4 Gal Commercial Wet/Dry Canister Vacuum,Ghibli/Johnny Vac JV10/AS10 4 Gal Commercial Wet/Dry Canister Vacuum,$429.00ea,,,False,
household_items,,Casabella Sponge Cloth - 3 Pack,Casabella Sponge Cloth - 3 Pack,$7.00ea,,,False,
household_items,,"CanaVac LS590 Signature Series Central Vacuum Cleaner for Homes up to 5,000 sq ft.","CanaVac LS590 Signature Series Central Vacuum Cleaner for Homes up to 5,000 sq ft.",$599.00ea,,,False,
household_items,,Nitrile Gloves Powder Free 3mil Sky Blue - Medium,Nitrile Gloves Powder Free 3mil Sky Blue - Medium,$21.99ea,,,False,
household_items,,Safco 21 Gallon Plastic Liner,Safco 21 Gallon Plastic Liner,$203.46ea,,,False,
household_items,No Name,Fresh Disinfectant All-Purpose Cleaner,No NameFresh Disinfectant All-Purpose Cleaner1.3 l,$3.49ea,,$0.27/ 100ml,False,
household_items,Finish,"Dishwasher Detergent, Lemon, Tablets","FinishDishwasher Detergent, Lemon, Tablets55 ea",$18.99ea,,$0.35/ 1ea,False,
household_items,Vileda,"Powerfibres Toilet Brush with Closed Caddy, Angled Bristles","ViledaPowerfibres Toilet Brush with Closed Caddy, Angled Bristles1 ea",$13.99ea,,$13.99/ 1ea,False,
household_items,,New Tumblers Pure Wool Dryer Balls - 3 Pack (Grey),New Tumblers Pure Wool Dryer Balls - 3 Pack (Grey),$23.99ea,,,False,
household_items,,Lindhaus Activa 30 PRO Commercial Upright Vacuum Cleaner,Lindhaus Activa 30 PRO Commercial Upright Vacuum Cleaner,$799.99ea,,,False,
household_items,,Ghibli/Johnny Vac AS6/JV6 Vacuum With Wessel Werk EBK360 Powerhead Kit,Ghibli/Johnny Vac AS6/JV6 Vacuum With Wessel Werk EBK360 Powerhead Kit,$749.99ea,,,False,
household_items,No Name,Lemon Scented Wet Mopping Refills,No NameLemon Scented Wet Mopping Refills24 ea,$8.49ea,,$0.35/ 1ea,False,
household_items,,Dust Destroyer 7Oz Compressed Air Duster,Dust Destroyer 7Oz Compressed Air Duster,$20.90ea,,,False,
household_items,Clorox,Liquid-Plumr Hair Clog Eliminator,CloroxLiquid-Plumr Hair Clog Eliminator473 ml,$9.49ea,,$2.01/ 100ml,False,
household_items,No Name,Magic Cleaning Pads,No NameMagic Cleaning Pads2 pack,$2.29ea,,$2.29/ 1ea,False,
household_items,,Shop-Vac 2-2.5 US Gallon 3 Pack Filter Bags,Shop-Vac 2-2.5 US Gallon 3 Pack Filter Bags,$19.99ea,,,False,
household_items,,Michaels 315-C Wet/Dry Commercial Canister Vacuums,Michaels 315-C Wet/Dry Commercial Canister Vacuums,$755.00ea,,,False,
household_items,,Formula 6 Steam Shampoo 4 Liter (4 Per Case),Formula 6 Steam Shampoo 4 Liter (4 Per Case),$41.00ea,,,False,
household_items,,Miele UltraPhase Detergent (Sensitive UltraPhase 1) 2-component detergent - particularly kind to the skin,Miele UltraPhase Detergent (Sensitive UltraPhase 1) 2-component detergent - particularly kind to the skin,$34.99ea,,,False,
household_items,,Safco Onyx Cup and Lid Holder in Black,Safco Onyx Cup and Lid Holder in Black,$153.29ea,,,False,
household_items,,Bona Professional Series Hardwood Floor High Gloss Polish 32 Oz,Bona Professional Series Hardwood Floor High Gloss Polish 32 Oz,$28.99ea,,,False,
household_items,Pledge,"Moisturizing Oil Spray, Amber & Argan Scent","PledgeMoisturizing Oil Spray, Amber & Argan Scent275 g",$8.29ea,,$3.01/ 100g,False,
household_items,Vileda,"Scrunge Glass Ceramic Scrub Sponge, pack of 4","ViledaScrunge Glass Ceramic Scrub Sponge, pack of 44 ea",$8.49ea,,$2.12/ 1pk,False,
household_items,Glade,"Air Fresheners, 2in1 Scented Candle, Air Freshener, Vanilla Passionfruit & Hawaiian Breeze","GladeAir Fresheners, 2in1 Scented Candle, Air Freshener, Vanilla Passionfruit & Hawaiian Breeze1 ea",$5.99ea,,$5.99/ 1ea,False,
household_items,,Miele Detergent Capsules (WoolCare 9-pack) special detergent for wool and delicates,Miele Detergent Capsules (WoolCare 9-pack) special detergent for wool and delicates,$16.99ea,,,False,
household_items,,Persil Color Laundry Detergent Gel - 50 Wash Loads,Persil Color Laundry Detergent Gel - 50 Wash Loads,$49.99ea,,,False,
household_items,,PowAir® Odor Removing Tropical Breeze Crystal Gel- 15oz,PowAir® Odor Removing Tropical Breeze Crystal Gel- 15oz,$15.99ea,,,False,
household_items,Bounty,"Select-A-Size Paper Towels, White, 12 Single Plus Rolls = 18 Regular Rolls, 12 Count","BountySelect-A-Size Paper Towels, White, 12 Single Plus Rolls = 18 Regular Rolls, 12 Count12 ea",$28.99ea,,$2.42/ 1ea,False,
household_items,,Casabella Mini Brush Scrubber With Holder,Casabella Mini Brush Scrubber With Holder,$9.00ea,,,False,
household_items,,Perwoll Black & Darks Liquid Laundry Detergent - 1.5L,Perwoll Black & Darks Liquid Laundry Detergent - 1.5L,$27.99ea,,,False,
household_items,Air Wick,"Air Freshener, Scented Oil, Bali Ocean Air, 1 Plug-in + 1 Refill","Air WickAir Freshener, Scented Oil, Bali Ocean Air, 1 Plug-in + 1 Refill20 ml",$8.99ea,,$44.95/ 100ml,False,
household_items,No Name,"Latex Free Gloves, Medium","No NameLatex Free Gloves, Medium1  pair",$4.99ea,,$4.99/ 1ea,False,
household_items,,Bunchafarmers Biodegradable Stain Remover - 24 pack - 50mg Bars.,Bunchafarmers Biodegradable Stain Remover - 24 pack - 50mg Bars.,$89.99ea,,,False,
household_items,Mr. Clean," Kitchen With Dawn, Cleaning Pads With Durafoam, 2 Count","Mr. Clean Kitchen With Dawn, Cleaning Pads With Durafoam, 2 Count2 ea",$4.49ea,$3.99ea,$2.00/ 1ea,True,saleEnds 03/01
household_items,Mr. Clean,"Liquid All Purpose Cleaner With Febreze, Meadows and Rain","Mr. CleanLiquid All Purpose Cleaner With Febreze, Meadows and Rain828 ml",$6.49ea,,$0.78/ 100ml,False,
household_items,,Little Tree Air Freshener Watermelon,Little Tree Air Freshener Watermelon,$23.20ea,,,False,
household_items,,Starter Kit - Gift Set,Starter Kit - Gift Set,$59.99ea,,,False,
household_items,Mr. Clean," Extra Durable Cleaning Pads With Durafoam, 7 Count","Mr. Clean Extra Durable Cleaning Pads With Durafoam, 7 Count7 ea",$14.99ea,,$2.14/ 1ea,False,
household_items,Scotch-Brite,Scour Pad,Scotch-BriteScour Pad4 ea,$6.99ea,,$1.75/ 1ea,False,
household_items,,Red Label 2 Ply Kitchen Paper Towel 120 Sheet Fuchsia by Renova,Red Label 2 Ply Kitchen Paper Towel 120 Sheet Fuchsia by Renova,$25.60ea,,,False,
household_items,,Shovelution Strain-Reducing Snow Shovel SJ-SHLV01 18in Spring Assisted Handle by Snow Joe,Shovelution Strain-Reducing Snow Shovel SJ-SHLV01 18in Spring Assisted Handle by Snow Joe,$99.00ea,,,False,
household_items,Febreze,"Fabric Odor-Eliminating Air Freshener, Hawaiian Aloha","FebrezeFabric Odor-Eliminating Air Freshener, Hawaiian Aloha250 g",$4.49ea,$3.99ea,$1.60/ 100g,True,saleEnds 03/01
household_items,,Esteam Soot Seal 1 Gallon-Case of 4,Esteam Soot Seal 1 Gallon-Case of 4,$369.99ea,,,False,
household_items,Swiffer,"Dusters Heavy Duty Super Extendable Handle Dusting Kit (1 Handle, 4 Dusters)","SwifferDusters Heavy Duty Super Extendable Handle Dusting Kit (1 Handle, 4 Dusters)1 ea",$24.99ea,,$24.99/ 1ea,False,
household_items,,Carpet Pro Heavy Duty Commercial Upright Vacuum Cleaner CPU-4T (On Board Hose & Tools),Carpet Pro Heavy Duty Commercial Upright Vacuum Cleaner CPU-4T (On Board Hose & Tools),$499.00ea,,,False,
household_items,,Karcher T15/1 Commercial Canister Vacuum #13552280,Karcher T15/1 Commercial Canister Vacuum #13552280,$748.00ea,,,False,
household_items,effeclean,Leather & Vinyl Cleaner/Conditioner,effecleanLeather & Vinyl Cleaner/Conditioner946 ml,$5.99ea,,$0.63/ 100ml,False,
household_items,Sylvania,"A15 Double Life Appliance 40W Light Bulbs, Clear","SylvaniaA15 Double Life Appliance 40W Light Bulbs, Clear2 ea",$4.99ea,,$4.99/ 1ea,False,
household_items,,Samsung/ Bissell Paper Bag,Samsung/ Bissell Paper Bag,$10.99ea,,,False,
household_items,,"Karcher CV 38/2 15"" Upright Vacuum #10333330","Karcher CV 38/2 15"" Upright Vacuum #10333330","$1,072.00ea",,,False,
household_items,Sylvania,White Led 50 W 40° Flood Par16 Glass Bulb,SylvaniaWhite Led 50 W 40° Flood Par16 Glass Bulb1 ea,$9.98ea,,$9.98/ 1ea,False,
household_items,Finish,"Dishwasher Detergent, Fresh, Tablets","FinishDishwasher Detergent, Fresh, Tablets55 ea",$18.99ea,,$0.35/ 1ea,False,
household_items,,Ecoegg Laundry Egg 210 Washes Dryer Egg & Ecoegg Detox Tabs 6 pack Spring Blossom Bundle,Ecoegg Laundry Egg 210 Washes Dryer Egg & Ecoegg Detox Tabs 6 pack Spring Blossom Bundle,$76.99ea,,,False,
household_items,,Resolve High Traffic Carpet Foam 22 oz Can Cleans Freshens Softens & Removes Stains,Resolve High Traffic Carpet Foam 22 oz Can Cleans Freshens Softens & Removes Stains,$24.99ea,,,False,
household_items,Febreze,"Fabric Odor-Eliminating Air Freshener, Linen & Sky, 250 grams","FebrezeFabric Odor-Eliminating Air Freshener, Linen & Sky, 250 grams250 g",$4.49ea,$3.99ea,$1.60/ 100g,True,saleEnds 03/01
household_items,Sunlight, Dishwasher Rinse Aid,Sunlight Dishwasher Rinse Aid500 ml,$7.99ea,,$1.60/ 100ml,False,
household_items,Air Wick,Essential Mist Fragrance Mist Lavender & Almond Blossom Fragrance,Air WickEssential Mist Fragrance Mist Lavender & Almond Blossom Fragrance20 ml,$19.99ea,$17.99ea,$89.95/ 100ml,True,saleEnds 03/08
household_items,President's Choice,Sensitive Skin Dishwashing Liquid,President's ChoiceSensitive Skin Dishwashing Liquid1 l,$3.49ea,,$0.35/ 100ml,False,
household_items,,Carpet Pro CPU-350 Commercial Upright Vacuum,Carpet Pro CPU-350 Commercial Upright Vacuum,$348.99ea,,,False,
household_items,Bounce,"Pet Hair and Lint Guard Mega Dryer Sheets with 3X Pet Hair Fighters, Fresh Scent, 40 Count","BouncePet Hair and Lint Guard Mega Dryer Sheets with 3X Pet Hair Fighters, Fresh Scent, 40 Count40 ea",$6.79ea,$4.99ea,$0.12/ 1ea,True,saleEnds 03/01
household_items,Pine Sol,"Multi-Surface Cleaner, Lavender Clean","Pine SolMulti-Surface Cleaner, Lavender Clean1.41 l",$6.99ea,$5.49ea,$0.39/ 100ml,True,saleEnds 03/08
household_items,,Casabella Sparkle Scrub Sponge - Iridescent 2 Pack,Casabella Sparkle Scrub Sponge - Iridescent 2 Pack,$9.50ea,,,False,
household_items,Eco-Max,Bathroom Cleaner Natural Spearmint,Eco-MaxBathroom Cleaner Natural Spearmint800 ml,$3.99ea,,$0.50/ 100ml,False,
household_items,Air Wick,Essential Mist Fragrance Mist Coconut & Fresh Pineaple,Air WickEssential Mist Fragrance Mist Coconut & Fresh Pineaple20 ml,$9.49ea,,$47.45/ 100ml,False,
household_items,,Xtricity - Energy Saving LED Bulb Dimmable 9W Type A 3000K Soft White,Xtricity - Energy Saving LED Bulb Dimmable 9W Type A 3000K Soft White,$20.97ea,,,False,
household_items,Charmin,"Bathroom Tissues,12=48","CharminBathroom Tissues,12=4812 ea",$15.99ea,,$1.33/ 1ea,False,
household_items,Finish,"Dishwasher Detergent, Lemon,Tablets","FinishDishwasher Detergent, Lemon,Tablets40 ea",$18.99ea,,$0.47/ 1ea,False,
household_items,Arm & Hammer,"Carpet Deodorizer, Meadow Fresh","Arm & HammerCarpet Deodorizer, Meadow Fresh700 g",$4.79ea,,$0.68/ 100g,False,
household_items,,Little Tree Car Air Freshener New Car,Little Tree Car Air Freshener New Car,$23.20ea,,,False,
household_items,Bissell,2X Ultra Fiber Cleansing Carpet Cleaner,Bissell2X Ultra Fiber Cleansing Carpet Cleaner1 ea,$26.00ea,,$26.00/ 1ea,False,
household_items,Clorox,Original Concentrated Bleach,CloroxOriginal Concentrated Bleach2.4 l,$6.49ea,,$0.27/ 100ml,False,
household_items,President's Choice,"Facial Tissue With Lotion, 3 Ply","President's ChoiceFacial Tissue With Lotion, 3 Ply1 sheets",$4.79ea,,$4.79/ 1ea,False,
household_items,Mrs. Meyer's Clean Day,Lavender Scent Multi-Surface Concentrate,Mrs. Meyer's Clean DayLavender Scent Multi-Surface Concentrate946 ml,$13.99ea,,$1.48/ 100ml,False,
household_items,Sylvania,White Led 50 W 40° Flood Par20 Glass Bulb,SylvaniaWhite Led 50 W 40° Flood Par20 Glass Bulb1 ea,$9.98ea,,$9.98/ 1ea,False,
household_items,,CanaVac LS590 Signature Series Central Vacuum Cleaner | Tangential Bypass Motor Up to 5000 sq ft | with The LS Electric Power Package,CanaVac LS590 Signature Series Central Vacuum Cleaner | Tangential Bypass Motor Up to 5000 sq ft | with The LS Electric Power Package,$899.00ea,,,False,
household_items,,Esteam Fire Wash HD Ultra Strength Wall Wash-Case of 4,Esteam Fire Wash HD Ultra Strength Wall Wash-Case of 4,$179.99ea,,,False,
household_items,,Little Tree Car Air Freshener Wild Cherry,Little Tree Car Air Freshener Wild Cherry,$23.20ea,,,False,
household_items,,Spontex Heavy Duty Scourer Pads (Pack Of 3),Spontex Heavy Duty Scourer Pads (Pack Of 3),$7.02ea,,,False,
household_items,,Clorox Bleach Foamer Bathroom Cleaner - Pack of 3,Clorox Bleach Foamer Bathroom Cleaner - Pack of 3,$41.87ea,,,False,
household_items,,CanaVac LS590 Signature Series Central Vacuum Cleaner | Tangential Bypass Motor Up to 5000 sq ft | with the Deluxe Wessel Werk Electric Package,CanaVac LS590 Signature Series Central Vacuum Cleaner | Tangential Bypass Motor Up to 5000 sq ft | with the Deluxe Wessel Werk Electric Package,$999.00ea,,,False,
household_items,Everyday Essentials,Incandescent C7 Night Light Bulbs,Everyday EssentialsIncandescent C7 Night Light Bulbs2x1.0 ea,$2.99ea,,$1.50/ 1ea,False,
household_items,,Esteam Soot Seal 1 Gallon-Case of 4,Esteam Soot Seal 1 Gallon-Case of 4,$369.99ea,,,False,
household_items,Swiffer,"Dusters Heavy Duty Super Extendable Handle Dusting Kit (1 Handle, 4 Dusters)","SwifferDusters Heavy Duty Super Extendable Handle Dusting Kit (1 Handle, 4 Dusters)1 ea",$24.99ea,,$24.99/ 1ea,False,
household_items,,Carpet Pro Heavy Duty Commercial Upright Vacuum Cleaner CPU-4T (On Board Hose & Tools),Carpet Pro Heavy Duty Commercial Upright Vacuum Cleaner CPU-4T (On Board Hose & Tools),$499.00ea,,,False,
household_items,,Karcher T15/1 Commercial Canister Vacuum #13552280,Karcher T15/1 Commercial Canister Vacuum #13552280,$748.00ea,,,False,
household_items,effeclean,Leather & Vinyl Cleaner/Conditioner,effecleanLeather & Vinyl Cleaner/Conditioner946 ml,$5.99ea,,$0.63/ 100ml,False,
household_items,Sylvania,"A15 Double Life Appliance 40W Light Bulbs, Clear","SylvaniaA15 Double Life Appliance 40W Light Bulbs, Clear2 ea",$4.99ea,,$4.99/ 1ea,False,
household_items,,Samsung/ Bissell Paper Bag,Samsung/ Bissell Paper Bag,$10.99ea,,,False,
household_items,,"Karcher CV 38/2 15"" Upright Vacuum #10333330","Karcher CV 38/2 15"" Upright Vacuum #10333330","$1,072.00ea",,,False,
household_items,Sylvania,White Led 50 W 40° Flood Par16 Glass Bulb,SylvaniaWhite Led 50 W 40° Flood Par16 Glass Bulb1 ea,$9.98ea,,$9.98/ 1ea,False,
household_items,Finish,"Dishwasher Detergent, Fresh, Tablets","FinishDishwasher Detergent, Fresh, Tablets55 ea",$18.99ea,,$0.35/ 1ea,False,
household_items,,Renova black paper towel (pack of 8),Renova black paper towel (pack of 8),$97.99ea,,,False,
household_items,Oxi Clean,White Revive Laundry Stain Remover,Oxi CleanWhite Revive Laundry Stain Remover1.28 kg,$13.99ea,,$1.09/ 100g,False,
household_items,,JASHEN V18 Cordless Vacuum Cleaner Lightweight Stick Vacuum Cleaner 350W Suction 4-in-1 Cordless Vac for Hard Floor Tile Laminate Carpet,JASHEN V18 Cordless Vacuum Cleaner Lightweight Stick Vacuum Cleaner 350W Suction 4-in-1 Cordless Vac for Hard Floor Tile Laminate Carpet,$299.99ea,,,False,
household_items,Affresh,Dishwasher Cleaner,AffreshDishwasher Cleaner60 g,$11.99ea,,$19.98/ 100g,False,
household_items,,Renova-Black Paper Towels - 2 Pack,Renova-Black Paper Towels - 2 Pack,$31.99ea,,,False,
household_items,,Drano Kitchen Crystals Clog Remover 500 Gr - Pack of 2,Drano Kitchen Crystals Clog Remover 500 Gr - Pack of 2,$39.55ea,,,False,
household_items,,Ecoegg Laundry Egg 210 Washes Dryer Egg & Ecoegg Detox Tabs 6 pack Fresh Linen Bundle,Ecoegg Laundry Egg 210 Washes Dryer Egg & Ecoegg Detox Tabs 6 pack Fresh Linen Bundle,$76.99ea,,,False,
household_items,Weiman,Leather Wipes,WeimanLeather Wipes30 sheets,$7.99ea,,$26.63/ 100sh,False,
household_items,Febreze,"Origins Fade Defy Plug Air Freshener & Odor Eliminator, Ocean, (2)  Oil Refills","FebrezeOrigins Fade Defy Plug Air Freshener & Odor Eliminator, Ocean, (2)  Oil Refills52 ml",$14.99ea,,$28.83/ 100ml,False,
household_items,No Name,Heavy-Duty & All-Purpose Mixed Scouring Pads ,No NameHeavy-Duty & All-Purpose Mixed Scouring Pads 10 ea,$5.49ea,,$0.55/ 1ea,False,
household_items,,Little Tree Car Air Freshener Jasmine,Little Tree Car Air Freshener Jasmine,$23.20ea,,,False,
household_items,,Shovelution Strain-Reducing Snow Shovel SJ-SHLV01 18in Spring Assisted Handle by Snow Joe,Shovelution Strain-Reducing Snow Shovel SJ-SHLV01 18in Spring Assisted Handle by Snow Joe,$99.00ea,,,False,
household_items,Febreze,"Fabric Odor-Eliminating Air Freshener, Hawaiian Aloha","FebrezeFabric Odor-Eliminating Air Freshener, Hawaiian Aloha250 g",$4.49ea,$3.99ea,$1.60/ 100g,True,saleEnds 03/01
household_items,,Ecoegg Laundry Egg 210 Washes Dryer Egg & Ecoegg Detox Tabs 6 pack Spring Blossom Bundle,Ecoegg Laundry Egg 210 Washes Dryer Egg & Ecoegg Detox Tabs 6 pack Spring Blossom Bundle,$76.99ea,,,False,
household_items,,Resolve High Traffic Carpet Foam 22 oz Can Cleans Freshens Softens & Removes Stains,Resolve High Traffic Carpet Foam 22 oz Can Cleans Freshens Softens & Removes Stains,$24.99ea,,,False,
household_items,Febreze,"Fabric Odor-Eliminating Air Freshener, Linen & Sky, 250 grams","FebrezeFabric Odor-Eliminating Air Freshener, Linen & Sky, 250 grams250 g",$4.49ea,$3.99ea,$1.60/ 100g,True,saleEnds 03/01
household_items,The Unscented Company,Dish Soap,The Unscented CompanyDish Soap750 ml,$4.99ea,,$0.67/ 100ml,False,
household_items,,Royal/ Dirt Devil OEM Carpet & Rug Shampoo Solution 64 Oz,Royal/ Dirt Devil OEM Carpet & Rug Shampoo Solution 64 Oz,$24.99ea,,,False,
household_items,,Hertel Multi All Purpose Diluted Cleaner Fresh Scent 800ML,Hertel Multi All Purpose Diluted Cleaner Fresh Scent 800ML,$18.99ea,,,False,
household_items,No Name,"Lemon Fresh Dishwashing Liquid, Club Pack","No NameLemon Fresh Dishwashing Liquid, Club Pack5 l",$11.99ea,,$0.24/ 100ml,False,
household_items,Vileda,"ProMist Max Microfibre Spray Mop, Removes 99% of Bacteria ","ViledaProMist Max Microfibre Spray Mop, Removes 99% of Bacteria 1 ea",$31.99ea,,$31.99/ 1ea,False,
household_items,Vileda,EasyWring RinseClean Spin Mop Microfibre Refill,ViledaEasyWring RinseClean Spin Mop Microfibre Refill1 ea,$6.99ea,,$6.99/ 1ea,False,
household_items,,Wooden Mallet Glove and Tissue Box Holder in Light Oak,Wooden Mallet Glove and Tissue Box Holder in Light Oak,$185.65ea,,,False,
household_items,Sunlight, Dishwasher Rinse Aid,Sunlight Dishwasher Rinse Aid500 ml,$7.99ea,,$1.60/ 100ml,False,
household_items,Air Wick,Essential Mist Fragrance Mist Lavender & Almond Blossom Fragrance,Air WickEssential Mist Fragrance Mist Lavender & Almond Blossom Fragrance20 ml,$19.99ea,$17.99ea,$89.95/ 100ml,True,saleEnds 03/08
household_items,President's Choice,Sensitive Skin Dishwashing Liquid,President's ChoiceSensitive Skin Dishwashing Liquid1 l,$3.49ea,,$0.35/ 100ml,False,
household_items,,Carpet Pro CPU-350 Commercial Upright Vacuum,Carpet Pro CPU-350 Commercial Upright Vacuum,$348.99ea,,,False,
household_items,Bounce,"Pet Hair and Lint Guard Mega Dryer Sheets with 3X Pet Hair Fighters, Fresh Scent, 40 Count","BouncePet Hair and Lint Guard Mega Dryer Sheets with 3X Pet Hair Fighters, Fresh Scent, 40 Count40 ea",$6.79ea,$4.99ea,$0.12/ 1ea,True,saleEnds 03/01
household_items,Pine Sol,"Multi-Surface Cleaner, Lavender Clean","Pine SolMulti-Surface Cleaner, Lavender Clean1.41 l",$6.99ea,$5.49ea,$0.39/ 100ml,True,saleEnds 03/08
household_items,,Glade Expressions Aerosol Refill Cotton & Italian Mandarin 198g,Glade Expressions Aerosol Refill Cotton & Italian Mandarin 198g,$25.12ea,,,False,
household_items,,"CanaVac CV787 Ethos Series Central Vacuum Cleaner | Reliable Flow-Thru Motor Up to 8,000 Sq Ft| with the LS Deluxe Electric Package","CanaVac CV787 Ethos Series Central Vacuum Cleaner | Reliable Flow-Thru Motor Up to 8,000 Sq Ft| with the LS Deluxe Electric Package",$799.00ea,,,False,
household_items,Kleenex,"Anti-Viral Facial Tissue, 1 Cube Box, 3-Ply, 55 Total Tissues","KleenexAnti-Viral Facial Tissue, 1 Cube Box, 3-Ply, 55 Total Tissues55 ea",$3.49ea,,$0.06/ 1ea,False,
household_items,No Name,All-Purpose Scouring Sponges,No NameAll-Purpose Scouring Sponges2 sponges,$2.49ea,,$1.25/ 1ea,False,
household_items,Goo Gone,Grout Cleaner,Goo GoneGrout Cleaner828 ml,$8.99ea,,$1.09/ 100ml,False,
household_items,,Ghibli/Johnny Vac AS6/JV6 Paper Bags-5PK,Ghibli/Johnny Vac AS6/JV6 Paper Bags-5PK,$19.99ea,,,False,
household_items,Vileda,ScrungeMulti-Use,ViledaScrungeMulti-Use10 ea,$10.99ea,,$1.10/ 1ea,False,
household_items,Cottonelle,"Fresh Care Flushable Wet Wipes, Adult Wet Wipes, 1 Refill Pack, 168 Total Wipes","CottonelleFresh Care Flushable Wet Wipes, Adult Wet Wipes, 1 Refill Pack, 168 Total Wipes168 ea",$12.99ea,,$0.08/ 1ea,False,
household_items,,Casabella Glyder Corn Wipe Replacement Cleaning Pads - 16 Pack,Casabella Glyder Corn Wipe Replacement Cleaning Pads - 16 Pack,$14.00ea,,,False,
household_items,Glade,Scented Air Freshener,GladeScented Air Freshener3 ea,$15.99ea,,$5.33/ 1ea,False,
household_items,Clorox,"Wipes Disinfecting, Fresh Scent","CloroxWipes Disinfecting, Fresh Scent35 ea",$3.99ea,,$0.11/ 1ea,False,
household_items,Everyday Essentials,"LED 100W A19, 1 Pack","Everyday EssentialsLED 100W A19, 1 Pack6x1.0 ea",$8.99ea,,$1.50/ 1ea,False,
household_items,No Name,Kitchen and Bathroom Cleaner,No NameKitchen and Bathroom Cleaner650 ml,$3.49ea,,$0.54/ 100ml,False,
household_items,,Micro Filtration Bags Capture 95 % of mold pet dander dust mites debris & pollen particles down to 5 microns.,Micro Filtration Bags Capture 95 % of mold pet dander dust mites debris & pollen particles down to 5 microns.,$29.00ea,,,False,
household_items,Mrs. Meyer's Clean Day,"Air Freshener, Honeysuckle","Mrs. Meyer's Clean DayAir Freshener, Honeysuckle243 ml",$7.99ea,,$3.29/ 100ml,False,
household_items,Glad,"Black Garbage Bags - Large 90 Litres - ForceFlex, Drawstring","GladBlack Garbage Bags - Large 90 Litres - ForceFlex, Drawstring24 ea",$13.99ea,,$0.58/ 1ea,False,
household_items,Nature Clean,"Dish Washing Liquid, Lavender & Tea Tree","Nature CleanDish Washing Liquid, Lavender & Tea Tree1.5 l",$8.49ea,,$0.57/ 100ml,False,
household_items,,Wet/Dry Vacuum 1-1.5 U.S Gallon Replacement Standard Filter Bags DRY pickup only,Wet/Dry Vacuum 1-1.5 U.S Gallon Replacement Standard Filter Bags DRY pickup only,$17.99ea,,,False,
household_items,Vileda,"ProMist Max Mop Microfibre Refill, Washable & Reusable ","ViledaProMist Max Mop Microfibre Refill, Washable & Reusable 1 ea",$14.99ea,,$14.99/ 1ea,False,
household_items,Sunlight,Ultra Orange Antibacterial Dish Soap,SunlightUltra Orange Antibacterial Dish Soap562 ml,$3.79ea,,$0.67/ 100ml,False,
household_items,Sylvania,Soft White Led 40 W G16.5 Clear Bulbs,SylvaniaSoft White Led 40 W G16.5 Clear Bulbs2x1.0 ea,$12.98ea,,$6.49/ 1ea,False,
household_items,,Kind Laundry Detergent Sheets - Fragrance Free,Kind Laundry Detergent Sheets - Fragrance Free,$25.99ea,,,False,
household_items,Cascade,"Complete ActionPacs, Dishwasher Detergent, Fresh Scent, 20 count","CascadeComplete ActionPacs, Dishwasher Detergent, Fresh Scent, 20 count20 ea",$9.99ea,,$0.50/ 1ea,False,
household_items,,"Hiflex Microfiber Cloth For Cleaning And Polishing Fine Surfaces - 10"" X 12"" Box Of 10","Hiflex Microfiber Cloth For Cleaning And Polishing Fine Surfaces - 10"" X 12"" Box Of 10",$36.00ea,,,False,
household_items,Air Wick,"Plug-in Air Freshener, Scented Oil Refills, Crisp Breeze, 3 Refills","Air WickPlug-in Air Freshener, Scented Oil Refills, Crisp Breeze, 3 Refills20 ml",$17.99ea,,$89.95/ 100ml,False,
household_items,Swiffer,"Sweeper XL Dry Sweeping Cloths, 16 count","SwifferSweeper XL Dry Sweeping Cloths, 16 count16 ea",$12.99ea,$11.99ea,$0.75/ 1ea,True,saleEnds 03/01
household_items,,UV-Corp Fresh Garbage Disposal Refresher 10 Pack,UV-Corp Fresh Garbage Disposal Refresher 10 Pack,$13.99ea,,,False,
household_items,No Name,Large Baking Cups,No NameLarge Baking Cups50x1.0 ea,$4.99ea,,$0.10/ 1ea,False,
household_items,No Name,Medium/Large Household Cleaning Gloves,No NameMedium/Large Household Cleaning Gloves1 ea,$2.99ea,,$2.99/ 1ea,False,
household_items,Air Wick,"Air Freshener, Scented Oil, Apple Cinnamon Medley, 2 Refills","Air WickAir Freshener, Scented Oil, Apple Cinnamon Medley, 2 Refills2x20.0 ml",$12.99ea,,$32.48/ 100ml,False,
household_items,,Green Logic Surfactant-Based Removes Oil Residue - 32 Oz,Green Logic Surfactant-Based Removes Oil Residue - 32 Oz,$14.00ea,,,False,
household_items,Bona,Premium Microfiber Mopfor Multi-Surface Floors,BonaPremium Microfiber Mopfor Multi-Surface Floors1 ea,$16.99ea,,$16.99/ 1ea,False,
household_items,,Esteam XL-50 Carpet Cleaning Emulsifier 1 Gallon-Case of 4,Esteam XL-50 Carpet Cleaning Emulsifier 1 Gallon-Case of 4,$149.99ea,,,False,
household_items,,"Costway 20 FT Aluminum Snow Roof Rake 25""Oversized Blade W/ 2 Rollers","Costway 20 FT Aluminum Snow Roof Rake 25""Oversized Blade W/ 2 Rollers",$105.99ea,,,False,
household_items,,Hizero F801 Cleaning Solution Concentrate 32OZ - 946ML,Hizero F801 Cleaning Solution Concentrate 32OZ - 946ML,$18.99ea,,,False,
household_items,Febreze,"Light Air Freshener, Lavender","FebrezeLight Air Freshener, Lavender250 g",$5.99ea,,$2.40/ 100g,False,
household_items,,Pure Air Odor Control Water Mist Spray Fresh Linen & Lilac 346 ml (Pack of 3),Pure Air Odor Control Water Mist Spray Fresh Linen & Lilac 346 ml (Pack of 3),$18.97ea,,,False,
household_items,Glad,Black Garbage Bags - Giant 184 Litres,GladBlack Garbage Bags - Giant 184 Litres40 ea,$23.99ea,,$0.60/ 1ea,False,
household_items,,Sprayway Glass Cleaner 20oz,Sprayway Glass Cleaner 20oz,$12.99ea,,,False,
household_items,Eco-Max,Sport Detergent-Hypo     ,Eco-MaxSport Detergent-Hypo     1.89 l,$15.99ea,$12.99ea,$0.69/ 100ml,True,saleEnds 03/15
household_items,,Lindhaus LS50 Hybrid Commercial Upright Vacuum Cleaner,Lindhaus LS50 Hybrid Commercial Upright Vacuum Cleaner,"$5,439.99ea",,,False,
household_items,,Miele fragrance flacon 12.5 ml For 50 dryer cycles for a fresh fragrance that lasts up to four weeks (Nature 1 Pack),Miele fragrance flacon 12.5 ml For 50 dryer cycles for a fresh fragrance that lasts up to four weeks (Nature 1 Pack),$23.99ea,,,False,
household_items,Febreze,Air Ocean,FebrezeAir Ocean250 g,$5.79ea,,$2.32/ 100g,False,
household_items,Tide,Laundry Stain Remover Rescue,TideLaundry Stain Remover Rescue650 ml,$6.89ea,$6.49ea,$1.00/ 100ml,True,saleEnds 03/22
household_items,Glad,Kitchen Catchers White Garbage Bags - Small 25 Litres - Febreze Fresh Clean Scent,GladKitchen Catchers White Garbage Bags - Small 25 Litres - Febreze Fresh Clean Scent48 ea,$9.99ea,$8.99ea,$0.19/ 1ea,True,saleEnds 03/22
household_items,Eco-Max,Hypoallergenic Dish Wash    ,Eco-MaxHypoallergenic Dish Wash    740 ml,$4.49ea,$3.99ea,$0.54/ 100ml,True,saleEnds 03/15
household_items,,Johnny Vac JV420HD2 22Gal Commercial Wet/Dry vacuum With Electrical Outlet,Johnny Vac JV420HD2 22Gal Commercial Wet/Dry vacuum With Electrical Outlet,$898.99ea,,,False,
household_items,Fabuloso,"All Purpose Cleaner, Lavender","FabulosoAll Purpose Cleaner, Lavender1.65 l",$4.99ea,,$0.30/ 100ml,False,
household_items,,Vacuflo Turbo Tp210 OEM Agitator Shaft And Support,Vacuflo Turbo Tp210 OEM Agitator Shaft And Support,$16.99ea,,,False,
household_items,Charmin,Ultra Soft Bathroom Tissue Triples 2 PLY,CharminUltra Soft Bathroom Tissue Triples 2 PLY8 ea,$14.99ea,,$1.87/ 1ea,False,
household_items,,"14""x14"" Microfiber Cloth 240GSM Yellow - Pack of 10","14""x14"" Microfiber Cloth 240GSM Yellow - Pack of 10",$23.99ea,,,False,
household_items,,Little Tree Car Air Freshener Coconut,Little Tree Car Air Freshener Coconut,$23.15ea,,,False,
household_items,,Lindhaus Dynamic 450E Dual Motor Commercial Upright Vacuum Cleaner,Lindhaus Dynamic 450E Dual Motor Commercial Upright Vacuum Cleaner,$899.99ea,,,False,
household_items,Cottage Clean,Cottage Clean Hand Dishwashing Liquid,Cottage CleanCottage Clean Hand Dishwashing Liquid237 ml,$10.99ea,,$4.64/ 100ml,False,
household_items,,Pledge Multi-Surface Concentrated Floor Cleaner 32 Ounce - Pack of 3,Pledge Multi-Surface Concentrated Floor Cleaner 32 Ounce - Pack of 3,$65.97ea,,,False,
household_items,,UV-CORP EXTRA STRENGTH DISHWASHER DETERGENT BOOSTER 1kg,UV-CORP EXTRA STRENGTH DISHWASHER DETERGENT BOOSTER 1kg,$18.99ea,,,False,
household_items,Sylvania,"LED Dimmer Light Bulb 5W R20, 10 Year","SylvaniaLED Dimmer Light Bulb 5W R20, 10 Year2x1.0 ea",$17.49ea,,$8.75/ 1ea,False,
household_items,Lysol,Toilet Bowl Cleaner Power and Free,LysolToilet Bowl Cleaner Power and Free710 ml,$5.49ea,,$0.77/ 100ml,False,
household_items,Downy,"RINSE & REFRESH Laundry Odor Remover and Fabric Softener, Fresh Lavender, Safe on ALL Fabrics, Gentle on Skin, HE Compatible","DownyRINSE & REFRESH Laundry Odor Remover and Fabric Softener, Fresh Lavender, Safe on ALL Fabrics, Gentle on Skin, HE Compatible1.41 l",$18.99ea,,$1.35/ 100ml,False,
household_items,,Nellie's Laundry Soda Tin (100 Loads),Nellie's Laundry Soda Tin (100 Loads),$32.00ea,,,False,
household_items,,Syn-Pro Synthetic Wet mop Narrow Band 20oz Cut End White Bagged,Syn-Pro Synthetic Wet mop Narrow Band 20oz Cut End White Bagged,$19.99ea,,,False,
household_items,Vileda,Super Twist String Mop,ViledaSuper Twist String Mop1 ea,$14.99ea,,$14.99/ 1ea,False,
household_items,Downy,"Light Laundry Scent Booster Beads For Washer, Woodland Rain","DownyLight Laundry Scent Booster Beads For Washer, Woodland Rain570 g",$18.99ea,,$3.33/ 100g,False,
household_items,Arm & Hammer,"Fridge N Freezer Air Filter, Fridge Fresh","Arm & HammerFridge N Freezer Air Filter, Fridge Fresh1 ea",$4.29ea,,$4.29/ 1ea,False,
household_items,Febreze,"Car Odor-Eliminating Air Freshener Vent Clip with Gain Scent, Island Fresh","FebrezeCar Odor-Eliminating Air Freshener Vent Clip with Gain Scent, Island Fresh2 ml",$4.79ea,$3.99ea,$199.50/ 100ml,True,saleEnds 03/01
household_items,Bio-Vert,Citrus Fresh Dishwashing Liquid,Bio-VertCitrus Fresh Dishwashing Liquid4.43 l,$17.99ea,,$0.41/ 100ml,False,
household_items,,Johnny Vac JV58 15 Gal Commercial Wet/Dry Vacuum,Johnny Vac JV58 15 Gal Commercial Wet/Dry Vacuum,$849.99ea,,,False,
household_items,,Johnny Vac JV315PS 7.6Gal Commercial Wet/Dry Vacuum With Electrical Outlet,Johnny Vac JV315PS 7.6Gal Commercial Wet/Dry Vacuum With Electrical Outlet,$829.99ea,,,False,
household_items,Vileda,MicroTwist Mop with Built-in-Twist System,ViledaMicroTwist Mop with Built-in-Twist System1 ea,$16.99ea,,$16.99/ 1ea,False,
household_items,,Micro Filtration Bags Capture 95 % of mold pet dander dust mites debris & pollen particles down to 5 microns,Micro Filtration Bags Capture 95 % of mold pet dander dust mites debris & pollen particles down to 5 microns,$29.00ea,,,False,
household_items,Mr. Clean,Original Magic Eraser,Mr. CleanOriginal Magic Eraser3 ea,$4.49ea,$3.99ea,$1.33/ 1ea,True,saleEnds 03/01
household_items,,VPC Central Vacuum Premium Garage Accessory Kit | 3-Piece Deluxe Cleaning Attachments | Designed to Fit All Brands,VPC Central Vacuum Premium Garage Accessory Kit | 3-Piece Deluxe Cleaning Attachments | Designed to Fit All Brands,$89.98ea,,,False,
household_items,Cascade,"Complete ActionPacs, Dishwasher Detergent, Fresh Scent, 20 count","CascadeComplete ActionPacs, Dishwasher Detergent, Fresh Scent, 20 count20 ea",$9.99ea,,$0.50/ 1ea,False,
household_items,Clorox,Tilex Fresh Shower Daily Shower Cleaner Spray,CloroxTilex Fresh Shower Daily Shower Cleaner Spray946 ml,$5.49ea,,$0.58/ 100ml,False,
household_items,,Persil Color Gel Laundry Detergent - 20 Wash Loads,Persil Color Gel Laundry Detergent - 20 Wash Loads,$24.99ea,,,False,
household_items,,Miele UltraPhase Detergent (Refresh Elixir UltraPhase 2) Laundry Detergent and Odor Combater,Miele UltraPhase Detergent (Refresh Elixir UltraPhase 2) Laundry Detergent and Odor Combater,$34.99ea,,,False,
household_items,Bounty,"Paper Napkins, White, 400 Count","BountyPaper Napkins, White, 400 Count400 ea",$8.99ea,,$0.02/ 1ea,False,
household_items,,Nitrile Gloves Powder Free 4mil Sky Blue Medical - Large,Nitrile Gloves Powder Free 4mil Sky Blue Medical - Large,$22.99ea,,,False,
household_items,Bonterra,3 Ply Bath Tissue,Bonterra3 Ply Bath Tissue6 ea,$7.99ea,,$1.33/ 1ea,False,
household_items,Bio-Vert,He Laundry Detergent Fresh Cotton,Bio-VertHe Laundry Detergent Fresh Cotton4.43 l,$17.99ea,$14.99ea,$0.34/ 100ml,True,saleEnds 03/15
household_items,Swiffer,"Sweeper XL Dry Sweeping Cloths, 16 count","SwifferSweeper XL Dry Sweeping Cloths, 16 count16 ea",$12.99ea,$11.99ea,$0.75/ 1ea,True,saleEnds 03/01
household_items,,UV-Corp Fresh Garbage Disposal Refresher 10 Pack,UV-Corp Fresh Garbage Disposal Refresher 10 Pack,$13.99ea,,,False,
household_items,No Name,Large Baking Cups,No NameLarge Baking Cups50x1.0 ea,$4.99ea,,$0.10/ 1ea,False,
household_items,No Name,Medium/Large Household Cleaning Gloves,No NameMedium/Large Household Cleaning Gloves1 ea,$2.99ea,,$2.99/ 1ea,False,
household_items,,Spontex Style Easy Gri Handle Dish Brush (Pink/Purple/White),Spontex Style Easy Gri Handle Dish Brush (Pink/Purple/White),$8.72ea,,,False,
household_items,,Plus Ii Bacteria Enzyme Stain & Odor Remover 16 Ounce,Plus Ii Bacteria Enzyme Stain & Odor Remover 16 Ounce,$21.99ea,,,False,
household_items,Air Wick,"Air Freshener, Scented Oil, Apple Cinnamon Medley, 2 Refills","Air WickAir Freshener, Scented Oil, Apple Cinnamon Medley, 2 Refills2x20.0 ml",$12.99ea,,$32.48/ 100ml,False,
household_items,,Green Logic Surfactant-Based Removes Oil Residue - 32 Oz,Green Logic Surfactant-Based Removes Oil Residue - 32 Oz,$14.00ea,,,False,
household_items,Bona,Premium Microfiber Mopfor Multi-Surface Floors,BonaPremium Microfiber Mopfor Multi-Surface Floors1 ea,$16.99ea,,$16.99/ 1ea,False,
household_items,,Esteam XL-50 Carpet Cleaning Emulsifier 1 Gallon-Case of 4,Esteam XL-50 Carpet Cleaning Emulsifier 1 Gallon-Case of 4,$149.99ea,,,False,
household_items,,"Costway 20 FT Aluminum Snow Roof Rake 25""Oversized Blade W/ 2 Rollers","Costway 20 FT Aluminum Snow Roof Rake 25""Oversized Blade W/ 2 Rollers",$105.99ea,,,False,
household_items,The Unscented Company,Dish Tabs,The Unscented CompanyDish Tabs30 ea,$12.99ea,,$0.43/ 1ea,False,
household_items,Sylvania,Soft White Led 60 W B10 Clear Bulbs,SylvaniaSoft White Led 60 W B10 Clear Bulbs2x1.0 ea,$12.98ea,,$6.49/ 1ea,False,
household_items,,Hizero F801 Cleaning Solution Concentrate 32OZ - 946ML,Hizero F801 Cleaning Solution Concentrate 32OZ - 946ML,$18.99ea,,,False,
household_items,No Name,Heavy Duty Scouring Sponges,No NameHeavy Duty Scouring Sponges6 ea,$7.99ea,,$1.33/ 1ea,False,
household_items,,Eveready Energy Saver 4 Pin Bulb (Cool White),Eveready Energy Saver 4 Pin Bulb (Cool White),$10.30ea,,,False,
household_items,,JCB LED A60 806lm Opal 10w Light Bulb E27 2700k,JCB LED A60 806lm Opal 10w Light Bulb E27 2700k,$8.30ea,,,False,
household_items,,Lyveco SBC Clear LED 4 Filament 470 Lumens Candle 2700K Light Bulb (Transparent),Lyveco SBC Clear LED 4 Filament 470 Lumens Candle 2700K Light Bulb (Transparent),$10.63ea,,,False,
household_items,,SupaLite Halogen Capsule Lamps (Pack of 4) (Clear),SupaLite Halogen Capsule Lamps (Pack of 4) (Clear),$8.15ea,,,False,
household_items,,Energizer LED GU10 5.8w 560lm Light Bulb Cap Cool White,Energizer LED GU10 5.8w 560lm Light Bulb Cap Cool White,$9.05ea,,,False,
household_items,,Energizer LED GLS E27 Opal Boxed Bulb (Warm White),Energizer LED GLS E27 Opal Boxed Bulb (Warm White),$7.75ea,,,False,
household_items,,Eveready LED E14 Golf Bulb (Daylight),Eveready LED E14 Golf Bulb (Daylight),$5.78ea,,,False,
household_items,,Eveready LED GLS B22 Bulb (Daylight),Eveready LED GLS B22 Bulb (Daylight),$6.80ea,,,False,
household_items,,Eveready Eco Golf Bulb B15 (Clear),Eveready Eco Golf Bulb B15 (Clear),$6.80ea,,,False,
household_items,,Red Gorilla Plain Bucket,Red Gorilla Plain Bucket,$16.95ea,,,False,
household_items,,Energizer LED Candle 470lm Opal 5.9w Light Bulb 2700k E14,Energizer LED Candle 470lm Opal 5.9w Light Bulb 2700k E14,$8.80ea,,,False,
household_items,,Designer Toilet Roll (Pack of 12),Designer Toilet Roll (Pack of 12),$22.67ea,,,False,
household_items,,Miele DGClean 250 ml for steam combination ovens,Miele DGClean 250 ml for steam combination ovens,$18.99ea,,,False,
household_items,Ziploc,"Large Food Storage Bags, Grip 'n Seal Technology","ZiplocLarge Food Storage Bags, Grip 'n Seal Technology19 ea",$5.49ea,$4.99ea,$0.26/ 1ea,True,saleEnds 03/01
household_items,,Miele Blizzard CX1 Cat and Dog Bagless Vacuum Cleaner,Miele Blizzard CX1 Cat and Dog Bagless Vacuum Cleaner,$849.99ea,,,False,
household_items,,Pledge Orange Enhancing Polish 9.7 oz 3 Packs,Pledge Orange Enhancing Polish 9.7 oz 3 Packs,$45.99ea,,,False,
household_items,,"CanaVac CV-587 Ethos Series Central Vacuum Cleaner | 540 Airwatts Reliable Flow-Thru Motor Up To 3,500 Sq Ft | with the VPC Ultra Electric Package","CanaVac CV-587 Ethos Series Central Vacuum Cleaner | 540 Airwatts Reliable Flow-Thru Motor Up To 3,500 Sq Ft | with the VPC Ultra Electric Package",$699.00ea,,,False,
household_items,Nature Clean,Rinse Agent,Nature CleanRinse Agent250 ml,$5.49ea,$4.49ea,$1.80/ 100ml,True,saleEnds 03/15
household_items,Dawn," Dishwashing Liquid Dish Soap, Original Scent","Dawn Dishwashing Liquid Dish Soap, Original Scent473 ml",$4.29ea,,$0.91/ 100ml,False,
household_items,,CanaVac LS590 Signature Series Central Vacuum Cleaner | Tangential Bypass Motor Up To 5000 sq ft.| with the LS Deluxe Electric Package,CanaVac LS590 Signature Series Central Vacuum Cleaner | Tangential Bypass Motor Up To 5000 sq ft.| with the LS Deluxe Electric Package,$849.00ea,,,False,
household_items,Air Wick,"Plug-in Air Freshener, Scented Oil Refills, Island Paradise, 3 Refills","Air WickPlug-in Air Freshener, Scented Oil Refills, Island Paradise, 3 Refills3x20.0 ml",$17.99ea,,$29.98/ 100ml,False,
household_items,,TANN-X Coffee Stain Remover 1 Gallon,TANN-X Coffee Stain Remover 1 Gallon,$47.99ea,,,False,
household_items,,MATCC 2 in 1 Window Squeegee Cleaner Kit with 48'' Extendable Handle for Cleaning Outdoor Indoor Windows Cars - MCW003,MATCC 2 in 1 Window Squeegee Cleaner Kit with 48'' Extendable Handle for Cleaning Outdoor Indoor Windows Cars - MCW003,$24.99ea,,,False,
household_items,,Pemberly Row Cup and Lid Holder in Black,Pemberly Row Cup and Lid Holder in Black,$155.77ea,,,False,
household_items,,Miele DishClean Dishwasher Conditioner (160 g),Miele DishClean Dishwasher Conditioner (160 g),$12.95ea,,,False,
household_items,Swiffer,Wet Jet Floor Cleaner Lavender,SwifferWet Jet Floor Cleaner Lavender1.25 l,$9.99ea,,$0.80/ 100ml,False,
household_items,Environmental Air Sponge,Environmental Air Sponge,Environmental Air SpongeEnvironmental Air Sponge227 g,$6.49ea,,$2.86/ 100g,False,
household_items,Sylvania,Indoor Outdoor B10 Bulbs Crystal Led Soft White 40 W,SylvaniaIndoor Outdoor B10 Bulbs Crystal Led Soft White 40 W2x1.0 ea,$19.98ea,,$9.99/ 1ea,False,
household_items,,VPC Central Vacuum Premium Garage Accessory Kit | 3-Piece Deluxe Cleaning Attachments | Designed to Fit All Brands,VPC Central Vacuum Premium Garage Accessory Kit | 3-Piece Deluxe Cleaning Attachments | Designed to Fit All Brands,$89.98ea,,,False,
household_items,,"Hiflex Microfiber Cloth For Cleaning And Polishing Fine Surfaces - 10"" X 12"" Box Of 10","Hiflex Microfiber Cloth For Cleaning And Polishing Fine Surfaces - 10"" X 12"" Box Of 10",$36.00ea,,,False,
household_items,,Nitrile Gloves Powder Free 4mil Sky Blue Medical - Large,Nitrile Gloves Powder Free 4mil Sky Blue Medical - Large,$22.99ea,,,False,
household_items,Royale,"Original Toilet Paper, 12=24 Rolls, 242 Bath Tissues per roll","RoyaleOriginal Toilet Paper, 12=24 Rolls, 242 Bath Tissues per roll242 ea",$15.99ea,,$0.07/ 1ea,False,
household_items,,HP Paper Bag OEM,HP Paper Bag OEM,$22.99ea,,,False,
household_items,,KLIIN 6pk Compostable All-Purpose Cleaning Cloths,KLIIN 6pk Compostable All-Purpose Cleaning Cloths,$29.99ea,,,False,
household_items,,"Garbage Bags Strong Kitchen Trash Bag 20 x 22"" Black 40Pcs/Pack 25L/6.6Gal","Garbage Bags Strong Kitchen Trash Bag 20 x 22"" Black 40Pcs/Pack 25L/6.6Gal",$7.99ea,,,False,
household_items,Air Wick,"Freshmatic, Air Freshener, Bali Ocean Air, 1 Refill","Air WickFreshmatic, Air Freshener, Bali Ocean Air, 1 Refill175 g",$9.49ea,,$5.42/ 100g,False,
household_items,,Little Tree Air Freshener Bold Embrace,Little Tree Air Freshener Bold Embrace,$23.20ea,,,False,
household_items,No Name,2 Paper Towel Rolls,No Name2 Paper Towel Rolls2 ea,$2.49ea,,$1.25/ 1ea,False,
household_items,Glad,Kitchen Catchers White Garbage Bags - Small 25 Litres - Febreze Fresh Clean Scent,GladKitchen Catchers White Garbage Bags - Small 25 Litres - Febreze Fresh Clean Scent48 ea,$9.99ea,$8.99ea,$0.19/ 1ea,True,saleEnds 03/22
household_items,,Miele UltraWhite Detergent (2.5 kg ),Miele UltraWhite Detergent (2.5 kg ),$34.99ea,,,False,
household_items,,Dry Commercial Canister Vacuum with 10 Ft Hose Premium Accessories & Sidewinder Tools,Dry Commercial Canister Vacuum with 10 Ft Hose Premium Accessories & Sidewinder Tools,$999.99ea,,,False,
household_items,,Johnny Vac JV420HD2 22Gal Commercial Wet/Dry vacuum With Electrical Outlet,Johnny Vac JV420HD2 22Gal Commercial Wet/Dry vacuum With Electrical Outlet,$898.99ea,,,False,
household_items,Glad,Blue Recycling Bags - Regular 74 Litres,GladBlue Recycling Bags - Regular 74 Litres40 ea,$13.99ea,,$0.35/ 1ea,False,
household_items,,Xtricity - Set of 2 Energy Saving LED Bulbs Dimmable 9W Type A 5000K Daylight,Xtricity - Set of 2 Energy Saving LED Bulbs Dimmable 9W Type A 5000K Daylight,$24.97ea,,,False,
household_items,Sylvania,"150W Light Bulb, Soft White","Sylvania150W Light Bulb, Soft White1 ea",$3.99ea,,$3.99/ 1ea,False,
household_items,,Water Spray Mop Washable Microfiber Clean Degerming Spray Mop,Water Spray Mop Washable Microfiber Clean Degerming Spray Mop,$39.99ea,,,False,
household_items,,Vernel Wild Rose Fabric Softener - 1L,Vernel Wild Rose Fabric Softener - 1L,$19.79ea,,,False,
household_items,Febreze,"Car Air Freshener Vent Clip Gain Moonlight Breeze Scent,  Car Vent Clip, 2 Count","FebrezeCar Air Freshener Vent Clip Gain Moonlight Breeze Scent,  Car Vent Clip, 2 Count4 ml",$7.49ea,,$187.25/ 100ml,False,
household_items,Swiffer,Sweeper Dry Sweeping Cloths 48 Unscented Refills,SwifferSweeper Dry Sweeping Cloths 48 Unscented Refills48 ea,$19.99ea,,$0.42/ 1ea,False,
household_items,,JASHEN 2500mAh Lithium Ion Replacement Battery for V18 Stick Vacuum Cleaner,JASHEN 2500mAh Lithium Ion Replacement Battery for V18 Stick Vacuum Cleaner,$99.99ea,,,False,
household_items,,VPC Central Vacuum Accessory Kit | Premium Hose | Electric Power Head Nozzle with Height Adjustment | Telescopic Wand with Deluxe Tool Set,VPC Central Vacuum Accessory Kit | Premium Hose | Electric Power Head Nozzle with Height Adjustment | Telescopic Wand with Deluxe Tool Set,$369.98ea,,,False,
household_items,Sylvania,Led 8W A19 Frosted,SylvaniaLed 8W A19 Frosted1 ea,$6.98ea,,$6.98/ 1ea,False,
household_items,Scotties,Tissue Paper,ScottiesTissue Paper9x100.0 sheets,$16.99ea,,$0.02/ 1ea,False,
household_items,Royale,"Velour 3-ply Facial Tissues, 18 Flat Boxes, 88 Tissues per Box","RoyaleVelour 3-ply Facial Tissues, 18 Flat Boxes, 88 Tissues per Box18x88.0 ea",$29.99ea,,$0.02/ 1ea,False,
household_items,,Regatta 5L Folding Bucket (Oxford Blue),Regatta 5L Folding Bucket (Oxford Blue),$18.05ea,,,False,
household_items,Cashmere,3 Ply Rolls Of Bathroom Tissue,Cashmere3 Ply Rolls Of Bathroom Tissue24 ea,$19.99ea,,$0.83/ 1ea,False,
household_items,No Name,Tall Quick Tie Kitchen Garbage Bags Club Size,No NameTall Quick Tie Kitchen Garbage Bags Club Size200 ea,$22.99ea,,$0.11/ 1ea,False,
household_items,,"CanaVac CV787 Ethos Series Central Vacuum Cleaner | Reliable Flow-Thru Motor Up to 8,000 Sq Ft| with the Deluxe Wessel Werk Electric Package","CanaVac CV787 Ethos Series Central Vacuum Cleaner | Reliable Flow-Thru Motor Up to 8,000 Sq Ft| with the Deluxe Wessel Werk Electric Package",$979.00ea,,,False,
household_items,Finish,"Dishwasher Cleaner, Original, Fight Grease & Limescale","FinishDishwasher Cleaner, Original, Fight Grease & Limescale250 ml",$7.49ea,,$3.00/ 100ml,False,
household_items,Cascade,"2-in-1 ActionPacs with Dawn, Fresh Scent","Cascade2-in-1 ActionPacs with Dawn, Fresh Scent90 ea",$26.99ea,,$0.30/ 1ea,False,
household_items,Febreze,"Car Odor-Eliminating Air Freshener Vent Clip with Gain Scent, Island Fresh","FebrezeCar Odor-Eliminating Air Freshener Vent Clip with Gain Scent, Island Fresh2 ml",$4.79ea,$3.99ea,$199.50/ 100ml,True,saleEnds 03/01
household_items,Bio-Vert,Citrus Fresh Dishwashing Liquid,Bio-VertCitrus Fresh Dishwashing Liquid4.43 l,$17.99ea,,$0.41/ 100ml,False,
household_items,,Johnny Vac JV58 15 Gal Commercial Wet/Dry Vacuum,Johnny Vac JV58 15 Gal Commercial Wet/Dry Vacuum,$849.99ea,,,False,
household_items,,Johnny Vac JV315PS 7.6Gal Commercial Wet/Dry Vacuum With Electrical Outlet,Johnny Vac JV315PS 7.6Gal Commercial Wet/Dry Vacuum With Electrical Outlet,$829.99ea,,,False,
household_items,Vileda,MicroTwist Mop with Built-in-Twist System,ViledaMicroTwist Mop with Built-in-Twist System1 ea,$16.99ea,,$16.99/ 1ea,False,
household_items,,Vacuflo Turbo Tp210 OEM Agitator Shaft And Support,Vacuflo Turbo Tp210 OEM Agitator Shaft And Support,$16.99ea,,,False,
household_items,Charmin,Ultra Soft Bathroom Tissue Triples 2 PLY,CharminUltra Soft Bathroom Tissue Triples 2 PLY8 ea,$14.99ea,,$1.87/ 1ea,False,
household_items,,"14""x14"" Microfiber Cloth 240GSM Yellow - Pack of 10","14""x14"" Microfiber Cloth 240GSM Yellow - Pack of 10",$23.99ea,,,False,
household_items,Mr. Clean,Original Magic Eraser,Mr. CleanOriginal Magic Eraser3 ea,$4.49ea,$3.99ea,$1.33/ 1ea,True,saleEnds 03/01
household_items,,Little Tree Car Air Freshener Coconut,Little Tree Car Air Freshener Coconut,$23.15ea,,,False,
household_items,,"CanaVac CV-587 Ethos Series Central Vacuum Cleaner | 540 Airwatts Reliable Flow-Thru Motor Up To 3,500 Sq Ft | with the LS Deluxe Electric Package","CanaVac CV-587 Ethos Series Central Vacuum Cleaner | 540 Airwatts Reliable Flow-Thru Motor Up To 3,500 Sq Ft | with the LS Deluxe Electric Package",$639.00ea,,,False,
household_items,Swiffer,Sweep and Vac,SwifferSweep and Vac2 ea,$7.49ea,,$3.75/ 1ea,False,
household_items,Vileda,EasyWring RinseClean - Spin Mop & Bucket System ,ViledaEasyWring RinseClean - Spin Mop & Bucket System 1 ea,$74.99ea,,$74.99/ 1ea,False,
household_items,,BAZZ BP3011EZ PAR30 LED Bulb,BAZZ BP3011EZ PAR30 LED Bulb,$29.97ea,,,False,
household_items,,VENTRAY 200W LED Grow Light for Indoor Plant Greenhouse Sunroom Balcony,VENTRAY 200W LED Grow Light for Indoor Plant Greenhouse Sunroom Balcony,$99.99ea,,,False,
household_items,Sylvania,GU10 Halogen 50W Flood Light Bulbs,SylvaniaGU10 Halogen 50W Flood Light Bulbs3x3.0 pack,$10.49ea,,$3.50/ 1ea,False,
household_items,,"Vickerman 60"" Plastic LED Rope Light Power Cord 120V with TS-A6 Plug in White","Vickerman 60"" Plastic LED Rope Light Power Cord 120V with TS-A6 Plug in White",$106.42ea,,,False,
household_items,Vileda,"Sensitive Gloves S/M, Natural Latex","ViledaSensitive Gloves S/M, Natural Latex1 ea",$3.49ea,,$3.49/ 1ea,False,
household_items,Fantastik,"Disinfectant All-Purpose Cleaner with Bleach, Eliminates Stains","FantastikDisinfectant All-Purpose Cleaner with Bleach, Eliminates Stains650 ml",$6.49ea,,$1.00/ 100ml,False,
household_items,Dawn," Dishwashing Liquid Dish Soap, Original Scent","Dawn Dishwashing Liquid Dish Soap, Original Scent982 ml",$5.99ea,,$0.61/ 100ml,False,
household_items,Gain,"Odor Defense In-Wash Scent Booster, Super Fresh Blast Scent,, HE Compatible","GainOdor Defense In-Wash Scent Booster, Super Fresh Blast Scent,, HE Compatible570 g",$20.99ea,,$3.68/ 100g,False,
household_items,,Numatic George GVE370 Wet/Dry Commercial Canister Vacuum,Numatic George GVE370 Wet/Dry Commercial Canister Vacuum,$999.00ea,,,False,
household_items,No Name,Regular Garbage Bags,No NameRegular Garbage Bags40 ea,$8.99ea,,$0.22/ 1ea,False,
household_items,,Hoover OEM Dirty Water Recovery Tank Assembly,Hoover OEM Dirty Water Recovery Tank Assembly,$99.99ea,,,False,
household_items,No Name,Giant Pasta Pan,No NameGiant Pasta Pan1 ea,$6.99ea,,$6.99/ 1ea,False,
household_items,,Anti Dust Mite Vacuum Cleaner 300W UV HEPA Handhold Vacuum LW-P1003,Anti Dust Mite Vacuum Cleaner 300W UV HEPA Handhold Vacuum LW-P1003,$89.99ea,,,False,
household_items,Renova,"Napkins, Fuchsia","RenovaNapkins, Fuchsia70 ea",$1.99ea,,$0.03/ 1ea,False,
household_items,,Eveready Pygmy SES Light Bulb (Pack Of 2) (Transparent),Eveready Pygmy SES Light Bulb (Pack Of 2) (Transparent),$6.80ea,,,False,
household_items,,Lindhaus Dynamic 450E Dual Motor Commercial Upright Vacuum Cleaner,Lindhaus Dynamic 450E Dual Motor Commercial Upright Vacuum Cleaner,$899.99ea,,,False,
household_items,Cottage Clean,Cottage Clean Hand Dishwashing Liquid,Cottage CleanCottage Clean Hand Dishwashing Liquid237 ml,$10.99ea,,$4.64/ 100ml,False,
household_items,Palmolive,"Ultra Dishwashing Liquid Dish Soap, Oxy Power Degreaser","PalmoliveUltra Dishwashing Liquid Dish Soap, Oxy Power Degreaser591 ml",$3.99ea,,$0.68/ 100ml,False,
household_items,Borax,Twenty Mule Team Natural Deodorizer,BoraxTwenty Mule Team Natural Deodorizer1.84 kg,$7.99ea,,$0.43/ 100g,False,
household_items,Glad,Drawstring Compost Small 10 L,GladDrawstring Compost Small 10 L1 ea,$6.99ea,,$6.99/ 1ea,False,
household_items,Glade,3 Wick Candle Stay Cool Watermelon Limited Edition,Glade3 Wick Candle Stay Cool Watermelon Limited Edition1 ea,$11.99ea,,$11.99/ 1ea,False,
household_items,,Pledge Multi-Surface Concentrated Floor Cleaner 32 Ounce - Pack of 3,Pledge Multi-Surface Concentrated Floor Cleaner 32 Ounce - Pack of 3,$65.97ea,,,False,
household_items,Sylvania,Soft White Led 40 W G16.5 Clear Bulbs,SylvaniaSoft White Led 40 W G16.5 Clear Bulbs2x1.0 ea,$12.98ea,,$6.49/ 1ea,False,
household_items,Glad,Black Garbage Bags - Extra-Large 135 Litres,GladBlack Garbage Bags - Extra-Large 135 Litres20 ea,$13.99ea,,$0.70/ 1ea,False,
household_items,,Little Tree Air Freshener Summer Linen,Little Tree Air Freshener Summer Linen,$23.20ea,,,False,
household_items,,General Purpose Cloth 4 Pack - Assorted Colours,General Purpose Cloth 4 Pack - Assorted Colours,$51.99ea,,,False,
household_items,Lysol,Laundry Disinfectant,LysolLaundry Disinfectant1.2 l,$10.99ea,$8.99ea,$0.75/ 100ml,True,saleEnds 03/01
household_items,Downy,Fabric Enhancer Water,DownyFabric Enhancer Water570 g,$18.99ea,,$3.33/ 100g,False,
household_items,Cascade,"Complete, Citrus","CascadeComplete, Citrus72 ea",$26.99ea,,$0.37/ 1ea,False,
household_items,Cottage Clean,Cottage Clean Hand Dishwashing Liquid,Cottage CleanCottage Clean Hand Dishwashing Liquid474 ml,$13.49ea,,$2.85/ 100ml,False,
household_items,Gain,"Fabric Softener, Moonlight Breeze","GainFabric Softener, Moonlight Breeze3.04 l",$14.99ea,$12.99ea,$0.43/ 100ml,True,saleEnds 03/08
household_items,,Neato Rootics Slimline Charge Base Black,Neato Rootics Slimline Charge Base Black,$99.99ea,,,False,
household_items,,Miele Detergent Capsules (Sport 6-pack) special detergent for sportswear,Miele Detergent Capsules (Sport 6-pack) special detergent for sportswear,$16.99ea,,,False,
household_items,,Numatic/NaceCare HVX 160 Henry Xtra Compact Canister Vacuum Cleaner - 6L Capacity - Turbo Brush with XST0 Professional Accessory Set (Red),Numatic/NaceCare HVX 160 Henry Xtra Compact Canister Vacuum Cleaner - 6L Capacity - Turbo Brush with XST0 Professional Accessory Set (Red),$649.00ea,,,False,
household_items,Mr. Clean,"Magic Eraser Kitchen with Dawn, Cleaning Pads with Durafoam","Mr. CleanMagic Eraser Kitchen with Dawn, Cleaning Pads with Durafoam4 ea",$9.99ea,,$2.50/ 1ea,False,
household_items,Clorox,"Disinfecting Mist, Multi-Surface Cleaner, Kills 99.9% Of Bacteria And Viruses, Bleach-Free, Lemongrass Mandarin","CloroxDisinfecting Mist, Multi-Surface Cleaner, Kills 99.9% Of Bacteria And Viruses, Bleach-Free, Lemongrass Mandarin473 ml",$8.99ea,,$1.90/ 100ml,False,
household_items,,Esteam Brown Out Treatment 1 Gallon-Case of 4,Esteam Brown Out Treatment 1 Gallon-Case of 4,$119.99ea,,,False,
household_items,,Sanitaire SPAN Wide Track Vacuum,Sanitaire SPAN Wide Track Vacuum,"$2,549.99ea",,,False,
household_items,,Micro Filtration Bags Capture 95 % of mold pet dander dust mites debris & pollen particles down to 5 microns,Micro Filtration Bags Capture 95 % of mold pet dander dust mites debris & pollen particles down to 5 microns,$39.00ea,,,False,
household_items,Sylvania,GU10 Flood 50W Light Bulbs,SylvaniaGU10 Flood 50W Light Bulbs6x6.0 ea,$18.99ea,,$3.17/ 1ea,False,
household_items,,Instant Aid- Lens Cleaning Towelette (12 In 1 Pack) (Pack of 3) by Purest,Instant Aid- Lens Cleaning Towelette (12 In 1 Pack) (Pack of 3) by Purest,$30.97ea,,,False,
household_items,Renova,"Napkins, Fuchsia","RenovaNapkins, Fuchsia70 ea",$1.99ea,,$0.03/ 1ea,False,
household_items,,Eveready Pygmy SES Light Bulb (Pack Of 2) (Transparent),Eveready Pygmy SES Light Bulb (Pack Of 2) (Transparent),$6.80ea,,,False,
household_items,Lysol,"Disinfectant Spray, Crisp Linen","LysolDisinfectant Spray, Crisp Linen539 g",$8.99ea,$6.99ea,$1.30/ 100g,True,saleEnds 03/08
household_items,,Lindhaus Dynamic 450E Dual Motor Commercial Upright Vacuum Cleaner,Lindhaus Dynamic 450E Dual Motor Commercial Upright Vacuum Cleaner,$899.99ea,,,False,
household_items,Cottage Clean,Cottage Clean Hand Dishwashing Liquid,Cottage CleanCottage Clean Hand Dishwashing Liquid237 ml,$10.99ea,,$4.64/ 100ml,False,
household_items,Glade,3 Wick Candle Stay Cool Watermelon Limited Edition,Glade3 Wick Candle Stay Cool Watermelon Limited Edition1 ea,$11.99ea,,$11.99/ 1ea,False,
household_items,,Pledge Multi-Surface Concentrated Floor Cleaner 32 Ounce - Pack of 3,Pledge Multi-Surface Concentrated Floor Cleaner 32 Ounce - Pack of 3,$65.97ea,,,False,
household_items,,Little Tree Car Air Freshener Sun Berry,Little Tree Car Air Freshener Sun Berry,$23.20ea,,,False,
household_items,Sunlight,Dishwasher Detergent Advanced,SunlightDishwasher Detergent Advanced48 ea,$15.99ea,,$0.33/ 1ea,False,
household_items,No Name,Bleach,No NameBleach1.27 l,$2.99ea,,$0.24/ 100ml,False,
household_items,Air Wick,"Plug-in Air Freshener Scented Oil, Crisp Breeze, 2 Refills","Air WickPlug-in Air Freshener Scented Oil, Crisp Breeze, 2 Refills2x21.0 ml",$12.99ea,,$30.93/ 100ml,False,
household_items,,Karcher NT 68/1 Wet/Dry Vacuum #11034940,Karcher NT 68/1 Wet/Dry Vacuum #11034940,"$1,444.99ea",,,False,
household_items,Swiffer,WetJet Floor Mop Starter Kit,SwifferWetJet Floor Mop Starter Kit1 ea,$33.99ea,,$33.99/ 1ea,False,
household_items,,Car Interior RGB Strip Light with Remote Control and APP Control 48 LEDs,Car Interior RGB Strip Light with Remote Control and APP Control 48 LEDs,$28.99ea,,,False,
household_items,Sylvania,"LED Light Bulk, 6W","SylvaniaLED Light Bulk, 6W2x1.0 ea",$14.99ea,,$7.50/ 1ea,False,
household_items,,Polyethylene Gloves Powder Free - Large,Polyethylene Gloves Powder Free - Large,$17.99ea,,,False,
household_items,No Name,Compostable Kitchen Bags For Organics 7.5 L Cm Club Size,No NameCompostable Kitchen Bags For Organics 7.5 L Cm Club Size100 ea,$14.99ea,,$0.15/ 1ea,False,
household_items,,yeedi Vac 2500Pa Robotic Vacuum Cleaner,yeedi Vac 2500Pa Robotic Vacuum Cleaner,$449.99ea,,,False,
household_items,Renuzit,"Adjustable Air Freshener, Tahitian Breeze","RenuzitAdjustable Air Freshener, Tahitian Breeze198 g",$2.29ea,,$1.16/ 100g,False,
household_items,Cascade,"2-in-1 ActionPacs with Dawn, Fresh Scent","Cascade2-in-1 ActionPacs with Dawn, Fresh Scent90 ea",$26.99ea,,$0.30/ 1ea,False,
household_items,,Micro Filtration Bags Capture 95 % of mold pet dander dust mites debris & pollen particles down to 5 microns,Micro Filtration Bags Capture 95 % of mold pet dander dust mites debris & pollen particles down to 5 microns,$29.00ea,,,False,
household_items,,Miele UltraPhase Detergent (Sensitive 6-Pack (3x UP1 3x UP2)) 2-component detergent - particularly kind to the skin,Miele UltraPhase Detergent (Sensitive 6-Pack (3x UP1 3x UP2)) 2-component detergent - particularly kind to the skin,$184.94ea,,,False,
household_items,,"CanaVac LS790 Signature Series Central Vacuum Cleaner | Tangential Bypass Motor Up to 10,000 sq ft | with the LS Deluxe Electric Package","CanaVac LS790 Signature Series Central Vacuum Cleaner | Tangential Bypass Motor Up to 10,000 sq ft | with the LS Deluxe Electric Package",$949.00ea,,,False,
household_items,Glad,"Blue Recycling Bags - Tall 45 Litres - ForceFlex, Drawstring","GladBlue Recycling Bags - Tall 45 Litres - ForceFlex, Drawstring26 ea",$9.99ea,$8.99ea,$0.35/ 1ea,True,saleEnds 03/22
household_items,Swiffer,Sweeper Pet Heavy Duty Multi-Surface Wet Cloth Refills,SwifferSweeper Pet Heavy Duty Multi-Surface Wet Cloth Refills20 ea,$12.99ea,$11.99ea,$0.60/ 1ea,True,saleEnds 03/01
household_items,,Mini Compressed Air Duster 36000RPM Electric Cordless Air Duster Blower for Cleaning Dust Hairs Computer Keyboard - EAD-10,Mini Compressed Air Duster 36000RPM Electric Cordless Air Duster Blower for Cleaning Dust Hairs Computer Keyboard - EAD-10,$39.99ea,,,False,
household_items,Air Wick,"Air Fresheners, Freshmatic, Air Freshener, Mountain Breeze, 1 Kit + 1 RefillÂ ","Air WickAir Fresheners, Freshmatic, Air Freshener, Mountain Breeze, 1 Kit + 1 RefillÂ 180 g",$16.99ea,,$9.44/ 100g,False,
household_items,,Vacuflo Turbo Tp210 OEM Agitator Shaft And Support,Vacuflo Turbo Tp210 OEM Agitator Shaft And Support,$16.99ea,,,False,
household_items,Mr. Clean,Original Magic Eraser,Mr. CleanOriginal Magic Eraser3 ea,$4.49ea,$3.99ea,$1.33/ 1ea,True,saleEnds 03/01
household_items,,Little Tree Car Air Freshener Coconut,Little Tree Car Air Freshener Coconut,$23.15ea,,,False,
household_items,,Air-Pro Aerosol Metered Spray Refill 180gr - Ocean Breeze,Air-Pro Aerosol Metered Spray Refill 180gr - Ocean Breeze,$18.99ea,,,False,
household_items,Fantastik,"Disinfectant All-Purpose Cleaner with Bleach, Eliminates Stains","FantastikDisinfectant All-Purpose Cleaner with Bleach, Eliminates Stains650 ml",$6.49ea,,$1.00/ 100ml,False,
household_items,,"Royal Dirt Devil OEM Paper Bag Type ""R""","Royal Dirt Devil OEM Paper Bag Type ""R""",$34.99ea,,,False,
household_items,,"Shop-Vac OEM Paper Bag Type ""G""","Shop-Vac OEM Paper Bag Type ""G""",$49.99ea,,,False,
household_items,,Costway 1100 W Electric Steam Mop Floor Steam Cleaner w/ Water Tank for Hardwood Carpet,Costway 1100 W Electric Steam Mop Floor Steam Cleaner w/ Water Tank for Hardwood Carpet,$99.99ea,,,False,
household_items,,"Hoover OEM Paper Bag Bottom Fill Type ""C""","Hoover OEM Paper Bag Bottom Fill Type ""C""",$20.99ea,,,False,
household_items,,"Simplicity/ Riccar OEM HEPA Bag Type ""A""","Simplicity/ Riccar OEM HEPA Bag Type ""A""",$32.99ea,,,False,
household_items,,"Eureka / Sanitaire / Kenmore 3M Filtrete Bag ""F&G""","Eureka / Sanitaire / Kenmore 3M Filtrete Bag ""F&G""",$11.99ea,,,False,
household_items,,AirStream AS200 Canister HEPA Bags,AirStream AS200 Canister HEPA Bags,$18.99ea,,,False,
household_items,,Shark Plus Replacement Vacuum Bags,Shark Plus Replacement Vacuum Bags,$48.99ea,,,False,
household_items,,"Royal OEM Paper Bag Type ""Y""","Royal OEM Paper Bag Type ""Y""",$32.99ea,,,False,
household_items,,"Kenmore Paper Bag Type ""U"" ""O""","Kenmore Paper Bag Type ""U"" ""O""",$9.99ea,,,False,
household_items,,"Eureka 3M Filtrete Bag ""RR""","Eureka 3M Filtrete Bag ""RR""",$9.99ea,,,False,
household_items,,Electrolux Paper C Bag 4 PK,Electrolux Paper C Bag 4 PK,$9.99ea,,,False,
household_items,,Dustbane Targa 330 Dust Bags,Dustbane Targa 330 Dust Bags,$28.99ea,,,False,
household_items,,"Kenmore HEPA Bag Type ""U"" ""Z""","Kenmore HEPA Bag Type ""U"" ""Z""",$14.99ea,,,False,
household_items,,Shop-Vac 15-22 US Gallon 3 Pack Filter Bags Type G,Shop-Vac 15-22 US Gallon 3 Pack Filter Bags Type G,$29.99ea,,,False,
household_items,,VacuMaid Plastic Bags For 14 Inch Dirt Cans - 4pk,VacuMaid Plastic Bags For 14 Inch Dirt Cans - 4pk,$17.99ea,,,False,
household_items,,Panasonic MC3900 MCCG301 Canister & Kenmore 50570 (Pack of 5),Panasonic MC3900 MCCG301 Canister & Kenmore 50570 (Pack of 5),$19.99ea,,,False,
household_items,,"Royal Dirt Devil OEM Hepa Bag Type ""AC""","Royal Dirt Devil OEM Hepa Bag Type ""AC""",$17.99ea,,,False,
household_items,,Kirby OEM Zipper Cloth Bag,Kirby OEM Zipper Cloth Bag,$139.99ea,,,False,
household_items,,Numatic OEM Henry HEPA Bag - 10 Pack,Numatic OEM Henry HEPA Bag - 10 Pack,$64.99ea,,,False,
household_items,,Shop-Vac Microfiltration Cloth Bags 5-8 Gallons-3pk,Shop-Vac Microfiltration Cloth Bags 5-8 Gallons-3pk,$24.99ea,,,False,
household_items,,Simplicity/ Maytag OEM HEPA Bag,Simplicity/ Maytag OEM HEPA Bag,$44.99ea,,,False,
household_items,,Karcher WD4 Wet/Dry Vacuum #13481150,Karcher WD4 Wet/Dry Vacuum #13481150,$229.99ea,,,False,
household_items,,"Eureka Paper Bag Type ""U""","Eureka Paper Bag Type ""U""",$6.99ea,,,False,
household_items,,"Bissell 3M Filtrete Bag ""ZING""","Bissell 3M Filtrete Bag ""ZING""",$10.99ea,,,False,
household_items,,"Cyclovac HEPA Large 10.25"" x 22.5"" Bag","Cyclovac HEPA Large 10.25"" x 22.5"" Bag",$33.99ea,,,False,
household_items,,"Eureka/ Sanitaire OEM Paper Bag Type ""SD""","Eureka/ Sanitaire OEM Paper Bag Type ""SD""",$26.99ea,,,False,
household_items,,"Hoover Top Fill Paper Bag Type ""A"" & ""B""","Hoover Top Fill Paper Bag Type ""A"" & ""B""",$6.99ea,,,False,
household_items,,Ghibli/Johnny Vac AS6/JV6 HEPA Bags-5 Pk,Ghibli/Johnny Vac AS6/JV6 HEPA Bags-5 Pk,$24.49ea,,,False,
household_items,,"Kenmore/ Panasonic Paper Bag Type ""U12"" ""U"" ""U10"" w/ Rubber Seal","Kenmore/ Panasonic Paper Bag Type ""U12"" ""U"" ""U10"" w/ Rubber Seal",$14.99ea,,,False,
household_items,Swiffer,"Wet Mopping Pad Multi Surface Refills, Lavender & Vanilla Comfort","SwifferWet Mopping Pad Multi Surface Refills, Lavender & Vanilla Comfort12 ea",$9.99ea,,$0.83/ 1ea,False,
household_items,,"Riccar Simplicity OEM HEPA Bag Type ""W""","Riccar Simplicity OEM HEPA Bag Type ""W""",$34.99ea,,,False,
household_items,,Eureka/ Electrolux 3M Paper Bag,Eureka/ Electrolux 3M Paper Bag,$8.99ea,,,False,
household_items,,"Bosch Canister Paper Bag Type ""G""","Bosch Canister Paper Bag Type ""G""",$20.99ea,,,False,
household_items,,"Simplicity/ Riccar OEM Paper Bag Type ""R""","Simplicity/ Riccar OEM Paper Bag Type ""R""",$26.99ea,,,False,
household_items,,"Eureka 3M Paper Bag Type ""Y""","Eureka 3M Paper Bag Type ""Y""",$9.99ea,,,False,
household_items,,"Eureka Bag 3M Filtrete Bag ""AS""","Eureka Bag 3M Filtrete Bag ""AS""",$10.99ea,,,False,
household_items,,President's Choice Egyptian Cotton Washcloth Luxuriously Soft & Highly Absorbent Blue,President's Choice Egyptian Cotton Washcloth Luxuriously Soft & Highly Absorbent Blue,$12.99ea,,,False,
household_items,,President's Choice Egyptian Cotton Washcloth Luxuriously Soft & Highly Absorbent Lavender,President's Choice Egyptian Cotton Washcloth Luxuriously Soft & Highly Absorbent Lavender,$12.99ea,,,False,
household_items,,JCB LED GU10 Bulb (Cool White),JCB LED GU10 Bulb (Cool White),$6.89ea,,,False,
household_items,,Lyveco GU10 3W 2700K LED Spot Light (Warm White),Lyveco GU10 3W 2700K LED Spot Light (Warm White),$6.14ea,,,False,
household_items,,Wooden Mallet 4 Pocket Glove and Tissue Box Holder in Mahogany,Wooden Mallet 4 Pocket Glove and Tissue Box Holder in Mahogany,$136.16ea,,,False,
household_items,,"Riccar/ Simplicity OEM HEPA Bag Type ""H""","Riccar/ Simplicity OEM HEPA Bag Type ""H""",$34.99ea,,,False,
household_items,,Shop-Vac 5-10 US Gallon Tear Resistant Wet/Dry Filter Bags,Shop-Vac 5-10 US Gallon Tear Resistant Wet/Dry Filter Bags,$49.99ea,,,False,
household_items,Dawn," Dishwashing Liquid Dish Soap, Lemon Scent","Dawn Dishwashing Liquid Dish Soap, Lemon Scent982 ml",$5.99ea,,$0.61/ 100ml,False,
household_items,Febreze,"Car Odor-Eliminating Air Freshener Vent Clip, Hawaiian Aloha, 1 count","FebrezeCar Odor-Eliminating Air Freshener Vent Clip, Hawaiian Aloha, 1 count2 ml",$4.79ea,$3.99ea,$199.50/ 100ml,True,saleEnds 03/01
household_items,No Name,Antibacterial Cellulose Sponges,No NameAntibacterial Cellulose Sponges4 ea,$3.79ea,,$0.95/ 1ea,False,
household_items,,Battery Powered Ultra Bright 80 LED 400 Lumens Motion Sensor Ceiling Light Natural,Battery Powered Ultra Bright 80 LED 400 Lumens Motion Sensor Ceiling Light Natural,$35.99ea,,,False,
household_items,The Unscented Company,Dish Tabs,The Unscented CompanyDish Tabs30 ea,$12.99ea,,$0.43/ 1ea,False,
household_items,,Pure Air Odor Control Water Mist Spray Fresh Linen & Lilac 346 ml (Pack of 3),Pure Air Odor Control Water Mist Spray Fresh Linen & Lilac 346 ml (Pack of 3),$18.97ea,,,False,
household_items,,"Hiflex Microfiber Cloth For Cleaning & Polishing Fine Surfaces - 10"" X 12""","Hiflex Microfiber Cloth For Cleaning & Polishing Fine Surfaces - 10"" X 12""",$4.00ea,,,False,
household_items,Glad,Black Garbage Bags - Giant 184 Litres,GladBlack Garbage Bags - Giant 184 Litres40 ea,$23.99ea,,$0.60/ 1ea,False,
household_items,,Sprayway Glass Cleaner 20oz,Sprayway Glass Cleaner 20oz,$12.99ea,,,False,
household_items,Eco-Max,Sport Detergent-Hypo     ,Eco-MaxSport Detergent-Hypo     1.89 l,$15.99ea,$12.99ea,$0.69/ 100ml,True,saleEnds 03/15
household_items,,Lindhaus LS50 Hybrid Commercial Upright Vacuum Cleaner,Lindhaus LS50 Hybrid Commercial Upright Vacuum Cleaner,"$5,439.99ea",,,False,
household_items,,Hemp All Purpose/Dish Cloth,Hemp All Purpose/Dish Cloth,$6.99ea,,,False,
household_items,Tomcat,Mouse Traps,TomcatMouse Traps2 ea,$2.49ea,,$1.25/ 1ea,False,
household_items,President's Choice,Alkaline Batteries AA16,President's ChoiceAlkaline Batteries AA1616x1.0 ea,$16.99ea,,$1.06/ 1ea,False,
household_items,Summit,"SeptoBac, Septic Tank Treatment","SummitSeptoBac, Septic Tank Treatment227 g",$5.99ea,,$2.64/ 100g,False,
household_items,,Miele fragrance flacon 12.5 ml For 50 dryer cycles for a fresh fragrance that lasts up to four weeks (Nature 1 Pack),Miele fragrance flacon 12.5 ml For 50 dryer cycles for a fresh fragrance that lasts up to four weeks (Nature 1 Pack),$23.99ea,,,False,
household_items,,Hertel Bathroom Disinfectant Spray Cleaner With Bleach 700ML - Pack of 3,Hertel Bathroom Disinfectant Spray Cleaner With Bleach 700ML - Pack of 3,$26.97ea,,,False,
household_items,Mr. Clean,Liquid Lavender Wash,Mr. CleanLiquid Lavender Wash1.33 l,$4.79ea,$3.99ea,$0.30/ 100ml,True,saleEnds 03/01
household_items,,Miele Boost CX1 Parquet Compact Bagless Canister,Miele Boost CX1 Parquet Compact Bagless Canister,$799.99ea,,,False,
household_items,Febreze,Air Ocean,FebrezeAir Ocean250 g,$5.79ea,,$2.32/ 100g,False,
household_items,Oxi Clean,Odor Blasters,Oxi CleanOdor Blasters1.36 kg,$13.99ea,,$1.09/ 100g,False,
household_items,Persil,Proclean Discs Concentrated Detergent + Oxi Power,PersilProclean Discs Concentrated Detergent + Oxi Power59 ea,$30.99ea,,$0.53/ 1ea,False,
household_items,Febreze,"Air, Linen & Sky","FebrezeAir, Linen & Sky500 g",$9.49ea,,$1.90/ 100g,False,
household_items,,Esteam GP 2000 1 Gallon-Case of 4,Esteam GP 2000 1 Gallon-Case of 4,$149.99ea,,,False,
household_items,Microban,Disinfectant Spray Sanitizing Lavender,MicrobanDisinfectant Spray Sanitizing Lavender354 g,$6.99ea,,$1.97/ 100g,False,
household_items,Nature Clean,Dishwashing Liquid,Nature CleanDishwashing Liquid740 ml,$4.49ea,,$0.61/ 100ml,False,
household_items,,Johnny Vac JV403HD 22.5Gal Commercial Wet/Dry Vacuum With Electrical Outlet for Powerhead,Johnny Vac JV403HD 22.5Gal Commercial Wet/Dry Vacuum With Electrical Outlet for Powerhead,$948.99ea,,,False,
household_items,,"Hoover OEM Allergen Bag Type ""S""","Hoover OEM Allergen Bag Type ""S""",$17.99ea,,,False,
household_items,,Casabella Waterblock Premium Pink Gloves - Large,Casabella Waterblock Premium Pink Gloves - Large,$14.00ea,,,False,
household_items,,Nellie's WOW Stick,Nellie's WOW Stick,$14.00ea,,,False,
household_items,Kleenex,"Soothing Lotion Facial Tissues with Coconut Oil, Aloe & Vitamin E, 3 Flat Boxes, 3-Ply, 120 Tissues Per Box (360 Total Tissues)","KleenexSoothing Lotion Facial Tissues with Coconut Oil, Aloe & Vitamin E, 3 Flat Boxes, 3-Ply, 120 Tissues Per Box (360 Total Tissues)360 ea",$9.99ea,,$0.03/ 1ea,False,
household_items,Febreze,"Odor-Eliminating Fade Defy Plug Air Freshener Refill, Mediterranean Lavender, (3) Oil Refills","FebrezeOdor-Eliminating Fade Defy Plug Air Freshener Refill, Mediterranean Lavender, (3) Oil Refills77.7 ml",$15.99ea,,$20.77/ 100ml,False,
household_items,Swiffer,"Wet Mopping Pad Multi Surface Refills, Lavender & Vanilla Comfort","SwifferWet Mopping Pad Multi Surface Refills, Lavender & Vanilla Comfort12 ea",$9.99ea,,$0.83/ 1ea,False,
household_items,,Karcher HEPA Bags #69043050,Karcher HEPA Bags #69043050,$65.99ea,,,False,
household_items,,Euroclean/ Nilfisk Premium Replacement Commercial Vacuum Bag - GD930,Euroclean/ Nilfisk Premium Replacement Commercial Vacuum Bag - GD930,$29.99ea,,,False,
household_items,,"Riccar Simplicity OEM HEPA Bag Type ""W""","Riccar Simplicity OEM HEPA Bag Type ""W""",$34.99ea,,,False,
household_items,,Eureka/ Electrolux 3M Paper Bag,Eureka/ Electrolux 3M Paper Bag,$8.99ea,,,False,
household_items,,"Bosch Canister Paper Bag Type ""G""","Bosch Canister Paper Bag Type ""G""",$20.99ea,,,False,
household_items,,"Eureka 3M Paper Bag Type ""Y""","Eureka 3M Paper Bag Type ""Y""",$9.99ea,,,False,
household_items,,"Eureka Bag 3M Filtrete Bag ""AS""","Eureka Bag 3M Filtrete Bag ""AS""",$10.99ea,,,False,
household_items,,"Shop-Vac OEM Paper Bag Type ""G""","Shop-Vac OEM Paper Bag Type ""G""",$49.99ea,,,False,
household_items,,Costway 1100 W Electric Steam Mop Floor Steam Cleaner w/ Water Tank for Hardwood Carpet,Costway 1100 W Electric Steam Mop Floor Steam Cleaner w/ Water Tank for Hardwood Carpet,$99.99ea,,,False,
household_items,,"Hoover OEM Paper Bag Bottom Fill Type ""C""","Hoover OEM Paper Bag Bottom Fill Type ""C""",$20.99ea,,,False,
household_items,,"Simplicity/ Riccar OEM HEPA Bag Type ""A""","Simplicity/ Riccar OEM HEPA Bag Type ""A""",$32.99ea,,,False,
household_items,,AirStream AS200 Canister HEPA Bags,AirStream AS200 Canister HEPA Bags,$18.99ea,,,False,
household_items,,Shark Plus Replacement Vacuum Bags,Shark Plus Replacement Vacuum Bags,$48.99ea,,,False,
household_items,,"Royal OEM Paper Bag Type ""Y""","Royal OEM Paper Bag Type ""Y""",$32.99ea,,,False,
household_items,,"Kenmore Paper Bag Type ""U"" ""O""","Kenmore Paper Bag Type ""U"" ""O""",$9.99ea,,,False,
household_items,,"Eureka 3M Filtrete Bag ""RR""","Eureka 3M Filtrete Bag ""RR""",$9.99ea,,,False,
household_items,,Electrolux Paper C Bag 4 PK,Electrolux Paper C Bag 4 PK,$9.99ea,,,False,
household_items,Ziploc,"Large Food Storage Freezer Bags, Grip 'n Seal Technology","ZiplocLarge Food Storage Freezer Bags, Grip 'n Seal Technology14 ea",$5.49ea,$4.99ea,$0.36/ 1ea,True,saleEnds 03/01
household_items,Resolve,"Stain Remover, In-Wash Powder, All Colours","ResolveStain Remover, In-Wash Powder, All Colours1.35 kg",$14.99ea,,$1.11/ 100g,False,
household_items,,Numatic Charles CVC370 Hi-Power Wet and/or Dry Canister Vacuum Cleaner with Professional A21A Accessory Tool Kit (Color Blue),Numatic Charles CVC370 Hi-Power Wet and/or Dry Canister Vacuum Cleaner with Professional A21A Accessory Tool Kit (Color Blue),$649.00ea,,,False,
household_items,No Name,Antibacterial Cellulose Sponges,No NameAntibacterial Cellulose Sponges4 ea,$3.79ea,,$0.95/ 1ea,False,
household_items,Tide,"Liquid Laundry Detergent, Original,","TideLiquid Laundry Detergent, Original,1.09 l",$10.49ea,,$0.96/ 100ml,False,
household_items,Alcan,Aluminum Foil 50 feet,AlcanAluminum Foil 50 feet1 ea,$5.79ea,$4.99ea,$4.99/ 1ea,True,saleEnds 03/01
household_items,Purell,Wipes Flowpack Can    ,PurellWipes Flowpack Can    10 ea,$1.99ea,,$0.20/ 1ea,False,
household_items,Tide,"Liquid Laundry Detergent with a Touch of Downy, April Fresh, 100 Loads","TideLiquid Laundry Detergent with a Touch of Downy, April Fresh, 100 Loads4.55 l",$22.99ea,,$0.51/ 100ml,False,
household_items,Tide,Scent Free,TideScent Free2.04 l,$12.99ea,,$0.64/ 100ml,False,
household_items,,Miele DGClean 250 ml for steam combination ovens,Miele DGClean 250 ml for steam combination ovens,$18.99ea,,,False,
household_items,Gain,3 in 1 Detergent,Gain3 in 1 Detergent81 ea,$22.99ea,,$0.28/ 1ea,False,
household_items,Ivory Snow,"Snow Stage 1: Newborn Liquid Laundry Detergent, 74 loads","Ivory SnowSnow Stage 1: Newborn Liquid Laundry Detergent, 74 loads3.4 l",$22.99ea,,$0.68/ 100ml,False,
household_items,Ziploc,"Medium Food Storage Freezer Slider Bags, Power Seal Technology ","ZiplocMedium Food Storage Freezer Slider Bags, Power Seal Technology 15 ea",$5.49ea,$4.99ea,$0.33/ 1ea,True,saleEnds 03/01
household_items,Ziploc,"Medium Food Storage Bags, Grip 'n Seal Technology","ZiplocMedium Food Storage Bags, Grip 'n Seal Technology28 ea",$5.49ea,$4.99ea,$0.18/ 1ea,True,saleEnds 03/01
household_items,Persil,Detergent Original,PersilDetergent Original2.21 l,$16.99ea,$12.99ea,$0.59/ 100ml,True,saleEnds 03/01
household_items,Lysol,"Disinfectant Spray, Crisp Linen","LysolDisinfectant Spray, Crisp Linen350 g",$6.49ea,,$1.85/ 100g,False,
household_items,Tide,Liquid Detergent,TideLiquid Detergent2.04 l,$12.99ea,,$0.64/ 100ml,False,
household_items,Ziploc,"Large Food Storage Bags, Grip 'n Seal Technology","ZiplocLarge Food Storage Bags, Grip 'n Seal Technology19 ea",$5.49ea,$4.99ea,$0.26/ 1ea,True,saleEnds 03/01
household_items,No Name,Parchment Paper,No NameParchment Paper10 ea,$3.99ea,,$0.40/ 1ea,False,
household_items,Sunlight,"Free & Clear Laundry Detergent, 100 loads","SunlightFree & Clear Laundry Detergent, 100 loads4 l",$19.99ea,$15.99ea,$0.40/ 100ml,True,saleEnds 03/01
household_items,Ziploc,Compostable Food Storage Sandwich Bag,ZiplocCompostable Food Storage Sandwich Bag20 ea,$6.99ea,,$0.35/ 1ea,False,
household_items,,Hoover Deep Clean & Refresh Carpet Cleaning Formula,Hoover Deep Clean & Refresh Carpet Cleaning Formula,$64.99ea,,,False,
household_items,Tide,"plus Downy, Liquid Laundry Detergent, April Fresh, 2.04 l, 44 Loads","Tideplus Downy, Liquid Laundry Detergent, April Fresh, 2.04 l, 44 Loads2.04 l",$12.99ea,,$0.64/ 100ml,False,
household_items,Bounce,"Free & Gentle Fabric Softener Dryer Sheets, 80 count","BounceFree & Gentle Fabric Softener Dryer Sheets, 80 count80 sheets",$6.79ea,$4.99ea,$0.06/ 1ea,True,saleEnds 03/01
household_items,,Hoover Power Scrub Deluxe Carpet Cleaner,Hoover Power Scrub Deluxe Carpet Cleaner,$269.99ea,,,False,
household_items,,Esteam Professional Spotting Kit,Esteam Professional Spotting Kit,$313.95ea,,,False,
household_items,Lysol,"Bathroom Cleaner Spray, Summer Fresh","LysolBathroom Cleaner Spray, Summer Fresh950 ml",$4.99ea,,$0.53/ 100ml,False,
household_items,,Xtricity - Energy Saving LED Bulb Dimmable 8W R7S Base 5000K Daylight,Xtricity - Energy Saving LED Bulb Dimmable 8W R7S Base 5000K Daylight,$26.97ea,,,False,
household_items,,Delon+ Hydrogen Peroxide 3% USP Solution H2O2 Skin Disinfectant - 2 bottles,Delon+ Hydrogen Peroxide 3% USP Solution H2O2 Skin Disinfectant - 2 bottles,$30.99ea,,,False,
household_items,Tide,Pods Plus Downy Free Laundry Detergent Pacs,TidePods Plus Downy Free Laundry Detergent Pacs23 ea,$12.99ea,,$0.56/ 1ea,False,
household_items,Bounty,"Select-A-Size Paper Towels, White, 2 Double Plus Rolls = 5 Regular Rolls, 2 Count","BountySelect-A-Size Paper Towels, White, 2 Double Plus Rolls = 5 Regular Rolls, 2 Count2 ea",$11.99ea,,$6.00/ 1ea,False,
household_items,Febreze,"Plug Air Freshener Scented Oil Refill, Mediterraenan Lavender, 2 count","FebrezePlug Air Freshener Scented Oil Refill, Mediterraenan Lavender, 2 count52 ml",$13.99ea,,$26.90/ 100ml,False,
household_items,Microban,Disinfectant Spray Sanitizing Lavender,MicrobanDisinfectant Spray Sanitizing Lavender354 g,$6.99ea,,$1.97/ 100g,False,
household_items,,Ultra Clean Central Vacuum Accessories Kit with Low-Voltage Hose ON/Off Control at The Handle Floor Brush and Accessories for Hard Surfaces (30 Ft),Ultra Clean Central Vacuum Accessories Kit with Low-Voltage Hose ON/Off Control at The Handle Floor Brush and Accessories for Hard Surfaces (30 Ft),$149.99ea,,,False,
household_items,Nature Clean,Dishwashing Liquid,Nature CleanDishwashing Liquid740 ml,$4.49ea,,$0.61/ 100ml,False,
household_items,,Johnny Vac JV403HD 22.5Gal Commercial Wet/Dry Vacuum With Electrical Outlet for Powerhead,Johnny Vac JV403HD 22.5Gal Commercial Wet/Dry Vacuum With Electrical Outlet for Powerhead,$948.99ea,,,False,
household_items,,"Hoover OEM Allergen Bag Type ""S""","Hoover OEM Allergen Bag Type ""S""",$17.99ea,,,False,
household_items,,Casabella Waterblock Premium Pink Gloves - Large,Casabella Waterblock Premium Pink Gloves - Large,$14.00ea,,,False,
household_items,,Nellie's WOW Stick,Nellie's WOW Stick,$14.00ea,,,False,
household_items,Kleenex,"Soothing Lotion Facial Tissues with Coconut Oil, Aloe & Vitamin E, 3 Flat Boxes, 3-Ply, 120 Tissues Per Box (360 Total Tissues)","KleenexSoothing Lotion Facial Tissues with Coconut Oil, Aloe & Vitamin E, 3 Flat Boxes, 3-Ply, 120 Tissues Per Box (360 Total Tissues)360 ea",$9.99ea,,$0.03/ 1ea,False,
household_items,Febreze,"Odor-Eliminating Fade Defy Plug Air Freshener Refill, Mediterranean Lavender, (3) Oil Refills","FebrezeOdor-Eliminating Fade Defy Plug Air Freshener Refill, Mediterranean Lavender, (3) Oil Refills77.7 ml",$15.99ea,,$20.77/ 100ml,False,
household_items,Vileda,Dustpan Set,ViledaDustpan Set1 ea,$8.49ea,,$8.49/ 1ea,False,
household_items,,"Garbage Bags Strong Kitchen Trash Bag 20 x 22"" Clear 40Pcs/Pack 25L/6.6Gal","Garbage Bags Strong Kitchen Trash Bag 20 x 22"" Clear 40Pcs/Pack 25L/6.6Gal",$7.99ea,,,False,
household_items,Air Wick,Essential Oils Scented Oil Apple Blossom & Cotton,Air WickEssential Oils Scented Oil Apple Blossom & Cotton1 ea,$8.99ea,,$8.99/ 1ea,False,
household_items,,Esteam Vanish Fusion Oxidizing Spotter Litre 1 Gallon-Case of 4,Esteam Vanish Fusion Oxidizing Spotter Litre 1 Gallon-Case of 4,$175.99ea,,,False,
household_items,,Safco 36 Gallon Plastic Liner,Safco 36 Gallon Plastic Liner,$250.65ea,,,False,
household_items,,Curver Rope Handled Tuff Tub Bucket,Curver Rope Handled Tuff Tub Bucket,$63.95ea,,,False,
household_items,,Johnny Vac JV5/AS5 HEPA Bags-5Pk,Johnny Vac JV5/AS5 HEPA Bags-5Pk,$23.99ea,,,False,
household_items,,"Oreck Upright Paper Bag Type ""C""","Oreck Upright Paper Bag Type ""C""",$17.99ea,,,False,
household_items,,"Kenmore HEPA Bag Type ""U"" ""Z""","Kenmore HEPA Bag Type ""U"" ""Z""",$14.99ea,,,False,
household_items,,Shop-Vac 15-22 US Gallon 3 Pack Filter Bags Type G,Shop-Vac 15-22 US Gallon 3 Pack Filter Bags Type G,$29.99ea,,,False,
household_items,,VacuMaid Plastic Bags For 14 Inch Dirt Cans - 4pk,VacuMaid Plastic Bags For 14 Inch Dirt Cans - 4pk,$17.99ea,,,False,
household_items,,Panasonic MC3900 MCCG301 Canister & Kenmore 50570 (Pack of 5),Panasonic MC3900 MCCG301 Canister & Kenmore 50570 (Pack of 5),$19.99ea,,,False,
household_items,,"Royal Dirt Devil OEM Hepa Bag Type ""AC""","Royal Dirt Devil OEM Hepa Bag Type ""AC""",$17.99ea,,,False,
household_items,,Kirby OEM Zipper Cloth Bag,Kirby OEM Zipper Cloth Bag,$139.99ea,,,False,
household_items,,Numatic OEM Henry HEPA Bag - 10 Pack,Numatic OEM Henry HEPA Bag - 10 Pack,$64.99ea,,,False,
household_items,,Shop-Vac Microfiltration Cloth Bags 5-8 Gallons-3pk,Shop-Vac Microfiltration Cloth Bags 5-8 Gallons-3pk,$24.99ea,,,False,
household_items,,Simplicity/ Maytag OEM HEPA Bag,Simplicity/ Maytag OEM HEPA Bag,$44.99ea,,,False,
household_items,,Karcher WD4 Wet/Dry Vacuum #13481150,Karcher WD4 Wet/Dry Vacuum #13481150,$229.99ea,,,False,
household_items,,"Eureka Paper Bag Type ""U""","Eureka Paper Bag Type ""U""",$6.99ea,,,False,
household_items,,"Bissell 3M Filtrete Bag ""ZING""","Bissell 3M Filtrete Bag ""ZING""",$10.99ea,,,False,
household_items,,"Cyclovac HEPA Large 10.25"" x 22.5"" Bag","Cyclovac HEPA Large 10.25"" x 22.5"" Bag",$33.99ea,,,False,
household_items,,"Eureka/ Sanitaire OEM Paper Bag Type ""SD""","Eureka/ Sanitaire OEM Paper Bag Type ""SD""",$26.99ea,,,False,
household_items,,"Hoover Top Fill Paper Bag Type ""A"" & ""B""","Hoover Top Fill Paper Bag Type ""A"" & ""B""",$6.99ea,,,False,
household_items,,Ghibli/Johnny Vac AS6/JV6 HEPA Bags-5 Pk,Ghibli/Johnny Vac AS6/JV6 HEPA Bags-5 Pk,$24.49ea,,,False,
household_items,,"Kenmore/ Panasonic Paper Bag Type ""U12"" ""U"" ""U10"" w/ Rubber Seal","Kenmore/ Panasonic Paper Bag Type ""U12"" ""U"" ""U10"" w/ Rubber Seal",$14.99ea,,,False,
household_items,No Name,Square Cake Pans,No NameSquare Cake Pans3x1.0 ea,$5.99ea,,$2.00/ 1ea,False,
household_items,Gain,Aroma Boost Detergent Original,GainAroma Boost Detergent Original1.36 l,$9.29ea,$4.99ea,$0.37/ 100ml,True,saleEnds 03/01
household_items,,"Riccar/ Simplicity OEM HEPA Bag Type ""H""","Riccar/ Simplicity OEM HEPA Bag Type ""H""",$34.99ea,,,False,
household_items,,Shop-Vac 5-10 US Gallon Tear Resistant Wet/Dry Filter Bags,Shop-Vac 5-10 US Gallon Tear Resistant Wet/Dry Filter Bags,$49.99ea,,,False,
household_items,,SwitchBot LED Color Bulb E26 | Color Changing Dimmable WiFi & Bluetooth Bulb Works with Alexa&Google 10W 800lms Equals 60W Bulb 2.4GHz Only No Hub Required,SwitchBot LED Color Bulb E26 | Color Changing Dimmable WiFi & Bluetooth Bulb Works with Alexa&Google 10W 800lms Equals 60W Bulb 2.4GHz Only No Hub Required,$21.99ea,,,False,
household_items,,Air Wick 85595 Freshmatic Ultra Spray Refill Lavender Chamomile Aerosol 6.17oz 2/Pk 3 Pk/Ct,Air Wick 85595 Freshmatic Ultra Spray Refill Lavender Chamomile Aerosol 6.17oz 2/Pk 3 Pk/Ct,$74.99ea,,,False,
household_items,,Pure Air Odor Control Gel Air Freshener Apple Cinnamon 369g - Pack of 2,Pure Air Odor Control Gel Air Freshener Apple Cinnamon 369g - Pack of 2,$29.65ea,,,False,
household_items,,Easy-Off Oven Cleaner Trigger 475ml - Pack of 2,Easy-Off Oven Cleaner Trigger 475ml - Pack of 2,$26.95ea,,,False,
household_items,,MATCC Snow Foam Cannon Adjustable Pressure Washer Foam 1L Bottle,MATCC Snow Foam Cannon Adjustable Pressure Washer Foam 1L Bottle,$29.99ea,,,False,
household_items,,Dish Brush With Soap Dispenser 2-in-1 Kitchen Brush For Pot Pan Dishes Sink Cleaning (Green),Dish Brush With Soap Dispenser 2-in-1 Kitchen Brush For Pot Pan Dishes Sink Cleaning (Green),$19.99ea,,,False,
household_items,,Costway Multifunction Portable Steamer Household Steam Cleaner 1050W W/Attachments Red,Costway Multifunction Portable Steamer Household Steam Cleaner 1050W W/Attachments Red,$89.99ea,,,False,
household_items,Woolite,Everyday Laundry Detergent Sparkling Falls Scent,WooliteEveryday Laundry Detergent Sparkling Falls Scent2.96 l,$22.99ea,,$0.78/ 100ml,False,
household_items,Fleecy,"Liquid Fabric Softener, Aroma Therapy Calm","FleecyLiquid Fabric Softener, Aroma Therapy Calm1.36 l",$5.99ea,,$0.44/ 100ml,False,
household_items,,Esteam Professional Spotting Kit,Esteam Professional Spotting Kit,$313.95ea,,,False,
household_items,Lysol,"Bathroom Cleaner Spray, Summer Fresh","LysolBathroom Cleaner Spray, Summer Fresh950 ml",$4.99ea,,$0.53/ 100ml,False,
household_items,Nature Clean,Dishwashing Liquid,Nature CleanDishwashing Liquid740 ml,$4.49ea,,$0.61/ 100ml,False,
household_items,,Johnny Vac JV403HD 22.5Gal Commercial Wet/Dry Vacuum With Electrical Outlet for Powerhead,Johnny Vac JV403HD 22.5Gal Commercial Wet/Dry Vacuum With Electrical Outlet for Powerhead,$948.99ea,,,False,
household_items,,"Hoover OEM Allergen Bag Type ""S""","Hoover OEM Allergen Bag Type ""S""",$17.99ea,,,False,
household_items,,Casabella Waterblock Premium Pink Gloves - Large,Casabella Waterblock Premium Pink Gloves - Large,$14.00ea,,,False,
household_items,,Nellie's WOW Stick,Nellie's WOW Stick,$14.00ea,,,False,
household_items,Kleenex,"Soothing Lotion Facial Tissues with Coconut Oil, Aloe & Vitamin E, 3 Flat Boxes, 3-Ply, 120 Tissues Per Box (360 Total Tissues)","KleenexSoothing Lotion Facial Tissues with Coconut Oil, Aloe & Vitamin E, 3 Flat Boxes, 3-Ply, 120 Tissues Per Box (360 Total Tissues)360 ea",$9.99ea,,$0.03/ 1ea,False,
household_items,Swiffer,"Wet Mopping Pad Multi Surface Refills, Lavender & Vanilla Comfort","SwifferWet Mopping Pad Multi Surface Refills, Lavender & Vanilla Comfort12 ea",$9.99ea,,$0.83/ 1ea,False,
household_items,,Wooden Mallet 4 Pocket Glove and Tissue Box Holder in Mahogany,Wooden Mallet 4 Pocket Glove and Tissue Box Holder in Mahogany,$136.16ea,,,False,
household_items,,PC Organics Organic Cotton Face Towel Taupe,PC Organics Organic Cotton Face Towel Taupe,$8.99ea,,,False,
household_items,,Costway Steam Mop Electric Cleaner Steamer w/ LED Headlights for Hardwood Floor Cleaning,Costway Steam Mop Electric Cleaner Steamer w/ LED Headlights for Hardwood Floor Cleaning,$229.99ea,,,False,
household_items,,Eveready LED GU10 Bulb (Warm White),Eveready LED GU10 Bulb (Warm White),$5.78ea,,,False,
household_items,,PC Organics Organic Cotton Face Towel White,PC Organics Organic Cotton Face Towel White,$8.99ea,,,False,
household_items,,President's Choice Egyptian Cotton Washcloth Luxuriously Soft & Highly Absorbent Lavender,President's Choice Egyptian Cotton Washcloth Luxuriously Soft & Highly Absorbent Lavender,$12.99ea,,,False,
household_items,,JCB LED GU10 Bulb (Cool White),JCB LED GU10 Bulb (Cool White),$6.89ea,,,False,
household_items,,Lyveco GU10 3W 2700K LED Spot Light (Warm White),Lyveco GU10 3W 2700K LED Spot Light (Warm White),$6.14ea,,,False,
household_items,,Johnny Vac JV125 & JV202 Paper Bags-5Pk,Johnny Vac JV125 & JV202 Paper Bags-5Pk,$21.99ea,,,False,
household_items,,"Oreck Upright Paper Bag Type ""C""","Oreck Upright Paper Bag Type ""C""",$17.99ea,,,False,
household_items,,General Electric Dump Cloth Bag Low Profile,General Electric Dump Cloth Bag Low Profile,$52.99ea,,,False,
household_items,,Microfilter Bag for Commercial Canister Vacuum Perfect C105 - Pack of 9 Bags,Microfilter Bag for Commercial Canister Vacuum Perfect C105 - Pack of 9 Bags,$39.99ea,,,False,
household_items,,"Hoover OEM HEPA Bag With Carbon Type ""Y""","Hoover OEM HEPA Bag With Carbon Type ""Y""",$22.99ea,,,False,
household_items,,"Royal OEM Paper Bag Type ""B""","Royal OEM Paper Bag Type ""B""",$10.99ea,,,False,
household_items,,"Eureka Paper Bag Microlined Style ""UB"" for Canister","Eureka Paper Bag Microlined Style ""UB"" for Canister",$9.99ea,,,False,
household_items,,Clarke/ Nilfisk/ Numatic Nacecare Paper Bag,Clarke/ Nilfisk/ Numatic Nacecare Paper Bag,$37.99ea,,,False,
household_items,,Dirt Devil Power Max Rewind Pet,Dirt Devil Power Max Rewind Pet,$199.99ea,,,False,
household_items,No Name,Square Cake Pans,No NameSquare Cake Pans3x1.0 ea,$5.99ea,,$2.00/ 1ea,False,
household_items,Gain,Aroma Boost Detergent Original,GainAroma Boost Detergent Original1.36 l,$9.29ea,$4.99ea,$0.37/ 100ml,True,saleEnds 03/01
household_items,Cascade,"Complete ActionPacs, Dishwasher Detergent, Fresh Scent, 72 count","CascadeComplete ActionPacs, Dishwasher Detergent, Fresh Scent, 72 count72 ea",$26.99ea,,$0.37/ 1ea,False,
household_items,Tide,"Free & Gentle Liquid Laundry Detergent, 107 loads","TideFree & Gentle Liquid Laundry Detergent, 107 loads4.55 l",$22.99ea,,$0.51/ 100ml,False,
household_items,Tide,"Ultra OXI Power Pods with Odor Eliminators Laundry Detergent Pacs, 18 Count, For Visible and Invisible Dirt","TideUltra OXI Power Pods with Odor Eliminators Laundry Detergent Pacs, 18 Count, For Visible and Invisible Dirt18 ea",$11.99ea,,$0.67/ 1ea,False,
household_items,,Karcher Paper Bags for T Series #69043330,Karcher Paper Bags for T Series #69043330,$42.99ea,,,False,
household_items,Woolite,Everyday Laundry Detergent Sparkling Falls Scent,WooliteEveryday Laundry Detergent Sparkling Falls Scent2.96 l,$22.99ea,,$0.78/ 100ml,False,
household_items,Fleecy,"Liquid Fabric Softener, Aroma Therapy Calm","FleecyLiquid Fabric Softener, Aroma Therapy Calm1.36 l",$5.99ea,,$0.44/ 100ml,False,
household_items,,Hoover Windtunnel Complete Capacity Upright Vacuum,Hoover Windtunnel Complete Capacity Upright Vacuum,$199.99ea,,,False,
household_items,Febreze,Antibacterial Fabric Refresher,FebrezeAntibacterial Fabric Refresher800 ml,$7.99ea,,$1.00/ 100ml,False,
household_items,No Name,"Baking Cups, Giant White","No NameBaking Cups, Giant White1 ea",$2.49ea,,$0.05/ 1ea,False,
household_items,,Hoover SmartWash PET Complete Automatic Carpet Cleaner,Hoover SmartWash PET Complete Automatic Carpet Cleaner,$449.99ea,,,False,
household_items,President's Choice,2-Ply Dinner Napkins,President's Choice2-Ply Dinner Napkins180 sheets,$9.49ea,,,False,
household_items,,JCB LED A60 470lm Opal 6w Light Bulb E27 2700k,JCB LED A60 470lm Opal 6w Light Bulb E27 2700k,$7.55ea,,,False,
household_items,Lysol,Laundry Disinfectant,LysolLaundry Disinfectant2.7 l,$17.99ea,,$0.67/ 100ml,False,
household_items,Tide,"Coldwater Clean Fresh Scent He Turbo Clean Liquid Laundry Detergent,","TideColdwater Clean Fresh Scent He Turbo Clean Liquid Laundry Detergent,2.04 l",$14.99ea,$12.99ea,$0.64/ 100ml,True,saleEnds 03/08
household_items,Downy,"Infusions Liquid Fabric Softener, Sparkling Amber & Rose","DownyInfusions Liquid Fabric Softener, Sparkling Amber & Rose1.89 l",$12.99ea,,$0.69/ 100ml,False,
household_items,Resolve,"Stain Removal, Carpet Cleaner, Trigger","ResolveStain Removal, Carpet Cleaner, Trigger650 ml",$11.99ea,,$1.84/ 100ml,False,
household_items,,"Cascades PRO Roll Paper Towel 1 Ply 7.8"" x 350' Natural 12/Pack","Cascades PRO Roll Paper Towel 1 Ply 7.8"" x 350' Natural 12/Pack",$44.99ea,,,False,
household_items,,LIVINGbascis Mop and Bucket Set Self-Wash and Squeeze Dry Flat Mop & Bucket Kit,LIVINGbascis Mop and Bucket Set Self-Wash and Squeeze Dry Flat Mop & Bucket Kit,$46.99ea,,,False,
household_items,,MATCC Snow Foam Cannon Adjustable Pressure Washer Foam 1L Bottle,MATCC Snow Foam Cannon Adjustable Pressure Washer Foam 1L Bottle,$29.99ea,,,False,
household_items,,Dish Brush With Soap Dispenser 2-in-1 Kitchen Brush For Pot Pan Dishes Sink Cleaning (Green),Dish Brush With Soap Dispenser 2-in-1 Kitchen Brush For Pot Pan Dishes Sink Cleaning (Green),$19.99ea,,,False,
household_items,,Costway Multifunction Portable Steamer Household Steam Cleaner 1050W W/Attachments Red,Costway Multifunction Portable Steamer Household Steam Cleaner 1050W W/Attachments Red,$89.99ea,,,False,
household_items,Energizer,"Hearing Aid Batteries Size 10, Yellow Tab, 16 Pack","EnergizerHearing Aid Batteries Size 10, Yellow Tab, 16 Pack16 ea",$26.99ea,,$1.69/ 1ea,False,
household_items,Royale,"Tiger Strong Paper Towel, 6 Double Equal 12 Rolls, 98 Half Sheets per Roll","RoyaleTiger Strong Paper Towel, 6 Double Equal 12 Rolls, 98 Half Sheets per Roll6x98.0 ea",$24.99ea,,$0.04/ 1ea,False,
household_items,Energizer,Alkaline Batteries AAA10 Max,EnergizerAlkaline Batteries AAA10 Max10x1.0 ea,$18.99ea,,$1.90/ 1ea,False,
household_items,President's Choice,"Long Life Alkaline Batteries, Aa","President's ChoiceLong Life Alkaline Batteries, Aa12x1.0 ea",$14.99ea,$10.99ea,$0.92/ 1ea,True,saleEnds 03/01
household_items,Energizer,"Hearing Aid Batteries Size 13, Orange Tab, 8 Pack","EnergizerHearing Aid Batteries Size 13, Orange Tab, 8 Pack8 ea",$17.49ea,,$2.19/ 1ea,False,
household_items,Energizer,"377 Batteries (1 Pack), Silver Oxide Button Cell Batteries","Energizer377 Batteries (1 Pack), Silver Oxide Button Cell Batteries1 ea",$7.99ea,,$7.99/ 1ea,False,
household_items,Scrubbing Bubbles,"Mega Shower Foamer, Rainshower Scent","Scrubbing BubblesMega Shower Foamer, Rainshower Scent567 g",$6.49ea,,$1.14/ 100g,False,
household_items,,Miele Classic C1 Hard Floor Vacuum Cleaner,Miele Classic C1 Hard Floor Vacuum Cleaner,$549.99ea,,,False,
household_items,Gain,Liquid Laundry Detergent,GainLiquid Laundry Detergent4.55 l,$22.99ea,,$0.51/ 100ml,False,
household_items,Energizer,Alkaline Batteries Aaa2,EnergizerAlkaline Batteries Aaa22x1.0 ea,$6.99ea,,$3.50/ 1ea,False,
household_items,,Miele Boost Compact CX1 Bagless Canister,Miele Boost Compact CX1 Bagless Canister,$699.99ea,,,False,
household_items,Energizer,Basic Charger,EnergizerBasic Charger1 ea,$17.99ea,,$17.99/ 1ea,False,
household_items,Gain,"Liquid Laundry Detergent, Moonlight Breeze","GainLiquid Laundry Detergent, Moonlight Breeze4.55 l",$22.99ea,,$0.51/ 100ml,False,
household_items,Alaskan,"Ice Melt, 10Kg Bag","AlaskanIce Melt, 10Kg Bag1 ea",$14.49ea,$10.89ea,$10.89/ 1ea,True,saleEnds 03/01
household_items,Downy,"Light Laundry Scent Booster Beads For Washer, Ocean Mist,  With No Heavy Perfumes","DownyLight Laundry Scent Booster Beads For Washer, Ocean Mist,  With No Heavy Perfumes422 g",$12.99ea,,$3.08/ 100g,False,
household_items,Gain,"Liquid Laundry Detergent, Moonlight Breeze","GainLiquid Laundry Detergent, Moonlight Breeze4.55 l",$22.99ea,,$0.51/ 100ml,False,
household_items,Alaskan,"Ice Melt, 10Kg Bag","AlaskanIce Melt, 10Kg Bag1 ea",$14.49ea,$10.89ea,$10.89/ 1ea,True,saleEnds 03/01
household_items,Downy,"Light Laundry Scent Booster Beads For Washer, Ocean Mist,  With No Heavy Perfumes","DownyLight Laundry Scent Booster Beads For Washer, Ocean Mist,  With No Heavy Perfumes422 g",$12.99ea,,$3.08/ 100g,False,
household_items,,ULTRA CLEAN Deluxe Bare Floor and Carpet 30 Foot Hose and Accessories Central Vacuum Kit,ULTRA CLEAN Deluxe Bare Floor and Carpet 30 Foot Hose and Accessories Central Vacuum Kit,$199.99ea,,,False,
household_items,,"Ultra Clean SC200 Central Vacuum Package Tangential Bypass Motor up to 7,500 sq ft with Deluxe Hose and Accessories Combo Kit Ideal for Hardwood Bare Floor and Rug (30 Ft)","Ultra Clean SC200 Central Vacuum Package Tangential Bypass Motor up to 7,500 sq ft with Deluxe Hose and Accessories Combo Kit Ideal for Hardwood Bare Floor and Rug (30 Ft)",$679.99ea,,,False,
household_items,,Hill Brush Stiff General Purpose Brush (May Vary),Hill Brush Stiff General Purpose Brush (May Vary),$28.61ea,,,False,
household_items,,ULTRA CLEAN Universal Rug and Floor Combo Tool for Central Vacuum - Designed to fit All Brands Like Beam Electrolux Eureka Kenmore Nutone Husky Allegro Nilfisk Vacuflo and More (Grey),ULTRA CLEAN Universal Rug and Floor Combo Tool for Central Vacuum - Designed to fit All Brands Like Beam Electrolux Eureka Kenmore Nutone Husky Allegro Nilfisk Vacuflo and More (Grey),$29.99ea,,,False,
household_items,Windsor,Action Melt Blend,WindsorAction Melt Blend5.44 kg,$9.99ea,$6.69ea,$0.12/ 100g,True,saleEnds 03/01
household_items,,ULTRA CLEAN Central Vacuum Deluxe Plus Accessories Kit With Low-Voltage hose ON/OFF Control at the handle Air driven Carpet Beater floor brush and accessories for hard surfaces and carpets(50 Ft),ULTRA CLEAN Central Vacuum Deluxe Plus Accessories Kit With Low-Voltage hose ON/OFF Control at the handle Air driven Carpet Beater floor brush and accessories for hard surfaces and carpets(50 Ft),$174.98ea,,,False,
household_items,Royale,"Original 2-ply Facial Tissues, 12 Flat Boxes, 100 Tissues per Box","RoyaleOriginal 2-ply Facial Tissues, 12 Flat Boxes, 100 Tissues per Box100 sheets",$19.99ea,,$0.20/ 1ea,False,
household_items,,Hoover SmartWash PET Complete Automatic Carpet Cleaner,Hoover SmartWash PET Complete Automatic Carpet Cleaner,$449.99ea,,,False,
household_items,,Hoover Deep Clean & Refresh Carpet Cleaning Formula,Hoover Deep Clean & Refresh Carpet Cleaning Formula,$64.99ea,,,False,
household_items,,Dirt Devil Power Max Rewind Pet,Dirt Devil Power Max Rewind Pet,$199.99ea,,,False,
household_items,,Hoover Power Scrub Deluxe Carpet Cleaner,Hoover Power Scrub Deluxe Carpet Cleaner,$269.99ea,,,False,
household_items,,Hoover Windtunnel Complete Capacity Upright Vacuum,Hoover Windtunnel Complete Capacity Upright Vacuum,$199.99ea,,,False,
household_items,,Battery Powered Ultra Bright 80 LED 400 Lumens Motion Sensor Ceiling Light White,Battery Powered Ultra Bright 80 LED 400 Lumens Motion Sensor Ceiling Light White,$35.99ea,,,False,
household_items,Sunlight, Lemon Fresh Detergent,Sunlight Lemon Fresh Detergent4.2 l,$14.99ea,,$0.36/ 100ml,False,
household_items,,"CanaVac XLS990 Signature Series Central Vacuum Cleaner For Homes Up To 15,000 sq ft.","CanaVac XLS990 Signature Series Central Vacuum Cleaner For Homes Up To 15,000 sq ft.",$999.00ea,,,False,
household_items,,Miele Detergent Capsules (Booster 6-pack) maximum strength stain remover,Miele Detergent Capsules (Booster 6-pack) maximum strength stain remover,$16.99ea,,,False,
household_items,Sylvania,"LED Bulb 14 W A19 Day, 10 Year","SylvaniaLED Bulb 14 W A19 Day, 10 Year1 ea",$9.49ea,,$9.49/ 1ea,False,
household_items,Mr. Clean,"Liquid Antibacterial Cleaner, Summer Citrus","Mr. CleanLiquid Antibacterial Cleaner, Summer Citrus1.33 l",$4.79ea,$3.99ea,$0.30/ 100ml,True,saleEnds 03/01
household_items,,Groundsman Microfibre Cloth,Groundsman Microfibre Cloth,$7.13ea,,,False,
household_items,,AGPTEK 2 in 1 Portable LED Camping Lantern Light with Ceiling Fan 18 LED Flashlight for Outdoor Hiking Fishing Outages and Emergencies Tent,AGPTEK 2 in 1 Portable LED Camping Lantern Light with Ceiling Fan 18 LED Flashlight for Outdoor Hiking Fishing Outages and Emergencies Tent,$23.99ea,,,False,
household_items,Sylvania,A21 Bulb Soft White Led 100 W,SylvaniaA21 Bulb Soft White Led 100 W1 ea,$13.98ea,,$13.98/ 1ea,False,
household_items,Everyday Essentials,"Light Bulbs, A19 60W LED Soft White","Everyday EssentialsLight Bulbs, A19 60W LED Soft White4x1.0 ea",$15.99ea,,$4.00/ 1ea,False,
household_items,Febreze,"Plug Air Freshener Refills, Hawaiian Aloha, 2 count","FebrezePlug Air Freshener Refills, Hawaiian Aloha, 2 count2x26.0 ml",$13.99ea,,$26.90/ 100ml,False,
household_items,,Wool Dryer Balls,Wool Dryer Balls,$25.99ea,,,False,
household_items,Sylvania,LED 6 W Light Bulb A19 Day 10 Y,SylvaniaLED 6 W Light Bulb A19 Day 10 Y2x1.0 ea,$8.99ea,,$4.50/ 1ea,False,
household_items,,100% Biodegradable & Compostable Bags (100/Box),100% Biodegradable & Compostable Bags (100/Box),$19.49ea,,,False,
household_items,,Numatic/NaceCare Henry Allergy Canister Vacuum - 1.6 Gallon Capacity with Allergy Easing Hepa-Filtration and AST9 Professional Accessory kit (Blue),Numatic/NaceCare Henry Allergy Canister Vacuum - 1.6 Gallon Capacity with Allergy Easing Hepa-Filtration and AST9 Professional Accessory kit (Blue),$649.00ea,,,False,
household_items,President's Choice,"Max Paper Towels, 6 Rolls","President's ChoiceMax Paper Towels, 6 Rolls6 ea",$10.99ea,,$1.83/ 1ea,False,
household_items,Air Wick,"Air Fresheners, Botanica Scented Oil Eucalyptus & Mediterranean Sage 2 Refills 40 ml","Air WickAir Fresheners, Botanica Scented Oil Eucalyptus & Mediterranean Sage 2 Refills 40 ml1 ea",$12.99ea,,$12.99/ 1ea,False,
household_items,,Scranton & Co 21 Gallon Plastic Liner,Scranton & Co 21 Gallon Plastic Liner,$204.53ea,,,False,
household_items,Gain,"Odor Defense Dryer Sheets, Super Fresh Blast Scent Fabric Softener Sheets, 200 ct, HE Compatible","GainOdor Defense Dryer Sheets, Super Fresh Blast Scent Fabric Softener Sheets, 200 ct, HE Compatible200 ea",$16.99ea,$11.99ea,$0.06/ 1ea,True,saleEnds 03/08
household_items,No Name,Compostable Kitchen Bags For Organics 7.5 L,No NameCompostable Kitchen Bags For Organics 7.5 L20 ea,$5.49ea,,$0.27/ 1ea,False,
household_items,Glade,"PlugIns Scented Oil Refill, Tranquil Lavender & Aloe, 5 Refills ","GladePlugIns Scented Oil Refill, Tranquil Lavender & Aloe, 5 Refills 5 ea",$17.99ea,,$3.60/ 1ea,False,
household_items,Finish,"Powder Dishwasher Detergent, Fresh","FinishPowder Dishwasher Detergent, Fresh1.8 kg",$8.49ea,,$0.47/ 100g,False,
household_items,Downy,"Infusions In-Wash Scent Booster Beads, Calm, Lavender & Vanilla Bean","DownyInfusions In-Wash Scent Booster Beads, Calm, Lavender & Vanilla Bean752 g",$22.99ea,$16.99ea,$2.26/ 100g,True,saleEnds 03/01
household_items,,Little Tree Air Freshener Daisy Fields,Little Tree Air Freshener Daisy Fields,$23.20ea,,,False,
household_items,,Proxi Spray & Walk Away Spot Removal - Stain Remover 32 OZ (Case of 4),Proxi Spray & Walk Away Spot Removal - Stain Remover 32 OZ (Case of 4),$87.99ea,,,False,
household_items,,Proxi Stain Removal - 3.8 Litre,Proxi Stain Removal - 3.8 Litre,$53.99ea,,,False,
household_items,Gain,"2 in 1 Detergent, 107 loads","Gain2 in 1 Detergent, 107 loads4.55 l",$22.99ea,,$0.51/ 100ml,False,
household_items,,Tann-X Coffee Stain Remover 16 Ounce,Tann-X Coffee Stain Remover 16 Ounce,$17.00ea,,,False,
household_items,,Air-Pro Aerosol Metered Spray Refill 180gr - Linen Fresh,Air-Pro Aerosol Metered Spray Refill 180gr - Linen Fresh,$18.99ea,,,False,
household_items,Everyday Essentials,"Light Bulbs, A19 60W LED Daylight","Everyday EssentialsLight Bulbs, A19 60W LED Daylight4x1.0 ea",$15.99ea,,$4.00/ 1ea,False,
household_items,,"Ultra Clean SC200 Central Vacuum System Power Unit with Ametek Tangential Bypass Motor Up to 7,500 sq.ft Homes - Made in Canada","Ultra Clean SC200 Central Vacuum System Power Unit with Ametek Tangential Bypass Motor Up to 7,500 sq.ft Homes - Made in Canada",$424.99ea,,,False,
household_items,,Kitchen Caddy (Silver),Kitchen Caddy (Silver),$23.60ea,,,False,
household_items,Swiffer,"Wet Jet Heavy Duty Wet Mopping Cloths Multi Surface Refills, Gain Scent, 10 count","SwifferWet Jet Heavy Duty Wet Mopping Cloths Multi Surface Refills, Gain Scent, 10 count10 ea",$9.99ea,,$1.00/ 1ea,False,
household_items,CLR,Drain Care,CLRDrain Care828 ml,$10.99ea,,$1.33/ 100ml,False,
household_items,Swiffer,"WetJet Hardwood Floor Cleaner Spray Mop Pad Refill, Multi Surface, 24 Count","SwifferWetJet Hardwood Floor Cleaner Spray Mop Pad Refill, Multi Surface, 24 Count1 ea",$21.99ea,,$0.92/ 1ea,False,
household_items,Sunlight,"Morning Fresh 140 Loads, 5.6L","SunlightMorning Fresh 140 Loads, 5.6L5.6 l",$22.99ea,,$0.41/ 100ml,False,
household_items,Glad,White Garbage Bags - Tall 45 Litres -Febreze Fresh Clean Scent,GladWhite Garbage Bags - Tall 45 Litres -Febreze Fresh Clean Scent50 ea,$14.99ea,,$0.30/ 1ea,False,
household_items,Scotch-Brite,Delicate Sponge,Scotch-BriteDelicate Sponge1 ea,$6.99ea,,$6.99/ 1ea,False,
household_items,,UNBELIEVABLE Bathroom Cleaner Hydrogen Peroxide Formula Non-Foaming,UNBELIEVABLE Bathroom Cleaner Hydrogen Peroxide Formula Non-Foaming,$13.99ea,,,False,
household_items,,"CanaVac XLS990 Signature Series Central Vacuum Cleaner For Homes Up To 15,000 sq ft.","CanaVac XLS990 Signature Series Central Vacuum Cleaner For Homes Up To 15,000 sq ft.",$999.00ea,,,False,
household_items,No Name,Regular Blue Recycling Bags,No NameRegular Blue Recycling Bags30 ea,$8.99ea,,$0.30/ 1ea,False,
household_items,,General Purpose Cloth,General Purpose Cloth,$16.99ea,,,False,
household_items,,Orange TKO 100% Organic Hand Cleaner Cleaning Power 15 oz 1006 Uses,Orange TKO 100% Organic Hand Cleaner Cleaning Power 15 oz 1006 Uses,$29.99ea,,,False,
household_items,,KLIIN 5pk Large Compostable All-Purpose Cleaning Cloths,KLIIN 5pk Large Compostable All-Purpose Cleaning Cloths,$39.99ea,,,False,
household_items,,Purebryt 700ML Spray Mop With Microfiber Pads (Detachable Spray Mop),Purebryt 700ML Spray Mop With Microfiber Pads (Detachable Spray Mop),$35.97ea,,,False,
household_items,,Chameleon Retractable Hose System Vacuum Fitting 90 Degrees,Chameleon Retractable Hose System Vacuum Fitting 90 Degrees,$19.99ea,,,False,
household_items,,"CanaVac CV-587 Ethos Series Central Vacuum Cleaner | 540 Airwatts Reliable Flow-Thru Motor Up To 3,500 Sq Ft | with the Deluxe Wessel Werk Electric Package","CanaVac CV-587 Ethos Series Central Vacuum Cleaner | 540 Airwatts Reliable Flow-Thru Motor Up To 3,500 Sq Ft | with the Deluxe Wessel Werk Electric Package",$799.00ea,,,False,
household_items,Microban,"24 Hour Disinfectant Sanitizing Spray, Citrus Scent","Microban24 Hour Disinfectant Sanitizing Spray, Citrus Scent370 g",$6.49ea,,$1.83/ 100g,False,
household_items,Lysol,Disinfecting Wipes Spring Waterfall,LysolDisinfecting Wipes Spring Waterfall30 ea,$4.49ea,,$0.15/ 1ea,False,
household_items,Mr. Clean,"Magic Eraser Cleaning Sheets, the power of a Magic Eraser in a thin, flexible, disposable Cleaning Sheet, 8 count","Mr. CleanMagic Eraser Cleaning Sheets, the power of a Magic Eraser in a thin, flexible, disposable Cleaning Sheet, 8 count8 ea",$5.49ea,,$0.69/ 1ea,False,
household_items,,Miele Triflex HX SEB Compact Electro Brush,Miele Triflex HX SEB Compact Electro Brush,$109.99ea,,,False,
household_items,,Johnny Vac JV59 23Gal Commercial Wet/Dry Vacuum,Johnny Vac JV59 23Gal Commercial Wet/Dry Vacuum,$929.99ea,,,False,
household_items,,Ambassador Flexi Tub,Ambassador Flexi Tub,$35.80ea,,,False,
household_items,,15 Qt Double Bucket Grey,15 Qt Double Bucket Grey,$33.99ea,,,False,
household_items,Glade,"PlugIns Scented Oil Refill, Bubbly Berry Splash, 5 Refills ","GladePlugIns Scented Oil Refill, Bubbly Berry Splash, 5 Refills 5 ea",$17.99ea,,$3.60/ 1ea,False,
household_items,,Pemberly Row Paper Towel Dispenser in Mahogany,Pemberly Row Paper Towel Dispenser in Mahogany,$202.26ea,,,False,
household_items,Royale,"Tiger Strong Paper Towel, 3 Double Equal 6 Rolls, 98 Half Sheets per Roll","RoyaleTiger Strong Paper Towel, 3 Double Equal 6 Rolls, 98 Half Sheets per Roll3x98.0 ea",$11.99ea,,$0.04/ 1ea,False,
household_items,,"Ultra Clean Central Vacuum Unit 7,500 sq ft with 30' Air Hose Tool Set","Ultra Clean Central Vacuum Unit 7,500 sq ft with 30' Air Hose Tool Set",$599.99ea,,,False,
household_items,,Glade Air Freshener Gel Lemon Zing 70g,Glade Air Freshener Gel Lemon Zing 70g,$23.20ea,,,False,
household_items,,Kitchen Dynamo,Kitchen Dynamo,$16.99ea,,,False,
household_items,,Saniblend Cleaner/Deodorizer/Disinfectant Lemon Scent-950ml,Saniblend Cleaner/Deodorizer/Disinfectant Lemon Scent-950ml,$23.99ea,,,False,
household_items,,"CanaVac CV-787 Ethos Series Central Vacuum Cleaner - Reliable Flow-Thru Motor Up to 8,000 Sq Ft","CanaVac CV-787 Ethos Series Central Vacuum Cleaner - Reliable Flow-Thru Motor Up to 8,000 Sq Ft",$599.00ea,,,False,
household_items,Allen's,Pine-Scented Floor Cleaner,Allen'sPine-Scented Floor Cleaner2.5 l,$5.49ea,,$0.22/ 100ml,False,
household_items,,UV-Corp Advantage 20 pack of dusters c/w with 1 handle,UV-Corp Advantage 20 pack of dusters c/w with 1 handle,$26.99ea,,,False,
household_items,,Resolve Gold Sachet 30g - Pack of 6,Resolve Gold Sachet 30g - Pack of 6,$22.99ea,,,False,
household_items,President's Choice,"Facial Tissues, Pocket Pack","President's ChoiceFacial Tissues, Pocket Pack8x10.0 sheets",$4.49ea,,$5.61/ 100ea,False,
household_items,Sylvania,Soft White Led 60 W B10 Frosted Bulbs,SylvaniaSoft White Led 60 W B10 Frosted Bulbs2x1.0 ea,$14.98ea,,$7.49/ 1ea,False,
household_items,,Ultra Clean Central Vacuum Accessories Kit with Low-Voltage Hose ON/Off Control at The Handle Floor Brush and Accessories for Hard Surfaces (35 Ft),Ultra Clean Central Vacuum Accessories Kit with Low-Voltage Hose ON/Off Control at The Handle Floor Brush and Accessories for Hard Surfaces (35 Ft),$159.99ea,,,False,
household_items,,Vacuflo OEM Central Vacuum Valve With Micro Switch - White,Vacuflo OEM Central Vacuum Valve With Micro Switch - White,$41.99ea,,,False,
household_items,Bounty,"Select-A-Size Paper Towels, White, 4 Single Plus Rolls = 6 Regular Rolls, 4 Count","BountySelect-A-Size Paper Towels, White, 4 Single Plus Rolls = 6 Regular Rolls, 4 Count4 ea",$13.99ea,,$3.50/ 1ea,False,
household_items,,Karcher NT 22/1 AP Wet/Dry Vac #13786050,Karcher NT 22/1 AP Wet/Dry Vac #13786050,$394.00ea,,,False,
household_items,Scrubbing Bubbles,"Fresh Brush Toilet Cleaning System, Flushable Refills, Heavy Duty","Scrubbing BubblesFresh Brush Toilet Cleaning System, Flushable Refills, Heavy Duty8 ea",$6.49ea,,$6.49/ 1ea,False,
household_items,Finish,"Dishwasher Detergent, Fresh, Tablets","FinishDishwasher Detergent, Fresh, Tablets40 ea",$18.99ea,,$0.47/ 1ea,False,
household_items,Sylvania,A19 Frosted Bulb Daylight Led 60 W,SylvaniaA19 Frosted Bulb Daylight Led 60 W1 ea,$7.98ea,,$7.98/ 1ea,False,
household_items,Febreze,"Car Odor-Eliminating Air Freshener Vent Clip, Midnight Storm, 1 count","FebrezeCar Odor-Eliminating Air Freshener Vent Clip, Midnight Storm, 1 count2 ml",$4.79ea,$3.99ea,$199.50/ 100ml,True,saleEnds 03/01
household_items,,"Karcher Sensor XP 15"" Commercial Upright Vacuum #10126120","Karcher Sensor XP 15"" Commercial Upright Vacuum #10126120","$1,314.00ea",,,False,
household_items,,Blue Turbo Tp210 & Pw210 OEM Rear Wheel,Blue Turbo Tp210 & Pw210 OEM Rear Wheel,$7.99ea,,,False,
household_items,Bio-Vert,Dishwashing Liquid Green Apple,Bio-VertDishwashing Liquid Green Apple700 ml,$4.49ea,$3.49ea,$0.50/ 100ml,True,saleEnds 03/15
household_items,Fleecy,Sensations Concentrated Fabric Conditioner Brazilian Paradise,FleecySensations Concentrated Fabric Conditioner Brazilian Paradise1.36 l,$7.49ea,,$0.55/ 100ml,False,
household_items,,"CanaVac CV-587 Ethos Series Central Vacuum Cleaner | 540 Airwatts Reliable Flow-Thru Motor Up To 3,500 Sq Ft | with the Deluxe Wessel Werk Electric Package","CanaVac CV-587 Ethos Series Central Vacuum Cleaner | 540 Airwatts Reliable Flow-Thru Motor Up To 3,500 Sq Ft | with the Deluxe Wessel Werk Electric Package",$799.00ea,,,False,
household_items,,"MATCC Adjustable Foam Cannon Sprayer Set with Snow Foam Lance 5 Spray Nozzles 3/8"" M22 Quick Connectors for Power Pressure Washer","MATCC Adjustable Foam Cannon Sprayer Set with Snow Foam Lance 5 Spray Nozzles 3/8"" M22 Quick Connectors for Power Pressure Washer",$34.99ea,,,False,
household_items,,VPC Central Vacuum Accessory Kit | Premium Hose | Wessel Werk EBK360 Electric Power Head Nozzle with Height Adjustment | Telescopic Wands with Deluxe Tool Set & Bonus Tools,VPC Central Vacuum Accessory Kit | Premium Hose | Wessel Werk EBK360 Electric Power Head Nozzle with Height Adjustment | Telescopic Wands with Deluxe Tool Set & Bonus Tools,$549.98ea,,,False,
household_items,,Karcher EB 30/1 Sweeper #15451210,Karcher EB 30/1 Sweeper #15451210,$278.00ea,,,False,
household_items,No Name,Lemon Furniture Polish,No NameLemon Furniture Polish275 g,$5.49ea,,$2.00/ 100g,False,
household_items,Cottonelle,"Ultra Clean Toilet Paper, Strong Bath Tissue, 18 Mega Rolls (18 Mega Rolls = 72 regular rolls), 312 Sheets per Roll, 1-Ply Toilet Paper","CottonelleUltra Clean Toilet Paper, Strong Bath Tissue, 18 Mega Rolls (18 Mega Rolls = 72 regular rolls), 312 Sheets per Roll, 1-Ply Toilet Paper312 ea",$19.99ea,,$0.06/ 1ea,False,
household_items,,Johnny VAC JV304 11.4Gal Commercial Wet/Dry Vacuum,Johnny VAC JV304 11.4Gal Commercial Wet/Dry Vacuum,$869.99ea,,,False,
household_items,,CanaVac LS590 Signature Series Central Vacuum Cleaner | Tangential Bypass Motor Up to 5000 sq ft | with The LS Electric Power Package,CanaVac LS590 Signature Series Central Vacuum Cleaner | Tangential Bypass Motor Up to 5000 sq ft | with The LS Electric Power Package,$899.00ea,,,False,
household_items,Sylvania,Led Lights,SylvaniaLed Lights1 ea,$13.98ea,,$13.98/ 1ea,False,
household_items,Weiman,Hardwood Cleaner Professional,WeimanHardwood Cleaner Professional946 ml,$8.49ea,,$0.90/ 100ml,False,
household_items,,Groundsman PVC Broom Head,Groundsman PVC Broom Head,$30.25ea,,,False,
household_items,Clorox,All Purpose Disinfecting Cleaner Spray,CloroxAll Purpose Disinfecting Cleaner Spray946 ml,$5.49ea,,$0.58/ 100ml,False,
household_items,,Ghibli/Johnny Vac AS5/JV5 Commercial Canister Vacuum,Ghibli/Johnny Vac AS5/JV5 Commercial Canister Vacuum,$399.00ea,,,False,
household_items,,Red Label 2 Ply Kitchen Paper Towel 120 Sheet Orange by Renova,Red Label 2 Ply Kitchen Paper Towel 120 Sheet Orange by Renova,$25.60ea,,,False,
household_items,,General Purpose Cloth,General Purpose Cloth,$16.99ea,,,False,
household_items,Lysol,"Disinfecting Wipes, 3 packs","LysolDisinfecting Wipes, 3 packs2 ea",$17.99ea,,$9.00/ 1ea,False,
household_items,Bio-Vert,Dishwashing Liquid Green Apple,Bio-VertDishwashing Liquid Green Apple700 ml,$4.49ea,$3.49ea,$0.50/ 100ml,True,saleEnds 03/15
household_items,Fleecy,Sensations Concentrated Fabric Conditioner Brazilian Paradise,FleecySensations Concentrated Fabric Conditioner Brazilian Paradise1.36 l,$7.49ea,,$0.55/ 100ml,False,
household_items,,Glade Expressions Aerosol Refill Pineapple & Mangosteen 7 oz,Glade Expressions Aerosol Refill Pineapple & Mangosteen 7 oz,$25.12ea,,,False,
household_items,,Renuzit Gel Air Freshener Tranquil Falls 12 Count,Renuzit Gel Air Freshener Tranquil Falls 12 Count,$69.99ea,,,False,
household_items,Silvo,Metal Polish,SilvoMetal Polish142 ml,$9.49ea,,$6.68/ 100ml,False,
household_items,,Ultra Clean Central Vacuum Accessories Kit with Low-Voltage Hose ON/Off Control at The Handle Floor Brush and Accessories for Hard Surfaces (35 Ft),Ultra Clean Central Vacuum Accessories Kit with Low-Voltage Hose ON/Off Control at The Handle Floor Brush and Accessories for Hard Surfaces (35 Ft),$159.99ea,,,False,
household_items,Sylvania,"3000 Hour Incandescent Light Bulb, 40W  B10 VP4","Sylvania3000 Hour Incandescent Light Bulb, 40W  B10 VP44x1.0 ea",$4.99ea,,$1.25/ 1ea,False,
household_items,,Vacuflo OEM Central Vacuum Valve With Micro Switch - White,Vacuflo OEM Central Vacuum Valve With Micro Switch - White,$41.99ea,,,False,
household_items,,Bona OEM Handle For Mop Threaded Neck (Not Button Lock),Bona OEM Handle For Mop Threaded Neck (Not Button Lock),$29.99ea,,,False,
household_items,Cottonelle,"GentlePlus Flushable Wet Wipes with Aloe & Vitamin E, Adult Wet Wipes, 8 Flip-Top Packs, 336 Total Wipes","CottonelleGentlePlus Flushable Wet Wipes with Aloe & Vitamin E, Adult Wet Wipes, 8 Flip-Top Packs, 336 Total Wipes336 ea",$24.99ea,,$0.07/ 1ea,False,
household_items,,"Hoover OEM Paper Bag Top Fill Type ""A""","Hoover OEM Paper Bag Top Fill Type ""A""",$9.99ea,,,False,
household_items,No Name,Lavender Multi-Surface Cleaner ,No NameLavender Multi-Surface Cleaner 1.41 l,$3.49ea,,$0.25/ 100ml,False,
household_items,,Costway Cordless Stick Vacuum Cleaner 3-in-1 Handheld Vacuum Cleaner Blue,Costway Cordless Stick Vacuum Cleaner 3-in-1 Handheld Vacuum Cleaner Blue,$159.99ea,,,False,
household_items,,VPC Central Vacuum Accessory Kit | Premium Hose | Wessel Werk EBK360 Electric Power Head Nozzle with Height Adjustment | Telescopic Wands with Deluxe Tool Set,VPC Central Vacuum Accessory Kit | Premium Hose | Wessel Werk EBK360 Electric Power Head Nozzle with Height Adjustment | Telescopic Wands with Deluxe Tool Set,$479.98ea,,,False,
household_items,,Numatic Henry Cordless Compact Canister Vacuum In Red,Numatic Henry Cordless Compact Canister Vacuum In Red,$799.00ea,,,False,
household_items,,"14""x14"" Microfiber Cloth 240GSM Red - Pack of 10","14""x14"" Microfiber Cloth 240GSM Red - Pack of 10",$23.99ea,,,False,
household_items,,"Garbage Bags Strong Kitchen Trash Bag 18 x 20"" Clear 30Pcs/Pack 18L/4.76Gal","Garbage Bags Strong Kitchen Trash Bag 18 x 20"" Clear 30Pcs/Pack 18L/4.76Gal",$14.99ea,,,False,
household_items,,Karcher NT 22/1 AP Wet/Dry Vac #13786050,Karcher NT 22/1 AP Wet/Dry Vac #13786050,$394.00ea,,,False,
household_items,,Central Vacuum HEPA Bags - 10 Pack,Central Vacuum HEPA Bags - 10 Pack,$89.99ea,,,False,
household_items,No Name,"Paper Towel 12 Rolls, Club Size","No NamePaper Towel 12 Rolls, Club Size12 rolls",$11.49ea,,,False,
household_items,Mr. Clean,Clean Freak Spring Fresh,Mr. CleanClean Freak Spring Fresh473 ml,$8.99ea,,$1.90/ 100ml,False,
household_items,Scrubbing Bubbles,"Extra Power Toilet Bowl Cleaner, Rainshower Scent","Scrubbing BubblesExtra Power Toilet Bowl Cleaner, Rainshower Scent710 ml",$5.29ea,,$0.75/ 100ml,False,
household_items,,VPC Central Vacuum Accessory Kit Low-Voltage Silver Hose | Telescopic Wand with Deluxe Tool Set | Handle with On/Off Button with Bonus Tools,VPC Central Vacuum Accessory Kit Low-Voltage Silver Hose | Telescopic Wand with Deluxe Tool Set | Handle with On/Off Button with Bonus Tools,$189.98ea,,,False,
household_items,,Bona Professional Series Stone/ Tile/ Laminate/ Hard Surface Cleaner Spray 32 Oz,Bona Professional Series Stone/ Tile/ Laminate/ Hard Surface Cleaner Spray 32 Oz,$26.99ea,,,False,
household_items,Vim,Power & Shine Kitchen Cleaner ,VimPower & Shine Kitchen Cleaner 700 ml,$4.99ea,,$0.71/ 100ml,False,
household_items,,Saniblend Cleaner/Deodorizer/Disinfectant Concentrated with Lemon Scent- 4L,Saniblend Cleaner/Deodorizer/Disinfectant Concentrated with Lemon Scent- 4L,$109.99ea,,,False,
household_items,,Eveready G4 Capsule 10W B2 Halogen Light Bulb (Pack Of 2) (Transparent),Eveready G4 Capsule 10W B2 Halogen Light Bulb (Pack Of 2) (Transparent),$7.02ea,,,False,
household_items,,Neato Robotics D9 Lithium-Ion Battery,Neato Robotics D9 Lithium-Ion Battery,$79.99ea,,,False,
household_items,Gain,"Odor Defense Liquid Fabric Softener, Super Fresh Blast Scent, 150 Loads, HE Compatible","GainOdor Defense Liquid Fabric Softener, Super Fresh Blast Scent, 150 Loads, HE Compatible3.83 l",$19.99ea,,$0.52/ 100ml,False,
household_items,Sunlight,"Morning Fresh 140 Loads, 5.6L","SunlightMorning Fresh 140 Loads, 5.6L5.6 l",$22.99ea,,$0.41/ 100ml,False,
household_items,SC Johnson,"Family Guard Brand Disinfectant Spray, Fresh Scent, 496g​","SC JohnsonFamily Guard Brand Disinfectant Spray, Fresh Scent, 496g​496 g",$6.99ea,,$1.41/ 100g,False,
household_items,,Miele Detergent Capsules (Booster 6-pack) maximum strength stain remover,Miele Detergent Capsules (Booster 6-pack) maximum strength stain remover,$16.99ea,,,False,
household_items,Lysol,"Click Gel, AutomaticToilet Bowl Cleaner, Spring Waterfall, 4 Count","LysolClick Gel, AutomaticToilet Bowl Cleaner, Spring Waterfall, 4 Count4 ea",$4.99ea,,$1.25/ 1ea,False,
household_items,,Groundsman Metal Dustpan And Brush Set (White/Copper),Groundsman Metal Dustpan And Brush Set (White/Copper),$22.75ea,,,False,
household_items,Dawn,"Platinum Dishwashing Liquid Dish Soap, Refreshing Rain Scent","DawnPlatinum Dishwashing Liquid Dish Soap, Refreshing Rain Scent431 ml",$4.29ea,,$1.00/ 100ml,False,
household_items,,Numatic HET200A Hetty Canister Vacuum Cleaner - 9L Capacity with AS1 Professional Accessory Set,Numatic HET200A Hetty Canister Vacuum Cleaner - 9L Capacity with AS1 Professional Accessory Set,$569.00ea,,,False,
household_items,,Whitefurze Round Plastic Washing Bowl (Silver),Whitefurze Round Plastic Washing Bowl (Silver),$26.60ea,,,False,
household_items,,Xtrcity - Energy Saving LED Bulb Dimmable 9W Type A 5000K Daylight,Xtrcity - Energy Saving LED Bulb Dimmable 9W Type A 5000K Daylight,$20.97ea,,,False,
household_items,,"14""x14"" Microfiber Cloth 240GSM Blue - Pack of 10","14""x14"" Microfiber Cloth 240GSM Blue - Pack of 10",$23.99ea,,,False,
household_items,,Bentley Short Handled Tar Brush,Bentley Short Handled Tar Brush,$6.80ea,,,False,
household_items,,"Hoover Paper Bag Type ""SR""","Hoover Paper Bag Type ""SR""",$9.99ea,,,False,
household_items,,Michaels 420-RT Commercial Wet/Dry Canister Vacuum,Michaels 420-RT Commercial Wet/Dry Canister Vacuum,"$1,215.00ea",,,False,
household_items,Eco-Max,All Purpose Cleaner Lemongrass,Eco-MaxAll Purpose Cleaner Lemongrass800 ml,$3.99ea,,$0.50/ 100ml,False,
household_items,Vileda,"Scrunge Dishwand with Extra Refill, Dispensing Soap Handle","ViledaScrunge Dishwand with Extra Refill, Dispensing Soap Handle1 ea",$4.99ea,,$4.99/ 1ea,False,
household_items,Snuggle," Fabric Softener, Cuddle-Up Fresh","Snuggle Fabric Softener, Cuddle-Up Fresh1.47 l",$7.99ea,,$0.54/ 100ml,False,
household_items,Eco-Max,Sport Detergent-Citrus     ,Eco-MaxSport Detergent-Citrus     1.89 l,$15.99ea,$12.99ea,$0.69/ 100ml,True,saleEnds 03/15
household_items,Air Wick,Fresh New Day Scented Oil Simply Cotton,Air WickFresh New Day Scented Oil Simply Cotton1 ea,$8.99ea,,$8.99/ 1ea,False,
household_items,,Xtricity - Energy Saving LED Fan Bulb 7W A15 Base 5000K Daylight,Xtricity - Energy Saving LED Fan Bulb 7W A15 Base 5000K Daylight,$19.97ea,,,False,
household_items,,"Allegro MU4900 Force 8,000 Square Foot Home Central Vacuum System","Allegro MU4900 Force 8,000 Square Foot Home Central Vacuum System",$640.00ea,,,False,
household_items,,Safco Onyx 3 Tier Break Room Organizer in Black,Safco Onyx 3 Tier Break Room Organizer in Black,$134.43ea,,,False,
household_items,,Nitrile Gloves Powder Free 4mil Sky Blue Medical - 2X-Large,Nitrile Gloves Powder Free 4mil Sky Blue Medical - 2X-Large,$22.99ea,,,False,
household_items,,Karcher Cyclone Surface Cleaner #89036080,Karcher Cyclone Surface Cleaner #89036080,"$2,999.99ea",,,False,
household_items,Sylvania,Daylight Led 60 W B10 Clear Bulbs,SylvaniaDaylight Led 60 W B10 Clear Bulbs2x1.0 ea,$12.98ea,,$6.49/ 1ea,False,
household_items,Tide,Plus Febreze Freshness Botanical Rain Clean Liquid Laundry Detergent,TidePlus Febreze Freshness Botanical Rain Clean Liquid Laundry Detergent4.55 l,$22.99ea,,$0.51/ 100ml,False,
household_items,,Miele UltraPhase Detergent (Sensitive UltraPhase 2) - 2-component detergent particularly kind to the skin,Miele UltraPhase Detergent (Sensitive UltraPhase 2) - 2-component detergent particularly kind to the skin,$34.99ea,,,False,
household_items,President's Choice, 3-Ply Hypoallergenic Facial Tissues,President's Choice 3-Ply Hypoallergenic Facial Tissues78 ea,$17.99ea,,$0.23/ 1ea,False,
household_items,,1.89L Concentrated Liquid Bleach - Pack of 3,1.89L Concentrated Liquid Bleach - Pack of 3,$76.41ea,,,False,
household_items,,TML Square Bowl (Silver),TML Square Bowl (Silver),$8.15ea,,,False,
household_items,,Hertel All Purpose Plus Odour Eliminator 700ml,Hertel All Purpose Plus Odour Eliminator 700ml,$18.79ea,,,False,
household_items,Goo Gone,Spray Gel,Goo GoneSpray Gel355 ml,$8.99ea,,$2.53/ 100ml,False,
household_items,Downy,"Infusions In-Wash Scent Booster Beads, Calm, Lavender and Vanilla Bean","DownyInfusions In-Wash Scent Booster Beads, Calm, Lavender and Vanilla Bean570 g",$18.99ea,,$3.33/ 100g,False,
household_items,,Nitrile Gloves Powder Free 4mil Sky Blue Medical - Small,Nitrile Gloves Powder Free 4mil Sky Blue Medical - Small,$22.99ea,,,False,
household_items,Glad,"Blue Recycling Bags - Tall 45 Litres - ForceFlex, Drawstring","GladBlue Recycling Bags - Tall 45 Litres - ForceFlex, Drawstring50 ea",$14.99ea,,$0.30/ 1ea,False,
household_items,,Hertel All Purpose Plus Odour Eliminator 700ml - Pack of 3,Hertel All Purpose Plus Odour Eliminator 700ml - Pack of 3,$26.97ea,,,False,
household_items,,Neato Robotics D10 Lithium-Ion Battery,Neato Robotics D10 Lithium-Ion Battery,$99.99ea,,,False,
household_items,,Critical Filter HEPA H-class Conductive Dust Collection Commercial Vacuum with 5 Stage Filtration & 2 Application Accessories,Critical Filter HEPA H-class Conductive Dust Collection Commercial Vacuum with 5 Stage Filtration & 2 Application Accessories,"$1,899.99ea",,,False,
household_items,Palmolive,"Ultra Dishwashing Liquid Dish Soap, Ultra Strength Original","PalmoliveUltra Dishwashing Liquid Dish Soap, Ultra Strength Original591 ml",$3.99ea,,$0.68/ 100ml,False,
household_items,Eco-Max,"Laundry Wash, Natural Orange","Eco-MaxLaundry Wash, Natural Orange3 l",$14.99ea,,$0.50/ 100ml,False,
household_items,,HP Ultra TP210 Heavy Duty Air Powerbrush Light Grey Turbocat.,HP Ultra TP210 Heavy Duty Air Powerbrush Light Grey Turbocat.,$199.99ea,,,False,
household_items,Glad,Kitchen Catchers White Garbage Bags - Tall 45 Litres - Febreze Fresh Clean Scent,GladKitchen Catchers White Garbage Bags - Tall 45 Litres - Febreze Fresh Clean Scent30 ea,$9.99ea,$8.99ea,$0.30/ 1ea,True,saleEnds 03/22
household_items,,Michaels Procare M60 Plus Wet/Dry Canister Vacuum,Michaels Procare M60 Plus Wet/Dry Canister Vacuum,$549.99ea,,,False,
household_items,Air Wick,"Air Fresheners, Automatic Spray Refill Mountain Breeze","Air WickAir Fresheners, Automatic Spray Refill Mountain Breeze175 g",$9.49ea,,$5.27/ 100g,False,
household_items,Scotch,"Dish, Pot, & Pan Brush","ScotchDish, Pot, & Pan Brush1 ea",$7.99ea,$5.99ea,$5.99/ 1ea,True,saleEnds 03/22
household_items,Kleenex,"On-The-Go Facial Tissues, 8 Travel Packs, 10 Tissues per Pack (80 Total Tissues)","KleenexOn-The-Go Facial Tissues, 8 Travel Packs, 10 Tissues per Pack (80 Total Tissues)80 ea",$4.49ea,,$0.06/ 1ea,False,
household_items,,Panasonic MCCG902 & MCCG901 Canister (Pack of 6),Panasonic MCCG902 & MCCG901 Canister (Pack of 6),$17.99ea,,,False,
household_items,SOS,Steel Wool Soap Pads,SOSSteel Wool Soap Pads18 ea,$6.49ea,,$0.36/ 1ea,False,
household_items,Mr. Clean,"Liquid Antibacterial Cleaner, Summer Citrus","Mr. CleanLiquid Antibacterial Cleaner, Summer Citrus828 ml",$6.49ea,,$0.78/ 100ml,False,
household_items,,"Dirt Devil 3M Filtrete Bag ""F""","Dirt Devil 3M Filtrete Bag ""F""",$9.99ea,,,False,
household_items,,Red Label 2 Ply Kitchen Paper Towel 120 Sheet Red by Renova,Red Label 2 Ply Kitchen Paper Towel 120 Sheet Red by Renova,$25.60ea,,,False,
household_items,Sylvania,"Clear Globe Light Bulb, 40W","SylvaniaClear Globe Light Bulb, 40W1 ea",$3.49ea,,$3.49/ 1ea,False,
household_items,Air Wick,"Air Fresheners, Scented Oil Fragrance Himalayan Magnolia & Vanilla","Air WickAir Fresheners, Scented Oil Fragrance Himalayan Magnolia & Vanilla20 ml",$12.99ea,,$64.95/ 100ml,False,
household_items,,Little Tree Car Air Freshener Fresh Surge,Little Tree Car Air Freshener Fresh Surge,$23.20ea,,,False,
household_items,,1.89L Concentrated Liquid Bleach,1.89L Concentrated Liquid Bleach,$35.47ea,,,False,
household_items,Lysol,"Liquid All Purpose Cleaner, Lemon","LysolLiquid All Purpose Cleaner, Lemon4.26 l",$12.99ea,,$0.30/ 100ml,False,
household_items,,Esteam Fury Prespray 1 Gallon-Case of 4,Esteam Fury Prespray 1 Gallon-Case of 4,$149.99ea,,,False,
household_items,,Bullet Inan Bamboo Tissue Box (Natural),Bullet Inan Bamboo Tissue Box (Natural),$35.61ea,,,False,
household_items,,Air Wick Scented Oil Refill Twin Pack Crisp Breeze,Air Wick Scented Oil Refill Twin Pack Crisp Breeze,$26.99ea,,,False,
household_items,Oxi Clean,Versatile Stain Remover,Oxi CleanVersatile Stain Remover1.36 kg,$13.99ea,,$1.03/ 100g,False,
household_items,,Karcher T12/1 Cul Commercial Canister Vacuum #13551270,Karcher T12/1 Cul Commercial Canister Vacuum #13551270,$550.00ea,,,False,
household_items,Sylvania,Daylight Led 50 W 40° Flood Par20 Glass Bulb,SylvaniaDaylight Led 50 W 40° Flood Par20 Glass Bulb1 ea,$9.98ea,,$9.98/ 1ea,False,
household_items,,Persil Megaperls Sensitive Henkel Laundry Detergent 18 Wash Load,Persil Megaperls Sensitive Henkel Laundry Detergent 18 Wash Load,$23.99ea,,,False,
household_items,,Vernel Fresh Morning Fabric Softener - 1L,Vernel Fresh Morning Fabric Softener - 1L,$19.79ea,,,False,
household_items,PC Green,"Soft & Thick Bathroom Tissue, 12 Double Rolls ","PC GreenSoft & Thick Bathroom Tissue, 12 Double Rolls 12 rolls",$7.99ea,,$0.67/ 1ea,False,
household_items,Dawn,"EZ-Squeeze Ultra Dishwashing Liquid Dish Soap, Original Scent, ","DawnEZ-Squeeze Ultra Dishwashing Liquid Dish Soap, Original Scent, 443 ml",$3.99ea,,$0.90/ 100ml,False,
household_items,No Name,Lemon Scent Dishwasher Detergent ,No NameLemon Scent Dishwasher Detergent 1.8 kg,$5.99ea,,$0.33/ 100g,False,
household_items,Lysol,Neutraair 2 In 1 Lavender & Lily,LysolNeutraair 2 In 1 Lavender & Lily283 g,$7.99ea,,$2.82/ 100g,False,
household_items,,Nitrile Gloves Powder Free 4mil Sky Blue Medical - 2X-Large,Nitrile Gloves Powder Free 4mil Sky Blue Medical - 2X-Large,$22.99ea,,,False,
household_items,,Karcher Cyclone Surface Cleaner #89036080,Karcher Cyclone Surface Cleaner #89036080,"$2,999.99ea",,,False,
household_items,,Miele UltraPhase Detergent (Sensitive UltraPhase 2) - 2-component detergent particularly kind to the skin,Miele UltraPhase Detergent (Sensitive UltraPhase 2) - 2-component detergent particularly kind to the skin,$34.99ea,,,False,
household_items,President's Choice, 3-Ply Hypoallergenic Facial Tissues,President's Choice 3-Ply Hypoallergenic Facial Tissues78 ea,$17.99ea,,$0.23/ 1ea,False,
household_items,Downy,"Cool Cotton Liquid Fabric Conditioner (Fabric Softener) , 60 Loads","DownyCool Cotton Liquid Fabric Conditioner (Fabric Softener) , 60 Loads1.53 l",$8.99ea,$4.99ea,$0.33/ 100ml,True,saleEnds 03/01
household_items,,1.89L Concentrated Liquid Bleach - Pack of 3,1.89L Concentrated Liquid Bleach - Pack of 3,$76.41ea,,,False,
household_items,,TML Square Bowl (Silver),TML Square Bowl (Silver),$8.15ea,,,False,
household_items,Dawn,"Platinum Dishwashing Liquid Dish Soap, Refreshing Rain Scent, ","DawnPlatinum Dishwashing Liquid Dish Soap, Refreshing Rain Scent, 825 ml",$5.99ea,,$0.73/ 100ml,False,
household_items,Cascade,"Complete Dishwasher Gel, Fresh Scent  ","CascadeComplete Dishwasher Gel, Fresh Scent  2.72 l",$11.49ea,,$0.42/ 100ml,False,
household_items,,"Casabella Microfiber Glass Cloth White Honeycomb Print - 12"" X 14"" (2 Pack)","Casabella Microfiber Glass Cloth White Honeycomb Print - 12"" X 14"" (2 Pack)",$12.99ea,,,False,
household_items,,Numatic James JVP180 Hi-Power Canister Vacuum Cleaner with Accessory Tool Kit (Color Blue),Numatic James JVP180 Hi-Power Canister Vacuum Cleaner with Accessory Tool Kit (Color Blue),$439.00ea,,,False,
household_items,Palmolive,"Ultra Dishwashing Liquid Dish Soap, Ultra Strength Original","PalmoliveUltra Dishwashing Liquid Dish Soap, Ultra Strength Original591 ml",$3.99ea,,$0.68/ 100ml,False,
household_items,,"Karcher Sensor XP 18"" Commercial Upright Vacuum #10126130","Karcher Sensor XP 18"" Commercial Upright Vacuum #10126130","$1,443.00ea",,,False,
household_items,,CanaVac LS590 Signature Series Central Vacuum Cleaner | Tangential Bypass Motor Up To 5000 sq ft.| with the LS Deluxe Electric Package,CanaVac LS590 Signature Series Central Vacuum Cleaner | Tangential Bypass Motor Up To 5000 sq ft.| with the LS Deluxe Electric Package,$849.00ea,,,False,
household_items,Febreze,"Car Air Freshener Vent Clip Berry & Bramble Scent,  Car Vent Clip, 2 Count","FebrezeCar Air Freshener Vent Clip Berry & Bramble Scent,  Car Vent Clip, 2 Count4 ml",$7.49ea,,$187.25/ 100ml,False,
household_items,,"Karcher Sensor S12 12"" Commercial Upright Vacuum #10120210","Karcher Sensor S12 12"" Commercial Upright Vacuum #10120210",$926.00ea,,,False,
household_items,Glad,Kitchen Catchers White Garbage Bags - Tall 45 Litres - Febreze Fresh Clean Scent,GladKitchen Catchers White Garbage Bags - Tall 45 Litres - Febreze Fresh Clean Scent30 ea,$9.99ea,$8.99ea,$0.30/ 1ea,True,saleEnds 03/22
household_items,,Michaels Procare M60 Plus Wet/Dry Canister Vacuum,Michaels Procare M60 Plus Wet/Dry Canister Vacuum,$549.99ea,,,False,
household_items,Kleenex,"On-The-Go Facial Tissues, 8 Travel Packs, 10 Tissues per Pack (80 Total Tissues)","KleenexOn-The-Go Facial Tissues, 8 Travel Packs, 10 Tissues per Pack (80 Total Tissues)80 ea",$4.49ea,,$0.06/ 1ea,False,
household_items,,Panasonic MCCG902 & MCCG901 Canister (Pack of 6),Panasonic MCCG902 & MCCG901 Canister (Pack of 6),$17.99ea,,,False,
household_items,SOS,Steel Wool Soap Pads,SOSSteel Wool Soap Pads18 ea,$6.49ea,,$0.36/ 1ea,False,
household_items,Mr. Clean,"Liquid Antibacterial Cleaner, Summer Citrus","Mr. CleanLiquid Antibacterial Cleaner, Summer Citrus828 ml",$6.49ea,,$0.78/ 100ml,False,
household_items,,"Dirt Devil 3M Filtrete Bag ""F""","Dirt Devil 3M Filtrete Bag ""F""",$9.99ea,,,False,
household_items,,Red Label 2 Ply Kitchen Paper Towel 120 Sheet Red by Renova,Red Label 2 Ply Kitchen Paper Towel 120 Sheet Red by Renova,$25.60ea,,,False,
household_items,,Easy Heat ADKS-1200 240 ft Roof Gutter Cable,Easy Heat ADKS-1200 240 ft Roof Gutter Cable,$274.80ea,,,False,
household_items,,NACECARE HX14 Upright Dual Motor Commercial Vacuum,NACECARE HX14 Upright Dual Motor Commercial Vacuum,$569.00ea,,,False,
household_items,,Esteam Cinnamon Odor Fresh 1 Gallon-Case of 4,Esteam Cinnamon Odor Fresh 1 Gallon-Case of 4,$169.99ea,,,False,
household_items,,Grey Turbo Tp210 & Pw210 OEM Rear Wheel,Grey Turbo Tp210 & Pw210 OEM Rear Wheel,$7.99ea,,,False,
household_items,Air Wick," Freshmatic, Air Freshener, Sparkling Citrus, 1 Refill","Air Wick Freshmatic, Air Freshener, Sparkling Citrus, 1 Refill175 g",$9.49ea,,$5.27/ 100g,False,
household_items,Vileda,Bee Mop Classic Sponge Roller Mop,ViledaBee Mop Classic Sponge Roller Mop1 ea,$24.99ea,,$24.99/ 1ea,False,
household_items,,Safco Onyx Break Room Organizer in Black,Safco Onyx Break Room Organizer in Black,$175.18ea,,,False,
household_items,,Safco Onyx 3 Tier Break Room Organizer in Black,Safco Onyx 3 Tier Break Room Organizer in Black,$134.43ea,,,False,
household_items,Downy,"RINSE & REFRESH Laundry Odor Remover and Fabric Softener, Fresh Lavender, Safe on ALL Fabrics, Gentle on Skin, HE Compatible","DownyRINSE & REFRESH Laundry Odor Remover and Fabric Softener, Fresh Lavender, Safe on ALL Fabrics, Gentle on Skin, HE Compatible754 ml",$10.99ea,,$1.46/ 100ml,False,
household_items,Sylvania,Daylight Led 60 W B10 Clear Bulbs,SylvaniaDaylight Led 60 W B10 Clear Bulbs2x1.0 ea,$12.98ea,,$6.49/ 1ea,False,
household_items,Tide,Plus Febreze Freshness Botanical Rain Clean Liquid Laundry Detergent,TidePlus Febreze Freshness Botanical Rain Clean Liquid Laundry Detergent4.55 l,$22.99ea,,$0.51/ 100ml,False,
household_items,,Hertel All Purpose Plus Odour Eliminator 700ml,Hertel All Purpose Plus Odour Eliminator 700ml,$18.79ea,,,False,
household_items,Goo Gone,Spray Gel,Goo GoneSpray Gel355 ml,$8.99ea,,$2.53/ 100ml,False,
household_items,Downy,"Infusions In-Wash Scent Booster Beads, Calm, Lavender and Vanilla Bean","DownyInfusions In-Wash Scent Booster Beads, Calm, Lavender and Vanilla Bean570 g",$18.99ea,,$3.33/ 100g,False,
household_items,,Nitrile Gloves Powder Free 4mil Sky Blue Medical - Small,Nitrile Gloves Powder Free 4mil Sky Blue Medical - Small,$22.99ea,,,False,
household_items,Glad,"Blue Recycling Bags - Tall 45 Litres - ForceFlex, Drawstring","GladBlue Recycling Bags - Tall 45 Litres - ForceFlex, Drawstring50 ea",$14.99ea,,$0.30/ 1ea,False,
household_items,,Hertel All Purpose Plus Odour Eliminator 700ml - Pack of 3,Hertel All Purpose Plus Odour Eliminator 700ml - Pack of 3,$26.97ea,,,False,
household_items,,Neato Robotics D10 Lithium-Ion Battery,Neato Robotics D10 Lithium-Ion Battery,$99.99ea,,,False,
household_items,,Johnny Vac HEPA Bag For Jazz and XV3 Canister Vacuum,Johnny Vac HEPA Bag For Jazz and XV3 Canister Vacuum,$19.99ea,,,False,
household_items,,Critical Filter HEPA H-class Conductive Dust Collection Commercial Vacuum with 5 Stage Filtration & 2 Application Accessories,Critical Filter HEPA H-class Conductive Dust Collection Commercial Vacuum with 5 Stage Filtration & 2 Application Accessories,"$1,899.99ea",,,False,
household_items,Air Wick,"Air Fresheners, Diffuser Refill, Fresh Water Breeze, 1 Count, Air FreshenerÂ ","Air WickAir Fresheners, Diffuser Refill, Fresh Water Breeze, 1 Count, Air FreshenerÂ 20 ml",$9.49ea,,$47.45/ 100ml,False,
household_items,,Johnny VAC JV304 11.4Gal Commercial Wet/Dry Vacuum,Johnny VAC JV304 11.4Gal Commercial Wet/Dry Vacuum,$869.99ea,,,False,
household_items,,CanaVac LS590 Signature Series Central Vacuum Cleaner | Tangential Bypass Motor Up to 5000 sq ft | with The LS Electric Power Package,CanaVac LS590 Signature Series Central Vacuum Cleaner | Tangential Bypass Motor Up to 5000 sq ft | with The LS Electric Power Package,$899.00ea,,,False,
household_items,Febreze,"Air Fresheners, Odor-Eliminating Fabric Refresher Extra Strength Botanical Breeze","FebrezeAir Fresheners, Odor-Eliminating Fabric Refresher Extra Strength Botanical Breeze800 ml",$7.99ea,,$1.00/ 100ml,False,
household_items,,"Bona Professional Series Microplus Mop W/ Dusting Pad - 18""","Bona Professional Series Microplus Mop W/ Dusting Pad - 18""",$19.99ea,,,False,
household_items,,Esteam Lemon Deodorizer I Gallon-Case of 4,Esteam Lemon Deodorizer I Gallon-Case of 4,$184.99ea,,,False,
household_items,,Wireless Desktop Mini Dust Vacuum Dirty Cleaner Rechargeable Black Moustache,Wireless Desktop Mini Dust Vacuum Dirty Cleaner Rechargeable Black Moustache,$19.99ea,,,False,
household_items,Swiffer,Sweeper Wet Mopping Pad Multi Surface Refills Lavender & Vanilla,SwifferSweeper Wet Mopping Pad Multi Surface Refills Lavender & Vanilla24 ea,$12.99ea,$11.99ea,$0.50/ 1ea,True,saleEnds 03/01
household_items,,New Generation Traffic Lane Preconditioner Concentrate Gallon,New Generation Traffic Lane Preconditioner Concentrate Gallon,$30.00ea,,,False,
household_items,,"Karcher Versamatic 18"" Upright Vacuum With HEPA Filter #10126070","Karcher Versamatic 18"" Upright Vacuum With HEPA Filter #10126070","$1,556.00ea",,,False,
household_items,,Esteam Urine Remover 1 Gallon-Case of 4,Esteam Urine Remover 1 Gallon-Case of 4,$209.99ea,,,False,
household_items,Clorox,"Wipes Disinfecting, Lemon Fresh","CloroxWipes Disinfecting, Lemon Fresh75 ea",$6.99ea,,$0.09/ 1ea,False,
household_items,,Wooden Mallet 4 Pocket Glove and Tissue Box Holder in Medium Oak,Wooden Mallet 4 Pocket Glove and Tissue Box Holder in Medium Oak,$138.36ea,,,False,
household_items,,Little Tree Car Air Freshener No Smoking Black Ice,Little Tree Car Air Freshener No Smoking Black Ice,$23.20ea,,,False,
household_items,,Wet/Dry Vacuum 16-22 U.S Gallon Replacement High Efficiency Filtration Bag,Wet/Dry Vacuum 16-22 U.S Gallon Replacement High Efficiency Filtration Bag,$29.99ea,,,False,
household_items,,Whitefurze Round Plastic Washing Bowl (Silver),Whitefurze Round Plastic Washing Bowl (Silver),$26.60ea,,,False,
household_items,,Xtrcity - Energy Saving LED Bulb Dimmable 9W Type A 5000K Daylight,Xtrcity - Energy Saving LED Bulb Dimmable 9W Type A 5000K Daylight,$20.97ea,,,False,
household_items,No Name,Pot Pie Pans with Lids,No NamePot Pie Pans with Lids6x1.0 ea,$5.99ea,,$1.00/ 1ea,False,
household_items,Eco-Max,All Purpose Cleaner Lemongrass,Eco-MaxAll Purpose Cleaner Lemongrass800 ml,$3.99ea,,$0.50/ 100ml,False,
household_items,Vileda,"Scrunge Dishwand with Extra Refill, Dispensing Soap Handle","ViledaScrunge Dishwand with Extra Refill, Dispensing Soap Handle1 ea",$4.99ea,,$4.99/ 1ea,False,
household_items,Fleecy,"Liquid Fabric Softener, Fresh Air, 57 Loads","FleecyLiquid Fabric Softener, Fresh Air, 57 Loads1.36 l",$5.99ea,,$0.44/ 100ml,False,
household_items,,BAZZ BG9AXZ G9 LED Bulb,BAZZ BG9AXZ G9 LED Bulb,$22.97ea,,,False,
household_items,Dawn,"Free and Clear Dishwashing Liquid Dish Soap, Lemon Essence,  ","DawnFree and Clear Dishwashing Liquid Dish Soap, Lemon Essence,  825 ml",$5.99ea,,$0.73/ 100ml,False,
household_items,Febreze,Odor-Eliminating Plug Air Freshener Single Refill Fresh Starter Kit,FebrezeOdor-Eliminating Plug Air Freshener Single Refill Fresh Starter Kit26 ml,$8.99ea,,$34.58/ 100ml,False,
household_items,Downy,"Unstopable In-Wash Scent Booster Beads, Lush ","DownyUnstopable In-Wash Scent Booster Beads, Lush 570 g",$18.99ea,,$3.33/ 100g,False,
household_items,,Royal Dirt OEM Devil Paper Bag Type AB,Royal Dirt OEM Devil Paper Bag Type AB,$4.62ea,,,False,
household_items,,Casabella Microfiber Cleaning Cloth For Crystal And Fine China,Casabella Microfiber Cleaning Cloth For Crystal And Fine China,$7.00ea,,,False,
household_items,Air Wick,Fresh New Day Scented Oil Simply Cotton,Air WickFresh New Day Scented Oil Simply Cotton1 ea,$8.99ea,,$8.99/ 1ea,False,
household_items,,Glade Expressions Aerosol Refill Pineapple & Mangosteen 7 oz,Glade Expressions Aerosol Refill Pineapple & Mangosteen 7 oz,$25.12ea,,,False,
household_items,,Renuzit Gel Air Freshener Tranquil Falls 12 Count,Renuzit Gel Air Freshener Tranquil Falls 12 Count,$69.99ea,,,False,
household_items,,VPC Central Vacuum Accessory Kit with Sweep N' Groom Electric Powerhead | Deluxe Tool Set & Bonus Tool Set,VPC Central Vacuum Accessory Kit with Sweep N' Groom Electric Powerhead | Deluxe Tool Set & Bonus Tool Set,$409.98ea,,,False,
household_items,,"Allegro Compact and Powerful RV Central Vacuum System for 8,000 Square Foot","Allegro Compact and Powerful RV Central Vacuum System for 8,000 Square Foot",$349.99ea,,,False,
household_items,,"Hoover/ Johnny Vac OEM Paper Bag Type ""S""","Hoover/ Johnny Vac OEM Paper Bag Type ""S""",$13.99ea,,,False,
household_items,,Kenmore Canister Vacuum HEPA Bags 5043 Type C - 10 Pack,Kenmore Canister Vacuum HEPA Bags 5043 Type C - 10 Pack,$59.99ea,,,False,
household_items,,"Eureka 3M Filtrete Bag ""J""","Eureka 3M Filtrete Bag ""J""",$14.99ea,,,False,
household_items,,Michaels Ring Bag for Dustbane,Michaels Ring Bag for Dustbane,$34.99ea,,,False,
household_items,,Hoover OEM Allergen Paper Bag,Hoover OEM Allergen Paper Bag,$52.99ea,,,False,
household_items,,"Hoover 3M Paper Bag Type ""H""","Hoover 3M Paper Bag Type ""H""",$11.99ea,,,False,
household_items,,Kirby Traditional OEM Style 1 Paper Bag,Kirby Traditional OEM Style 1 Paper Bag,$15.99ea,,,False,
household_items,,Resolve High Traffic Carpet Foam 22 oz Can Cleans Freshens Softens & Removes Stains (Pack of 4),Resolve High Traffic Carpet Foam 22 oz Can Cleans Freshens Softens & Removes Stains (Pack of 4),$84.99ea,,,False,
household_items,,JCB LED A60 1520lm Opal 15w Light Bulb E27 2700k,JCB LED A60 1520lm Opal 15w Light Bulb E27 2700k,$11.30ea,,,False,
household_items,,Long Handle Gong Brush - Stiff Fiber,Long Handle Gong Brush - Stiff Fiber,$19.99ea,,,False,
household_items,Snuggle,SuperFresh Fabric Conditioner Original 30 Loads ,SnuggleSuperFresh Fabric Conditioner Original 30 Loads 937 ml,$7.99ea,,$0.85/ 100ml,False,
household_items,,Hertel Glass & Surfaces Cleaner Fresh Ambiance 700ML,Hertel Glass & Surfaces Cleaner Fresh Ambiance 700ML,$18.99ea,,,False,
household_items,Mr. Clean,"Liquid All Purpose Cleaner With Febreze, Meadows and Rain","Mr. CleanLiquid All Purpose Cleaner With Febreze, Meadows and Rain3.8 l",$15.49ea,,$0.41/ 100ml,False,
household_items,Sylvania,Daylight Led 50 W 40° Flood Par16 Glass Bulb,SylvaniaDaylight Led 50 W 40° Flood Par16 Glass Bulb1 ea,$9.98ea,,$9.98/ 1ea,False,
household_items,President's Choice,"Facial Tissues, Pocket Pack","President's ChoiceFacial Tissues, Pocket Pack8x10.0 sheets",$4.49ea,,$5.61/ 100ea,False,
household_items,,Esteam Natural Fibre Upholstery Prespray 1 Gallon-Case of 4,Esteam Natural Fibre Upholstery Prespray 1 Gallon-Case of 4,$199.90ea,,,False,
household_items,No Name,2-Ply Hypoallergenic Facial Tissues,No Name2-Ply Hypoallergenic Facial Tissues90 sheets,$1.99ea,,$2.21/ 100sh,False,
household_items,Lysol,"Toilet Bowl Cleaner, Continuous Action Puck","LysolToilet Bowl Cleaner, Continuous Action Puck100 g",$4.29ea,,$4.29/ 100g,False,
household_items,,CanaVac LS590 Signature Series Central Vacuum Cleaner | Tangential Bypass Motor Up to 5000 sq ft | with the VPC Ultra Electric Package,CanaVac LS590 Signature Series Central Vacuum Cleaner | Tangential Bypass Motor Up to 5000 sq ft | with the VPC Ultra Electric Package,$919.00ea,,,False,
household_items,,Glasses Cloth,Glasses Cloth,$12.99ea,,,False,
household_items,Lysol,"Multi-Purpose Cleaning Wipes, Herbal Tea Scent","LysolMulti-Purpose Cleaning Wipes, Herbal Tea Scent50 ea",$6.99ea,,$0.14/ 1ea,False,
household_items,Cascade,"Complete ActionPacs, Dishwasher Detergent, Fresh Scent, 48 count","CascadeComplete ActionPacs, Dishwasher Detergent, Fresh Scent, 48 count48 ea",$17.99ea,,$0.37/ 1ea,False,
household_items,Sylvania,B10 Clear Bulbs Soft White Led 60 W,SylvaniaB10 Clear Bulbs Soft White Led 60 W2x1.0 ea,$12.98ea,,$6.49/ 1ea,False,
household_items,,Esteam Alkaline Blood Stain Remover RTU Litre,Esteam Alkaline Blood Stain Remover RTU Litre,$38.99ea,,,False,
household_items,Persil,Detergent Intense Fresh,PersilDetergent Intense Fresh4.43 l,$23.99ea,,$0.54/ 100ml,False,
household_items,Lysol,Automatic Toilet Bowl Cleaner Crystal Waters,LysolAutomatic Toilet Bowl Cleaner Crystal Waters80 g,$4.99ea,,$6.24/ 100g,False,
household_items,,Juice Out Food Color Stain Remover 16Oz,Juice Out Food Color Stain Remover 16Oz,$52.00ea,,,False,
household_items,,"Panasonic OEM Paper Bag Type ""U6""","Panasonic OEM Paper Bag Type ""U6""",$17.99ea,,,False,
household_items,,"Electrolux / Eureka 3M Filtrete Bag ""OX""","Electrolux / Eureka 3M Filtrete Bag ""OX""",$10.99ea,,,False,
household_items,,"Kirby HEPA Micro Bag Style ""F""","Kirby HEPA Micro Bag Style ""F""",$38.99ea,,,False,
household_items,,Nilfisk Cloth Bags for Aero 20/21/25/26/31 And VL200 5pk#107419590,Nilfisk Cloth Bags for Aero 20/21/25/26/31 And VL200 5pk#107419590,$34.99ea,,,False,
household_items,,"Simplicity OEM Hepa Bag Type ""X""","Simplicity OEM Hepa Bag Type ""X""",$30.99ea,,,False,
household_items,,"Hoover 3M Filtrete Bag ""J""","Hoover 3M Filtrete Bag ""J""",$7.99ea,,,False,
household_items,,"Hoover OEM Paper Bag Type ""K""","Hoover OEM Paper Bag Type ""K""",$11.99ea,,,False,
household_items,,Ramon Optima Galvanised Steel Scourers (Pack Of 10),Ramon Optima Galvanised Steel Scourers (Pack Of 10),$14.13ea,,,False,
household_items,Air Wick,"Freshmatic, Air Freshener, Lavender & Chamomile, 1 Refill","Air WickFreshmatic, Air Freshener, Lavender & Chamomile, 1 Refill175 g",$9.49ea,,$5.27/ 100g,False,
household_items,,Scranton & Co 36 Gallon Plastic Liner,Scranton & Co 36 Gallon Plastic Liner,$244.63ea,,,False,
household_items,,"Royal Dirt Devil OEM HEPA Bag Type ""B""","Royal Dirt Devil OEM HEPA Bag Type ""B""",$7.99ea,,,False,
household_items,,Esteam Encap EC 1 Gallon-Case of 4,Esteam Encap EC 1 Gallon-Case of 4,$209.99ea,,,False,
household_items,Swiffer,"Sweeper Dry Heavy Duty Dry Sweeping Cloths, 20 Count","SwifferSweeper Dry Heavy Duty Dry Sweeping Cloths, 20 Count20 ea",$12.99ea,$11.99ea,$0.60/ 1ea,True,saleEnds 03/01
household_items,Air Wick,"Air Freshener, Scented Oil, Vanilla Passion, 2 Refill","Air WickAir Freshener, Scented Oil, Vanilla Passion, 2 Refill2x20.0 ml",$12.99ea,,$32.48/ 100ml,False,
household_items,Fleecy,Sensations Concentrated Fabric Conditioner Hawaiian Escape,FleecySensations Concentrated Fabric Conditioner Hawaiian Escape1.36 l,$7.49ea,,$0.55/ 100ml,False,
household_items,Sylvania,Soft White Led 40 W B10 Frosted Bulbs,SylvaniaSoft White Led 40 W B10 Frosted Bulbs2x1.0 ea,$12.98ea,,$6.49/ 1ea,False,
household_items,Air Wick,"Vipoo Toilet Perfume Spray, Lemon Idol","Air WickVipoo Toilet Perfume Spray, Lemon Idol55 ml",$7.99ea,,$14.53/ 100ml,False,
household_items,,"Dirt Devil Royal 3M Paper Bag Type ""K""","Dirt Devil Royal 3M Paper Bag Type ""K""",$9.99ea,,,False,
household_items,,Electrolux/ Euroclean Dustlock Bag,Electrolux/ Euroclean Dustlock Bag,$17.99ea,,,False,
household_items,,Eveready B15 LED Candle Bulb (Warm White),Eveready B15 LED Candle Bulb (Warm White),$5.89ea,,,False,
household_items,,JCB LED A60 470lm Opal 6w Light Bulb B22 2700k,JCB LED A60 470lm Opal 6w Light Bulb B22 2700k,$7.55ea,,,False,
household_items,,Hill Interiors Edison Fillament Round Globe Bulb (Clear),Hill Interiors Edison Fillament Round Globe Bulb (Clear),$27.80ea,,,False,
household_items,,Energizer LED GLS 806lm Opal 9.2w Light Bulb B22 2700k,Energizer LED GLS 806lm Opal 9.2w Light Bulb B22 2700k,$9.05ea,,,False,
household_items,,Energizer GU10 LED Bulb,Energizer GU10 LED Bulb,$7.28ea,,,False,
household_items,,JCB LED GU10 3w Light Bulb Cap 235lm 3000k Warm White,JCB LED GU10 3w Light Bulb Cap 235lm 3000k Warm White,$6.80ea,,,False,
household_items,,JCB LED GU10 3w Light Bulb Cap 250lm 6500k Daylight,JCB LED GU10 3w Light Bulb Cap 250lm 6500k Daylight,$6.80ea,,,False,
household_items,,Lyveco GU10 5W 4000K LED Spot Light,Lyveco GU10 5W 4000K LED Spot Light,$6.39ea,,,False,
household_items,,Lyveco SBC Clear LED 2 Filament 240 Lumens Candle 2700K Light Bulb (Transparent),Lyveco SBC Clear LED 2 Filament 240 Lumens Candle 2700K Light Bulb (Transparent),$8.75ea,,,False,
household_items,,Eveready R80 LED Bulb,Eveready R80 LED Bulb,$10.85ea,,,False,
household_items,,Toastabags Cooking Liner,Toastabags Cooking Liner,$7.02ea,,,False,
household_items,,Eveready LED GLS Bulb,Eveready LED GLS Bulb,$6.80ea,,,False,
household_items,,Eveready LED GLS Bulb (Warm White),Eveready LED GLS Bulb (Warm White),$8.75ea,,,False,
household_items,,Sealapack Baking Paper Sheets,Sealapack Baking Paper Sheets,$21.80ea,,,False,
household_items,,Energizer LED 300lm 3.5w Frosted Strip Tube Light Warm White,Energizer LED 300lm 3.5w Frosted Strip Tube Light Warm White,$19.85ea,,,False,
household_items,,Eveready Energy Saver 4 Pin Bulb,Eveready Energy Saver 4 Pin Bulb,$10.30ea,,,False,
household_items,,Eveready LED GLS Bulb,Eveready LED GLS Bulb,$5.78ea,,,False,
household_items,,Energizer Filament LED B22 Bulb (Antique Gold),Energizer Filament LED B22 Bulb (Antique Gold),$10.00ea,,,False,
household_items,,Red Gorilla Plas Feeding Bucket,Red Gorilla Plas Feeding Bucket,$35.18ea,,,False,
household_items,,Energizer Filament LED E27 Bulb (Antique Gold),Energizer Filament LED E27 Bulb (Antique Gold),$10.00ea,,,False,
household_items,,Lyveco ES LED Filament Candle Bulb (Clear),Lyveco ES LED Filament Candle Bulb (Clear),$10.05ea,,,False,
household_items,,Miele UltraPhase Detergent (Original 6-Pack (3x UP1 3x UP2)) 2-component detergent for whites colours and delicates,Miele UltraPhase Detergent (Original 6-Pack (3x UP1 3x UP2)) 2-component detergent for whites colours and delicates,$184.94ea,,,False,
household_items,,Energizer E14 Golf Bulb (Warm White),Energizer E14 Golf Bulb (Warm White),$7.80ea,,,False,
household_items,,Hoover OEM Allergen Bag Type B 3 Pack,Hoover OEM Allergen Bag Type B 3 Pack,$22.99ea,,,False,
household_items,,"Royal OEM Aire Paper Bag Type ""B""","Royal OEM Aire Paper Bag Type ""B""",$20.99ea,,,False,
household_items,,NSS Pacer 30 Paper Bags From Janitized 3PK-3190791,NSS Pacer 30 Paper Bags From Janitized 3PK-3190791,$34.99ea,,,False,
household_items,,Riccar Brilliance OEM HEPA Bag 6PK,Riccar Brilliance OEM HEPA Bag 6PK,$40.99ea,,,False,
household_items,,"Shop-Vac OEM Paper Bag Type ""F""","Shop-Vac OEM Paper Bag Type ""F""",$69.99ea,,,False,
household_items,,"Electrolux/ Eureka OEM Bag Type ""S"" Ultra Long performance-3pk","Electrolux/ Eureka OEM Bag Type ""S"" Ultra Long performance-3pk",$31.99ea,,,False,
household_items,,Panasonic C C-3 Bag 3M Filtrete,Panasonic C C-3 Bag 3M Filtrete,$9.99ea,,,False,
household_items,,Hoover OEM Hepa Bag Type Q 25 Pack,Hoover OEM Hepa Bag Type Q 25 Pack,$86.99ea,,,False,
household_items,,General Electric Paper Bag,General Electric Paper Bag,$7.99ea,,,False,
household_items,,Kirby OEM Allergen Reduction HEPA Bags - Pack of 2,Kirby OEM Allergen Reduction HEPA Bags - Pack of 2,$29.99ea,,,False,
household_items,,Kirby OEM Zipper Cloth Bag w/ Tube - USED,Kirby OEM Zipper Cloth Bag w/ Tube - USED,$132.99ea,,,False,
household_items,,Duovac Filtre-196DV Central Vacuum Hepa Bags,Duovac Filtre-196DV Central Vacuum Hepa Bags,$33.99ea,,,False,
household_items,,"Hoover OEM Paper Bag Type ""N""","Hoover OEM Paper Bag Type ""N""",$14.99ea,,,False,
household_items,,"Eureka Can Bag Type ""CN-2""","Eureka Can Bag Type ""CN-2""",$7.99ea,,,False,
household_items,,"Royal/ Hoover OEM Paper Bag Type ""T""","Royal/ Hoover OEM Paper Bag Type ""T""",$29.99ea,,,False,
household_items,,"Hoover Top Fill Paper Bag Type ""A"" & ""B""","Hoover Top Fill Paper Bag Type ""A"" & ""B""",$10.99ea,,,False,
household_items,,"Dirt Devil 3M Filtrete Bag ""D""","Dirt Devil 3M Filtrete Bag ""D""",$14.99ea,,,False,
household_items,,Compact Tristar Cloth Bag With Metal Ring,Compact Tristar Cloth Bag With Metal Ring,$37.99ea,,,False,
household_items,,"Hoover 3M Filtrete Bag ""Y"" & ""Z"" - PAPER BAG","Hoover 3M Filtrete Bag ""Y"" & ""Z"" - PAPER BAG",$9.99ea,,,False,
household_items,,Johnny Vac HEPA Bags for Numatic NVM1C 200 225 250 RSV130,Johnny Vac HEPA Bags for Numatic NVM1C 200 225 250 RSV130,$19.99ea,,,False,
household_items,,Bora 12 Paper Bag With Bag Closer,Bora 12 Paper Bag With Bag Closer,$45.99ea,,,False,
household_items,,"Hoover OEM Paper Bag Type ""G"" And ""F""","Hoover OEM Paper Bag Type ""G"" And ""F""",$9.99ea,,,False,
household_items,,Eureka/ Sanitaire Upright Paper Bag,Eureka/ Sanitaire Upright Paper Bag,$10.99ea,,,False,
household_items,,Samsung 5490 & 5863 Upright Cloth Bag,Samsung 5490 & 5863 Upright Cloth Bag,$39.99ea,,,False,
household_items,,Eveready SES E14 LED Candle Bulb (Daylight),Eveready SES E14 LED Candle Bulb (Daylight),$5.89ea,,,False,
household_items,,Toastabags Oven and BBQ Bags (Pack of 10) (Clear),Toastabags Oven and BBQ Bags (Pack of 10) (Clear),$7.55ea,,,False,
household_items,,Luceco GU10 LED Dimmable Light Bulb (Warm White),Luceco GU10 LED Dimmable Light Bulb (Warm White),$9.36ea,,,False,
household_items,,Kirby Traditional OEM Style 1 Paper Bag,Kirby Traditional OEM Style 1 Paper Bag,$15.99ea,,,False,
household_items,,Eveready SES E14 LED Candle Bulb (Daylight),Eveready SES E14 LED Candle Bulb (Daylight),$5.89ea,,,False,
household_items,,Toastabags Oven and BBQ Bags (Pack of 10) (Clear),Toastabags Oven and BBQ Bags (Pack of 10) (Clear),$7.55ea,,,False,
household_items,,SupaLite Fireglow Bulb (Pack Of 10),SupaLite Fireglow Bulb (Pack Of 10),$24.25ea,,,False,
household_items,,"Allegro Compact and Powerful RV Central Vacuum System for 8,000 Square Foot","Allegro Compact and Powerful RV Central Vacuum System for 8,000 Square Foot",$349.99ea,,,False,
household_items,,Esteam Liquid CBS Concentrated Liquid Emulsifier 1 Gallon-Case of 4,Esteam Liquid CBS Concentrated Liquid Emulsifier 1 Gallon-Case of 4,$269.99ea,,,False,
household_items,Clorox,"Wipes Disinfecting, Lemon Fresh","CloroxWipes Disinfecting, Lemon Fresh75 ea",$6.99ea,,$0.09/ 1ea,False,
household_items,Sylvania,Soft White Led 40 W B10 Frosted Bulbs,SylvaniaSoft White Led 40 W B10 Frosted Bulbs2x1.0 ea,$12.98ea,,$6.49/ 1ea,False,
household_items,Air Wick,"Vipoo Toilet Perfume Spray, Lemon Idol","Air WickVipoo Toilet Perfume Spray, Lemon Idol55 ml",$7.99ea,,$14.53/ 100ml,False,
household_items,,"Panasonic OEM Paper Bag Type ""U6""","Panasonic OEM Paper Bag Type ""U6""",$17.99ea,,,False,
household_items,,Scranton & Co 36 Gallon Plastic Liner,Scranton & Co 36 Gallon Plastic Liner,$244.63ea,,,False,
household_items,,Electrolux/ Euroclean Dustlock Bag,Electrolux/ Euroclean Dustlock Bag,$17.99ea,,,False,
household_items,,"Cyclovac HEPA Small 10.25 x 21"" Bag","Cyclovac HEPA Small 10.25 x 21"" Bag",$31.99ea,,,False,
household_items,,NSS Pacer 30 Paper Bags From Janitized 3PK-3190791,NSS Pacer 30 Paper Bags From Janitized 3PK-3190791,$34.99ea,,,False,
household_items,,Riccar Brilliance OEM HEPA Bag 6PK,Riccar Brilliance OEM HEPA Bag 6PK,$40.99ea,,,False,
household_items,Purex, Coldwater Laundry Liquid,Purex Coldwater Laundry Liquid2.03 l,$9.99ea,,$0.49/ 100ml,False,
household_items,Ziploc,"Sandwich Food Storage Bags, Grip 'n Seal Technology","ZiplocSandwich Food Storage Bags, Grip 'n Seal Technology270 ea",$12.99ea,,$0.05/ 1ea,False,
household_items,No Name,Aluminum Foil 100 ft,No NameAluminum Foil 100 ft1 ea,$7.29ea,,$7.29/ 1ea,False,
household_items,Fleecy,"Fabric Softener Dryer Sheets, Fresh Air","FleecyFabric Softener Dryer Sheets, Fresh Air80 sheets",$6.99ea,,,False,
household_items,Tide,"Tide Pods Liquid Laundry Detergent pacs, Spring Meadow Scent, 112 count","TideTide Pods Liquid Laundry Detergent pacs, Spring Meadow Scent, 112 count112 ea",$36.99ea,,$0.33/ 1ea,False,
household_items,Tide,"Ultra Oxi Liquid Laundry Detergent Pods, 61 Count","TideUltra Oxi Liquid Laundry Detergent Pods, 61 Count1.81 kg",$22.99ea,,$0.38/ 1ea,False,
household_items,Tide,"With Downy, Liquid Laundry Detergent Pods, April Fresh, 61 Count","TideWith Downy, Liquid Laundry Detergent Pods, April Fresh, 61 Count61 ea",$22.99ea,,$1.45/ 100g,False,
household_items,No Name,Plastic Wrap ,No NamePlastic Wrap 1 ea,$3.99ea,,$3.99/ 1ea,False,
household_items,Purex," Laundry Liquid, After the Rain","Purex Laundry Liquid, After the Rain4.43 l",$17.99ea,$11.99ea,$0.27/ 100ml,True,saleEnds 03/01
household_items,Tide,"Zero Liquid Laundry Detergent, Soft Lavender Scent, CleanScent Technology","TideZero Liquid Laundry Detergent, Soft Lavender Scent, CleanScent Technology2.04 l",$12.99ea,,$0.64/ 100ml,False,
household_items,Ivory Snow,"Blissfuls In-Wash Scent Booster Beads, Baby Fresh Scent","Ivory SnowBlissfuls In-Wash Scent Booster Beads, Baby Fresh Scent422 g",$11.99ea,,$2.84/ 100g,False,
household_items,Ziploc,"Large Food Storage Freezer Bags, Grip 'n Seal Technology","ZiplocLarge Food Storage Freezer Bags, Grip 'n Seal Technology60 ea",$12.99ea,,$0.22/ 1ea,False,
household_items,Tide,"Ultra Oxi Liquid Laundry Detergent Pods, 23 Count","TideUltra Oxi Liquid Laundry Detergent Pods, 23 Count23 ea",$12.99ea,,$0.56/ 1ea,False,
household_items,Ziploc,"Large Food Storage Freezer Bags, Grip 'n Seal Technology","ZiplocLarge Food Storage Freezer Bags, Grip 'n Seal Technology28 ea",$9.49ea,,$0.34/ 1ea,False,
household_items,Ziploc,"Large Food Storage Freezer Bags, Grip 'n Seal Technology","ZiplocLarge Food Storage Freezer Bags, Grip 'n Seal Technology76 ea",$15.99ea,,$0.21/ 1ea,False,
household_items,Lysol,"Disinfectant Spray, Spring Waterfall","LysolDisinfectant Spray, Spring Waterfall350 g",$6.49ea,,$1.85/ 100g,False,
household_items,Ziploc,"Sandwich Food Storage Bags, Grip 'n Seal Technology","ZiplocSandwich Food Storage Bags, Grip 'n Seal Technology180 ea",$8.99ea,,$0.05/ 1ea,False,
household_items,Tide,"Downy  Liquid Laundry Detergent Pods, April Fresh, 23 Count","TideDowny  Liquid Laundry Detergent Pods, April Fresh, 23 Count23 ea",$12.99ea,,$0.56/ 1ea,False,
household_items,Glad,ClingWrap Plastic Wrap,GladClingWrap Plastic Wrap30 m,$3.99ea,,$0.13/ 1mr,False,
household_items,Gain,"Flings AromaBoost Laundry Detergent Pacs, Moonlight Breeze, 81 Count","GainFlings AromaBoost Laundry Detergent Pacs, Moonlight Breeze, 81 Count81 ea",$22.99ea,,$0.28/ 1ea,False,
household_items,Tide,2x Ultra With Febreze Freshness Detergent,Tide2x Ultra With Febreze Freshness Detergent2.04 l,$12.99ea,,$0.64/ 100ml,False,
household_items,Tide,Sport Odor Defense He Turbo Clean Liquid Laundry Detergent,TideSport Odor Defense He Turbo Clean Liquid Laundry Detergent2.04 l,$12.99ea,,$0.64/ 100ml,False,
household_items,Tide,Plus Febreze Freshness Botanical Rain Clean Liquid Laundry Detergent,TidePlus Febreze Freshness Botanical Rain Clean Liquid Laundry Detergent1.09 l,$10.49ea,,$0.96/ 100ml,False,
household_items,Gain,"Liquid Laundry Detergent, Coldwater","GainLiquid Laundry Detergent, Coldwater4.55 l",$22.99ea,,$0.51/ 100ml,False,
household_items,Ziploc,"Sandwich Food Storage Bags, Grip 'n Seal Technology","ZiplocSandwich Food Storage Bags, Grip 'n Seal Technology40 ea",$4.99ea,,$0.12/ 1ea,False,
household_items,No Name,Large Zipper Freezer Bags,No NameLarge Zipper Freezer Bags30 ea,$8.49ea,,$0.28/ 1ea,False,
household_items,Gain,"flings! Liquid Laundry Detergent Pacs, Moonlight Breeze, 14 count","Gainflings! Liquid Laundry Detergent Pacs, Moonlight Breeze, 14 count14 ea",$7.29ea,$4.99ea,$0.36/ 1ea,True,saleEnds 03/01
household_items,Tide,"Coldwater Clean Fresh Scent Liquid Laundry Detergent,  44 loads","TideColdwater Clean Fresh Scent Liquid Laundry Detergent,  44 loads2.04 l",$14.99ea,$12.99ea,$0.64/ 100ml,True,saleEnds 03/08
household_items,Sylvania,B10 Clear Bulbs Soft White Led 60 W,SylvaniaB10 Clear Bulbs Soft White Led 60 W2x1.0 ea,$12.98ea,,$6.49/ 1ea,False,
household_items,,Esteam Alkaline Blood Stain Remover RTU Litre,Esteam Alkaline Blood Stain Remover RTU Litre,$38.99ea,,,False,
household_items,Persil,Detergent Intense Fresh,PersilDetergent Intense Fresh4.43 l,$23.99ea,,$0.54/ 100ml,False,
household_items,Lysol,Automatic Toilet Bowl Cleaner Crystal Waters,LysolAutomatic Toilet Bowl Cleaner Crystal Waters80 g,$4.99ea,,$6.24/ 100g,False,
household_items,Lysol,"Disinfectant Spray, Spring Waterfall","LysolDisinfectant Spray, Spring Waterfall350 g",$6.49ea,,$1.85/ 100g,False,
household_items,Ziploc,"Sandwich Food Storage Bags, Grip 'n Seal Technology","ZiplocSandwich Food Storage Bags, Grip 'n Seal Technology180 ea",$8.99ea,,$0.05/ 1ea,False,
household_items,Tide,Sport Odor Defense He Turbo Clean Liquid Laundry Detergent,TideSport Odor Defense He Turbo Clean Liquid Laundry Detergent2.04 l,$12.99ea,,$0.64/ 100ml,False,
household_items,Tide,Plus Febreze Freshness Botanical Rain Clean Liquid Laundry Detergent,TidePlus Febreze Freshness Botanical Rain Clean Liquid Laundry Detergent1.09 l,$10.49ea,,$0.96/ 100ml,False,
household_items,Gain,"Liquid Laundry Detergent, Coldwater","GainLiquid Laundry Detergent, Coldwater4.55 l",$22.99ea,,$0.51/ 100ml,False,
household_items,Ziploc,"Sandwich Food Storage Bags, Grip 'n Seal Technology","ZiplocSandwich Food Storage Bags, Grip 'n Seal Technology40 ea",$4.99ea,,$0.12/ 1ea,False,
household_items,No Name,Large Zipper Freezer Bags,No NameLarge Zipper Freezer Bags30 ea,$8.49ea,,$0.28/ 1ea,False,
household_items,Gain,"flings! Liquid Laundry Detergent Pacs, Moonlight Breeze, 14 count","Gainflings! Liquid Laundry Detergent Pacs, Moonlight Breeze, 14 count14 ea",$7.29ea,$4.99ea,$0.36/ 1ea,True,saleEnds 03/01
household_items,Tide,"Coldwater Clean Fresh Scent Liquid Laundry Detergent,  44 loads","TideColdwater Clean Fresh Scent Liquid Laundry Detergent,  44 loads2.04 l",$14.99ea,$12.99ea,$0.64/ 100ml,True,saleEnds 03/08
household_items,,"Allegro COMPACT 2,500 Square Foot Home Central Vacuum System","Allegro COMPACT 2,500 Square Foot Home Central Vacuum System",$425.00ea,,,False,
household_items,,Twist & Kliin™ Cleaning Refill Combo Bathroom,Twist & Kliin™ Cleaning Refill Combo Bathroom,$43.99ea,,,False,
household_items,,Lyveco GU10 LED 240v 280ln 6200k Lamp Light,Lyveco GU10 LED 240v 280ln 6200k Lamp Light,$9.90ea,,,False,
household_items,,Stainless Steel Cloth,Stainless Steel Cloth,$32.99ea,,,False,
household_items,,Energizer LED GLS 12.5w 1521lm Light Bulb E27 Warm White,Energizer LED GLS 12.5w 1521lm Light Bulb E27 Warm White,$14.36ea,,,False,
household_items,,Micro Filtration Bags Capture 95 % of mold pet dander dust mites debris & pollen particles down to 5 microns,Micro Filtration Bags Capture 95 % of mold pet dander dust mites debris & pollen particles down to 5 microns,$29.00ea,,,False,
household_items,Tide,"Power Pods Ultra, 63 capsules","TidePower Pods Ultra, 63 capsules63 ea",$36.99ea,,$0.59/ 1ea,False,
household_items,Tide,"Ultra Oxi Liquid Detergent, 24 Loads 1.09 L, HE Compatible","TideUltra Oxi Liquid Detergent, 24 Loads 1.09 L, HE Compatible1.09 l",$10.49ea,,$0.96/ 100ml,False,
household_items,No Name,"Pie Plates, 8""","No NamePie Plates, 8""6x1.0 ea",$5.49ea,,$0.92/ 1ea,False,
household_items,No Name,Aluminum Foil,No NameAluminum Foil1 ea,$1.99ea,,$1.99/ 1ea,False,
household_items,No Name,2-Ply Hypoallergenic Facial Tissues,No Name2-Ply Hypoallergenic Facial Tissues1 ea,$2.29ea,,$0.02/ 1ea,False,
household_items,,Costway Commercial Mop Bucket Side Press Wringer on Wheels Cleaning 26 Quart Yellow,Costway Commercial Mop Bucket Side Press Wringer on Wheels Cleaning 26 Quart Yellow,$119.99ea,,,False,
household_items,Snuggle," Dryer Sheets, Cuddle-Up Fresh","Snuggle Dryer Sheets, Cuddle-Up Fresh120 sheets",$7.99ea,,,False,
household_items,Tide,"Hygienic Clean Heavy 10x Duty Power Pods Laundry Detergent Pacs, Original, 18 count, For Visible and Invisible Dirt","TideHygienic Clean Heavy 10x Duty Power Pods Laundry Detergent Pacs, Original, 18 count, For Visible and Invisible Dirt18 ea",$11.99ea,,$0.67/ 1ea,False,
household_items,Snuggle, Cuddle Up Fresh Sheets,Snuggle Cuddle Up Fresh Sheets200 ea,$11.99ea,$9.99ea,$0.05/ 1ea,True,saleEnds 03/01
household_items,No Name,"Cake Pans with Lids, 13x19""","No NameCake Pans with Lids, 13x19""2x1.0 ea",$6.99ea,,$3.50/ 1ea,False,
household_items,Tru Earth,Laundry Strips,Tru EarthLaundry Strips32 ea,$14.99ea,,$0.47/ 1ea,False,
household_items,No Name,"Rack Roaster with Lid, Medium","No NameRack Roaster with Lid, Medium1 ea",$7.49ea,,$7.49/ 1ea,False,
household_items,,Hill Interiors Edison Filament Teardrop Squirrel Cage Bulb (Clear),Hill Interiors Edison Filament Teardrop Squirrel Cage Bulb (Clear),$21.80ea,,,False,
household_items,Cottonelle,"Fresh Care Flushable Wet Wipes, Adult Wet Wipes, 8 Flip-Top Packs, 336 Total Wipes","CottonelleFresh Care Flushable Wet Wipes, Adult Wet Wipes, 8 Flip-Top Packs, 336 Total Wipes336 ea",$24.99ea,,$0.07/ 1ea,False,
household_items,Purex, Coldwater Laundry Liquid,Purex Coldwater Laundry Liquid2.03 l,$9.99ea,,$0.49/ 100ml,False,
household_items,Ziploc,"Sandwich Food Storage Bags, Grip 'n Seal Technology","ZiplocSandwich Food Storage Bags, Grip 'n Seal Technology270 ea",$12.99ea,,$0.05/ 1ea,False,
household_items,No Name,Aluminum Foil 100 ft,No NameAluminum Foil 100 ft1 ea,$7.29ea,,$7.29/ 1ea,False,
household_items,Fleecy,"Fabric Softener Dryer Sheets, Fresh Air","FleecyFabric Softener Dryer Sheets, Fresh Air80 sheets",$6.99ea,,,False,
household_items,Tide,"Tide Pods Liquid Laundry Detergent pacs, Spring Meadow Scent, 112 count","TideTide Pods Liquid Laundry Detergent pacs, Spring Meadow Scent, 112 count112 ea",$36.99ea,,$0.33/ 1ea,False,
household_items,Fleecy,"Fabric Softener Dryer Sheets, Fresh Air","FleecyFabric Softener Dryer Sheets, Fresh Air200 ea",$10.99ea,,$0.05/ 1ea,False,
household_items,,Handy Car Home Dual-Use Mop Detachable Adjustable Car Wash Brush Cleaning Tools - Baseus - White,Handy Car Home Dual-Use Mop Detachable Adjustable Car Wash Brush Cleaning Tools - Baseus - White,$25.99ea,,,False,
household_items,Ivory Snow,Laundry Detergent for Newborn,Ivory SnowLaundry Detergent for Newborn1.36 l,$12.99ea,,$0.96/ 100ml,False,
household_items,,Costway 110W Cordless Vacuum Cleaner Handheld Vacuum Multifunction with Four Heads,Costway 110W Cordless Vacuum Cleaner Handheld Vacuum Multifunction with Four Heads,$169.99ea,,,False,
household_items,,Self-Wringing Microfiber Flat Mop,Self-Wringing Microfiber Flat Mop,$29.99ea,,,False,
household_items,,70 LED 3 Rotatable Head Waterproof Motion Sensor Wireless Solar Security Lights - LIVINGbasics,70 LED 3 Rotatable Head Waterproof Motion Sensor Wireless Solar Security Lights - LIVINGbasics,$21.99ea,,,False,
household_items,,Swedish Dishcloth Cellulose Sponge Cloth Reusable Cleaning Towels for Kitchen 2pcs - LIVINGbasics - Style 03,Swedish Dishcloth Cellulose Sponge Cloth Reusable Cleaning Towels for Kitchen 2pcs - LIVINGbasics - Style 03,$15.99ea,,,False,
household_items,,Reusable Organic Bamboo Eco-Friendly Paper Towels 30-Sheet per Roll - LIVINGbasics,Reusable Organic Bamboo Eco-Friendly Paper Towels 30-Sheet per Roll - LIVINGbasics,$14.99ea,,,False,
household_items,,48FT LED Outdoor Waterproof Commercial Grade Patio Globe String Lights Bulbs,48FT LED Outdoor Waterproof Commercial Grade Patio Globe String Lights Bulbs,$109.99ea,,,False,
household_items,,Nellie's Oxygen Brightener (100 Scoops),Nellie's Oxygen Brightener (100 Scoops),$33.00ea,,,False,
household_items,Tide,Simply liquid Hec DF,TideSimply liquid Hec DF3.4 l,$15.99ea,,$0.47/ 100ml,False,
household_items,,Kalorik Home 2-in-1 Cordless Cyclone Vacuum Cleaner Blue and Silver,Kalorik Home 2-in-1 Cordless Cyclone Vacuum Cleaner Blue and Silver,$249.99ea,,,False,
household_items,Energizer,Alkaline Batteries D4,EnergizerAlkaline Batteries D44 pack,$12.99ea,,$3.25/ 1pk,False,
household_items,Bounce,"Free & Gentle Dryer Sheets, 200 Sheets, Unscented Fabric Softener Sheets, Hypoallergenic and Dermatologist Tested","BounceFree & Gentle Dryer Sheets, 200 Sheets, Unscented Fabric Softener Sheets, Hypoallergenic and Dermatologist Tested200 ea",$12.99ea,,$6.50/ 100ea,False,
household_items,,Swedish Dishcloth Cellulose Sponge Cloth Reusable Cleaning Towels for Kitchen 2pcs - LIVINGbasics - Style 03,Swedish Dishcloth Cellulose Sponge Cloth Reusable Cleaning Towels for Kitchen 2pcs - LIVINGbasics - Style 03,$15.99ea,,,False,
household_items,,48FT LED Outdoor Waterproof Commercial Grade Patio Globe String Lights Bulbs,48FT LED Outdoor Waterproof Commercial Grade Patio Globe String Lights Bulbs,$109.99ea,,,False,
household_items,Windex,Original Glass and Window Cleaner,WindexOriginal Glass and Window Cleaner765 ml,$6.49ea,,$0.85/ 100ml,False,
household_items,,Hoover Steam Lift Pet 2-in-1 Steam Cleaner,Hoover Steam Lift Pet 2-in-1 Steam Cleaner,$199.99ea,,,False,
household_items,Energizer,Alkaline Batteries 9V-11 Max,EnergizerAlkaline Batteries 9V-11 Max1 ea,$6.99ea,,$6.99/ 1ea,False,
household_items,Rayovac,"Size 10 Hearing Aid Batteries (24 Pack) , Size 10 Batteries","RayovacSize 10 Hearing Aid Batteries (24 Pack) , Size 10 Batteries24x1.0 ea",$26.99ea,,$1.12/ 1ea,False,
household_items,Downy,"Unstopables In-Wash Scent Booster Beads, LUSH","DownyUnstopables In-Wash Scent Booster Beads, LUSH422 g",$12.99ea,,$3.08/ 100g,False,
household_items,Energizer,Alkaline Batteries C8,EnergizerAlkaline Batteries C88x1.0 ea,$16.99ea,$12.99ea,$1.62/ 1ea,True,saleEnds 03/01
household_items,President's Choice,"Long Life Alkaline Batteries, 9V","President's ChoiceLong Life Alkaline Batteries, 9V2x1.0 ea",$9.99ea,,$5.00/ 1ea,False,
household_items,Energizer,"2450 Lithium Coin Battery, 1 Pack","Energizer2450 Lithium Coin Battery, 1 Pack1 ea",$8.99ea,,$8.99/ 1ea,False,
household_items,Tide,Simply liquid Hec DF,TideSimply liquid Hec DF3.4 l,$15.99ea,,$0.47/ 100ml,False,
household_items,,Kalorik Home 2-in-1 Cordless Cyclone Vacuum Cleaner Blue and Silver,Kalorik Home 2-in-1 Cordless Cyclone Vacuum Cleaner Blue and Silver,$249.99ea,,,False,
household_items,Energizer,Alkaline Batteries D4,EnergizerAlkaline Batteries D44 pack,$12.99ea,,$3.25/ 1pk,False,
household_items,Bounce,"Free & Gentle Dryer Sheets, 200 Sheets, Unscented Fabric Softener Sheets, Hypoallergenic and Dermatologist Tested","BounceFree & Gentle Dryer Sheets, 200 Sheets, Unscented Fabric Softener Sheets, Hypoallergenic and Dermatologist Tested200 ea",$12.99ea,,$6.50/ 100ea,False,
household_items,Cashmere,Bathroom Tissue 2 Ply 8 Rolls,CashmereBathroom Tissue 2 Ply 8 Rolls8 ea,$11.99ea,,$1.50/ 1ea,False,
household_items,Energizer,Power Plus Rechargeable AAA4 Batteries,EnergizerPower Plus Rechargeable AAA4 Batteries4x1.0 ea,$21.99ea,,$5.50/ 1ea,False,
household_items,Energizer,Alkaline Batteries AAA8 Max,EnergizerAlkaline Batteries AAA8 Max8x1.0 ea,$16.99ea,$12.99ea,$1.62/ 1ea,True,saleEnds 03/01
household_items,Energizer,"364 Silver Oxide Button Battery, 1 Pack","Energizer364 Silver Oxide Button Battery, 1 Pack1 ea",$7.99ea,,$7.99/ 1ea,False,
household_items,Energizer,Batt 1220 Lithium,EnergizerBatt 1220 Lithium1 ea,$8.99ea,,$8.99/ 1ea,False,
household_items,Cascade,"Platinum Dishwasher Detergent ActionPacs, Fresh Scent, 39 count","CascadePlatinum Dishwasher Detergent ActionPacs, Fresh Scent, 39 count39 ea",$15.99ea,,$0.41/ 1ea,False,
household_items,Scrubbing Bubbles,Bathroom Cleaner with Bleach,Scrubbing BubblesBathroom Cleaner with Bleach950 ml,$6.49ea,,$0.68/ 100ml,False,
household_items,,Mother of Invention On-The-Go Cleaning Sampler 4-Piece Bundle (4 x 100ml),Mother of Invention On-The-Go Cleaning Sampler 4-Piece Bundle (4 x 100ml),$39.99ea,,,False,
household_items,,"Ultra Clean SC200 Central Vacuum System Made in Canada with Ametek Tangential Bypass Motor up to 7,500 sq ft Homes with Deluxe Electric Hose Powerhead and Accessory Package (30 Ft)","Ultra Clean SC200 Central Vacuum System Made in Canada with Ametek Tangential Bypass Motor up to 7,500 sq ft Homes with Deluxe Electric Hose Powerhead and Accessory Package (30 Ft)",$799.99ea,,,False,
household_items,,Ultra Clean Central Vacuum Carpet Attachment Kit with Adjustable Height Electric Power Nozzle - Dual Voltage Hose with 3-way on/off Switch Handle & Telescopic Wand (Black 35 Ft),Ultra Clean Central Vacuum Carpet Attachment Kit with Adjustable Height Electric Power Nozzle - Dual Voltage Hose with 3-way on/off Switch Handle & Telescopic Wand (Black 35 Ft),$364.99ea,,,False,
household_items,,Red Tyre Rubber Super 3 B1 Bucket (May Vary),Red Tyre Rubber Super 3 B1 Bucket (May Vary),$87.00ea,,,False,
household_items,,ULTRA CLEAN Central Vacuum BEST QUALITY Electric Hose - Dual Voltage 3-way switch 24V / 110V 360 degree Swivel Handle - Works with All Brands like Beam Electrolux Eureka Kenmore Nutone Husky Allegro Nilfisk Vacuflo and more (30 Ft),ULTRA CLEAN Central Vacuum BEST QUALITY Electric Hose - Dual Voltage 3-way switch 24V / 110V 360 degree Swivel Handle - Works with All Brands like Beam Electrolux Eureka Kenmore Nutone Husky Allegro Nilfisk Vacuflo and more (30 Ft),$179.99ea,,,False,
household_items,,ULTRA CLEAN Deluxe Bare Floor and Carpet Hose and Accessories Central Vacuum Hardwood and Rug Combo Kit (White 35 Ft),ULTRA CLEAN Deluxe Bare Floor and Carpet Hose and Accessories Central Vacuum Hardwood and Rug Combo Kit (White 35 Ft),$159.99ea,,,False,
household_items,,ULTRA CLEAN Central Vacuum Most Popular Air Hose Pistol-Grip - Low Voltage 24 V on/off switch handle operates non-electric attachments - Designed to fit All Brands (50 Ft Button-Lock),ULTRA CLEAN Central Vacuum Most Popular Air Hose Pistol-Grip - Low Voltage 24 V on/off switch handle operates non-electric attachments - Designed to fit All Brands (50 Ft Button-Lock),$134.99ea,,,False,
household_items,,Lincoln Stable Bucket,Lincoln Stable Bucket,$21.06ea,,,False,
household_items,,Ultra Clean Central Vacuum Air-Driven Low-Pile Carpet/Rug Turbo Brush - 24 V Hose with on/Off Switch Handle- Telescopic Wand and Deluxe Cleaning Tool Set (30 Ft),Ultra Clean Central Vacuum Air-Driven Low-Pile Carpet/Rug Turbo Brush - 24 V Hose with on/Off Switch Handle- Telescopic Wand and Deluxe Cleaning Tool Set (30 Ft),$194.99ea,,,False,
household_items,,Hill Brush Platform Broom Head Filled Bahia Mixture,Hill Brush Platform Broom Head Filled Bahia Mixture,$51.25ea,,,False,
household_items,,Stubbs Stable Bucket,Stubbs Stable Bucket,$81.23ea,,,False,
household_items,,Gloveglu Keep Em Clean Sponge,Gloveglu Keep Em Clean Sponge,$8.05ea,,,False,
household_items,,MECO Cordless Rechargeable Mini Vacuum Keyboard Cleaner with Cleaning Gel,MECO Cordless Rechargeable Mini Vacuum Keyboard Cleaner with Cleaning Gel,$29.99ea,,,False,
household_items,,Gorilla Tub Bucket,Gorilla Tub Bucket,$97.45ea,,,False,
household_items,,Red Gorilla Premium Bucket,Red Gorilla Premium Bucket,$30.00ea,,,False,
household_items,,"Ultra Clean SC200 Central Vacuum Unit,Tangential Bypass Motor Up to 7,500 sq.ft with Air Turbo Nozzle,Hose and Accessories-Ideal for Hardwood Floors Area Rugs and Berber Carpeting (35 Ft)","Ultra Clean SC200 Central Vacuum Unit,Tangential Bypass Motor Up to 7,500 sq.ft with Air Turbo Nozzle,Hose and Accessories-Ideal for Hardwood Floors Area Rugs and Berber Carpeting (35 Ft)",$699.99ea,,,False,
household_items,,Lincoln Water Bucket Brush,Lincoln Water Bucket Brush,$15.75ea,,,False,
household_items,,ULTRA CLEAN Universal Basic Hose for Central Vacuum - Designed to fit All Brands Like Beam Electrolux Eureka Kenmore Nutone Husky Allegro Nilfisk Vacuflo and More (60 Ft Friction-fit),ULTRA CLEAN Universal Basic Hose for Central Vacuum - Designed to fit All Brands Like Beam Electrolux Eureka Kenmore Nutone Husky Allegro Nilfisk Vacuflo and More (60 Ft Friction-fit),$89.99ea,,,False,
household_items,Dawn," Antibacterial Dishwashing Liquid Dish Soap, Apple Blossom Scent","Dawn Antibacterial Dishwashing Liquid Dish Soap, Apple Blossom Scent982 ml",$5.99ea,,$0.61/ 100ml,False,
household_items,Air Wick,Essential Mist Fragrance Mist Vanilla & Pink Papaya,Air WickEssential Mist Fragrance Mist Vanilla & Pink Papaya3x20.0 ml,$21.99ea,,$36.65/ 100ml,False,
household_items,Royale,"Velour Toilet Paper, 12=24 Rolls, 142 Bath Tissues per roll","RoyaleVelour Toilet Paper, 12=24 Rolls, 142 Bath Tissues per roll12 ea",$15.99ea,,$1.33/ 1ea,False,
household_items,,Bona Professional Series Microplus Green Fluffy Dusting Pad-4 X 15,Bona Professional Series Microplus Green Fluffy Dusting Pad-4 X 15,$19.99ea,,,False,
household_items,,"Kenmore/ Panasonic Paper Bag Type ""C"" ""Q""","Kenmore/ Panasonic Paper Bag Type ""C"" ""Q""",$21.99ea,,,False,
household_items,,Glade Plugins Car Starter and Refill Hawaiian Breeze,Glade Plugins Car Starter and Refill Hawaiian Breeze,$28.32ea,,,False,
household_items,Swiffer,Sweeper Dry Dry Sweeping Cloths Refills Lavender Vanilla & Comfort,SwifferSweeper Dry Dry Sweeping Cloths Refills Lavender Vanilla & Comfort16 ea,$9.99ea,,$0.62/ 1ea,False,
household_items,Glad,White Garbage Bags - Tall 45 Litres - Unscented,GladWhite Garbage Bags - Tall 45 Litres - Unscented30 ea,$9.99ea,$8.99ea,$0.30/ 1ea,True,saleEnds 03/22
household_items,,Esteam Olefin Prespray 1 Gallon-Case of 4,Esteam Olefin Prespray 1 Gallon-Case of 4,$204.99ea,,,False,
household_items,,Little Tree Car Air Freshener Green Apple,Little Tree Car Air Freshener Green Apple,$23.20ea,,,False,
household_items,,Kenmore/ Panasonic Dustlock Bag,Kenmore/ Panasonic Dustlock Bag,$17.99ea,,,False,
household_items,,Karcher Wet Filter Bags for NT Series 5pk #69042110,Karcher Wet Filter Bags for NT Series 5pk #69042110,$134.99ea,,,False,
household_items,,"Royal Dirt Devil OEM HEPA Bag Type ""L""","Royal Dirt Devil OEM HEPA Bag Type ""L""",$33.99ea,,,False,
household_items,,"Panasonic OEM Hepa Bag Type ""U10""","Panasonic OEM Hepa Bag Type ""U10""",$22.99ea,,,False,
household_items,,Royal Dirt Devil Oem Cloth Outer Bag,Royal Dirt Devil Oem Cloth Outer Bag,$25.99ea,,,False,
household_items,Sapadilla,Countertop Rosemary & Peppermint,SapadillaCountertop Rosemary & Peppermint473 ml,$7.99ea,,$1.69/ 100ml,False,
household_items,Mrs. Meyer's Clean Day,Lemon Verbena Scent Multi-Surface Concentrate,Mrs. Meyer's Clean DayLemon Verbena Scent Multi-Surface Concentrate946 ml,$13.99ea,,$1.48/ 100ml,False,
household_items,Seventh Generation,All-Purpose Cleaner For Clean Kitchen & Household Surfaces,Seventh GenerationAll-Purpose Cleaner For Clean Kitchen & Household Surfaces680.2 ml,$7.99ea,,$1.17/ 100ml,False,
household_items,,Miele Ceramic and Stainless Steel Cleaner,Miele Ceramic and Stainless Steel Cleaner,$14.99ea,,,False,
household_items,No Name,Extra Large Quick-Tie Garbage Bags ,No NameExtra Large Quick-Tie Garbage Bags 30 ea,$9.99ea,,$0.33/ 1ea,False,
household_items,No Name,Round Cake Pan,No NameRound Cake Pan2x1.0 ea,$4.49ea,,$2.25/ 1ea,False,
household_items,,Casabella Translucent Scrub Brush,Casabella Translucent Scrub Brush,$9.00ea,,,False,
household_items,Air Wick,Essential Mist Fragrance Mist Coconut & Fresh Pineapple,Air WickEssential Mist Fragrance Mist Coconut & Fresh Pineapple20 ml,$17.99ea,,$89.95/ 100ml,False,
household_items,Everyday Essentials,"Light Bulbs, A19 60W LED Soft White","Everyday EssentialsLight Bulbs, A19 60W LED Soft White2x1.0 ea",$8.49ea,,$4.25/ 1ea,False,
household_items,Glade,"Candle Jar, Berry","GladeCandle Jar, Berry1 ea",$5.99ea,,$5.99/ 1ea,False,
household_items,,Esteam Bac Stop 1 Gallon-Case of 4,Esteam Bac Stop 1 Gallon-Case of 4,$209.99ea,,,False,
household_items,,Jiallo Free-Standing Toilet Brush and Paper Holder Set,Jiallo Free-Standing Toilet Brush and Paper Holder Set,$34.00ea,,,False,
household_items,Downy,"Ultra Liquid Fabric Conditioner (Fabric Softener) , Free & Gentle, 150 Loads","DownyUltra Liquid Fabric Conditioner (Fabric Softener) , Free & Gentle, 150 Loads3.81 l",$17.99ea,,$0.47/ 100ml,False,
household_items,Greenworks,Green Works All-Purpose Cleaner,GreenworksGreen Works All-Purpose Cleaner946 ml,$6.99ea,,$0.74/ 100ml,False,
household_items,Kleenex,"Ultra Soft Facial Tissues, 3 Flat Boxes, 3-Ply, 120 Tissues per Box (360 Total Tissues)","KleenexUltra Soft Facial Tissues, 3 Flat Boxes, 3-Ply, 120 Tissues per Box (360 Total Tissues)360 ea",$9.99ea,,$0.03/ 1ea,False,
household_items,Pine Sol,"Multi-Surface Cleaner, Original","Pine SolMulti-Surface Cleaner, Original1.41 l",$6.99ea,$5.49ea,$0.39/ 100ml,True,saleEnds 03/08
household_items,,Michaels 315-R Commercial Canister Wet/Dry Vacuum,Michaels 315-R Commercial Canister Wet/Dry Vacuum,$475.00ea,,,False,
household_items,Sylvania,3000 Hour Bulb 25W B10 CAN,Sylvania3000 Hour Bulb 25W B10 CAN4x1.0 ea,$4.99ea,,$1.25/ 1ea,False,
household_items,,Polyethylene Gloves Powder Free - Medium,Polyethylene Gloves Powder Free - Medium,$17.99ea,,,False,
household_items,,UV-CORP Water Bottle Cleaner and Freshener 20 Pack,UV-CORP Water Bottle Cleaner and Freshener 20 Pack,$15.99ea,,,False,
household_items,,Bona Professional Series Microplus Hardwood Cleaning Kit,Bona Professional Series Microplus Hardwood Cleaning Kit,$79.99ea,,,False,
household_items,Febreze,"Fabric Odor-Eliminating Air Freshener, Heavy Duty Crisp Clean","FebrezeFabric Odor-Eliminating Air Freshener, Heavy Duty Crisp Clean250 g",$4.99ea,$3.99ea,$1.60/ 100g,True,saleEnds 03/01
household_items,Clorox,"Clean-Up Disinfectant Bleach Cleaner, Fresh Scent","CloroxClean-Up Disinfectant Bleach Cleaner, Fresh Scent946 ml",$5.49ea,,$0.58/ 100ml,False,
household_items,,Nellie's Swedish Doshcloths,Nellie's Swedish Doshcloths,$19.00ea,,,False,
household_items,,Resolve Pet Carpet Cleaner Powder 72 oz (4 Bottles x 18 oz) For Dirt & Stain Removal,Resolve Pet Carpet Cleaner Powder 72 oz (4 Bottles x 18 oz) For Dirt & Stain Removal,$54.99ea,,,False,
household_items,,"NSS Pacer 30 Models 112-115UE 12"" & 15"" Upright Models Bags-10Pk","NSS Pacer 30 Models 112-115UE 12"" & 15"" Upright Models Bags-10Pk",$39.99ea,,,False,
household_items,,Karcher Paper Bags For VP6 Backpack Vacuums 10pk #86198910,Karcher Paper Bags For VP6 Backpack Vacuums 10pk #86198910,$67.99ea,,,False,
household_items,,Carpet Pro/ Fuller Brush OEM Paper Bag,Carpet Pro/ Fuller Brush OEM Paper Bag,$22.99ea,,,False,
household_items,,"Shop-Vac OEM Paper Bag Type ""C""","Shop-Vac OEM Paper Bag Type ""C""",$39.99ea,,,False,
household_items,,"Shop-Vac OEM Paper Bag Type ""E""","Shop-Vac OEM Paper Bag Type ""E""",$69.99ea,,,False,
household_items,,"Eureka 3M Paper Bag Type ""H""","Eureka 3M Paper Bag Type ""H""",$9.99ea,,,False,
household_items,,"Riccar/ Simplicity OEM HEPA Bag Type ""X""","Riccar/ Simplicity OEM HEPA Bag Type ""X""",$34.99ea,,,False,
household_items,,Samsung/ Bissell Dustlock Bag,Samsung/ Bissell Dustlock Bag,$24.99ea,,,False,
household_items,,Eureka Central OEM Paper Bag,Eureka Central OEM Paper Bag,$26.99ea,,,False,
household_items,,Bissell Paper Bag For Zing 4122 and 1668 Series-3PK,Bissell Paper Bag For Zing 4122 and 1668 Series-3PK,$14.99ea,,,False,
household_items,,"Samsung 3M Filtret Bag ""8000 & 9000"" / Bissell 3M Filtrete Bag ""Digipro""","Samsung 3M Filtret Bag ""8000 & 9000"" / Bissell 3M Filtrete Bag ""Digipro""",$17.99ea,,,False,
household_items,,"Filterqueen 3M Filtrete Bag ""Cone""","Filterqueen 3M Filtrete Bag ""Cone""",$10.99ea,,,False,
household_items,,Shop-Vac Paper Bags 8-11.5 Gallons Style F-3PK,Shop-Vac Paper Bags 8-11.5 Gallons Style F-3PK,$21.99ea,,,False,
household_items,,"Eureka 3M Filtrete Bag ""C""","Eureka 3M Filtrete Bag ""C""",$9.99ea,,,False,
household_items,,Karcher Paper Bags For T series 10pk #69043120,Karcher Paper Bags For T series 10pk #69043120,$68.99ea,,,False,
household_items,,"Electrolux Dustlock Bag Type ""C""","Electrolux Dustlock Bag Type ""C""",$21.99ea,,,False,
household_items,,"Hoover OEM HEPA Bag Type ""Q""","Hoover OEM HEPA Bag Type ""Q""",$26.99ea,,,False,
household_items,Nature Clean,Laundry Liquid Lemon Verbena,Nature CleanLaundry Liquid Lemon Verbena3 l,$15.49ea,,$0.52/ 100ml,False,
household_items,Downy,"Infusions Liquid Fabric Softener, Calm, Lavender & Vanilla Bean","DownyInfusions Liquid Fabric Softener, Calm, Lavender & Vanilla Bean0.946 l",$8.49ea,$4.99ea,$0.53/ 100ml,True,saleEnds 03/01
household_items,Lysol,"All Purpose Cleaner, Pour, Orange","LysolAll Purpose Cleaner, Pour, Orange1.2 l",$5.49ea,,$0.46/ 100ml,False,
household_items,Fleecy,"Pure Balance Liquid Fabric Softener, Rosewater","FleecyPure Balance Liquid Fabric Softener, Rosewater2.6 l",$9.99ea,$8.99ea,$0.35/ 100ml,True,saleEnds 03/01
household_items,Mr. Clean,"Clean Freak, Lemon Zest","Mr. CleanClean Freak, Lemon Zest473 ml",$8.99ea,,$1.90/ 100ml,False,
household_items,Everyday Essentials,LED Bulb Par20,Everyday EssentialsLED Bulb Par204x1.0 ea,$24.99ea,,$6.25/ 1ea,False,
household_items,Febreze,Small Spaces Air Freshener Linen & Sky Scent,FebrezeSmall Spaces Air Freshener Linen & Sky Scent15 ml,$6.49ea,,$43.27/ 100ml,False,
household_items,,Miele Ceramic and Stainless Steel Cleaner,Miele Ceramic and Stainless Steel Cleaner,$14.99ea,,,False,
household_items,No Name,Extra Large Quick-Tie Garbage Bags ,No NameExtra Large Quick-Tie Garbage Bags 30 ea,$9.99ea,,$0.33/ 1ea,False,
household_items,No Name,Round Cake Pan,No NameRound Cake Pan2x1.0 ea,$4.49ea,,$2.25/ 1ea,False,
household_items,,Casabella Translucent Scrub Brush,Casabella Translucent Scrub Brush,$9.00ea,,,False,
household_items,,Lyvia 400w Halogen Tube (Clear),Lyvia 400w Halogen Tube (Clear),$6.80ea,,,False,
household_items,,Esteam XL-50 Carpet Cleaning Emulsifier 1 Gallon,Esteam XL-50 Carpet Cleaning Emulsifier 1 Gallon,$49.99ea,,,False,
household_items,Sylvania,"2000 Hour Halogen, 50W MR16","Sylvania2000 Hour Halogen, 50W MR161 ea",$13.99ea,,$13.99/ 1ea,False,
household_items,,Cooking Concepts Parchment Paper Sheets 10-ct - Pack of 24,Cooking Concepts Parchment Paper Sheets 10-ct - Pack of 24,$79.20ea,,,False,
household_items,Febreze,"Air Fresheners, Unstopables Touch Fabric Spray and Odor Eliminator, Paradise","FebrezeAir Fresheners, Unstopables Touch Fabric Spray and Odor Eliminator, Paradise500 ml",$7.49ea,,$1.50/ 100ml,False,
household_items,Clorox,"Disinfecting Mist Refill, Multi-Surface Disinfectant","CloroxDisinfecting Mist Refill, Multi-Surface Disinfectant473 ml",$6.99ea,,$1.48/ 100ml,False,
household_items,,Forever New Soft Scent Gentle Wash Detergent - 1Kg (32 Wash Loads),Forever New Soft Scent Gentle Wash Detergent - 1Kg (32 Wash Loads),$18.99ea,,,False,
household_items,,Pemberly Row 2 Pocket Glove and Tissue Box Holder in Light Oak,Pemberly Row 2 Pocket Glove and Tissue Box Holder in Light Oak,$150.39ea,,,False,
household_items,Pine Sol,"Multi-Surface Cleaner, Lavender Clean","Pine SolMulti-Surface Cleaner, Lavender Clean4.25 l",$16.99ea,,$0.40/ 100ml,False,
household_items,Downy,"Unstopables In-Wash Scent Booster Beads, FRESH,","DownyUnstopables In-Wash Scent Booster Beads, FRESH,570 g",$18.99ea,,$3.33/ 100g,False,
household_items,,"Karcher CV300 12"" Upright Vacuum #10120590","Karcher CV300 12"" Upright Vacuum #10120590",$565.00ea,,,False,
household_items,Windex,Multisurface Cleaner with Vinegar,WindexMultisurface Cleaner with Vinegar765 ml,$6.49ea,,$0.85/ 100ml,False,
household_items,,Nellie's Oxygen Brightener (50 Scoops),Nellie's Oxygen Brightener (50 Scoops),$19.00ea,,,False,
household_items,Mrs. Meyer's Clean Day,Basil Scent Multi-Surface Everyday Cleaner,Mrs. Meyer's Clean DayBasil Scent Multi-Surface Everyday Cleaner473 ml,$7.49ea,,$1.58/ 100ml,False,
household_items,Eco-Max,Natural Orange Laundry Wash,Eco-MaxNatural Orange Laundry Wash6.21 l,$20.99ea,,$0.34/ 100ml,False,
household_items,,Esteam D.S Degreaser and Stripper 1 Gallon-Case of 4,Esteam D.S Degreaser and Stripper 1 Gallon-Case of 4,$159.99ea,,,False,
household_items,Vileda,"Scrunge Multi-Use Scouring Pad, Non-Scratch, 4 Pack","ViledaScrunge Multi-Use Scouring Pad, Non-Scratch, 4 Pack4 ea",$4.99ea,,$1.25/ 1ea,False,
household_items,,Kliin™ Refill 4 5-Sheets Roll Reusable Washable Compostable (20 Sheets Total),Kliin™ Refill 4 5-Sheets Roll Reusable Washable Compostable (20 Sheets Total),$39.96ea,,,False,
household_items,,President's Choice Egyptian Cotton Washcloth Luxuriously Soft & Highly Absorbent Dove,President's Choice Egyptian Cotton Washcloth Luxuriously Soft & Highly Absorbent Dove,$12.99ea,,,False,
household_items,,PC Organics Organic Cotton Face Towel Lilac,PC Organics Organic Cotton Face Towel Lilac,$8.99ea,,,False,
household_items,,SupaLite MR11 Halogen Reflector Bulbs (Pack Of 2) (Clear),SupaLite MR11 Halogen Reflector Bulbs (Pack Of 2) (Clear),$10.05ea,,,False,
household_items,,Plasticforte Flexi Recycled Tub,Plasticforte Flexi Recycled Tub,$36.73ea,,,False,
household_items,,Numatic Charles OEM HEPA Bag - 10 Pack,Numatic Charles OEM HEPA Bag - 10 Pack,$38.52ea,,,False,
household_items,,Pure Air Trigger Spray Freshener French Vannila 250 Ml - Pack of 2,Pure Air Trigger Spray Freshener French Vannila 250 Ml - Pack of 2,$29.80ea,,,False,
household_items,,"Electrolux OEM Bag Type ""SD""","Electrolux OEM Bag Type ""SD""",$16.99ea,,,False,
household_items,,"Karcher Sensor XP 12"" Commercial Upright Vacuum #10126110","Karcher Sensor XP 12"" Commercial Upright Vacuum #10126110","$1,055.00ea",,,False,
household_items,,Nellie's Swedish Doshcloths,Nellie's Swedish Doshcloths,$19.00ea,,,False,
household_items,Greenworks,Green Works All-Purpose Cleaner,GreenworksGreen Works All-Purpose Cleaner946 ml,$6.99ea,,$0.74/ 100ml,False,
household_items,Kleenex,"Ultra Soft Facial Tissues, 3 Flat Boxes, 3-Ply, 120 Tissues per Box (360 Total Tissues)","KleenexUltra Soft Facial Tissues, 3 Flat Boxes, 3-Ply, 120 Tissues per Box (360 Total Tissues)360 ea",$9.99ea,,$0.03/ 1ea,False,
household_items,,Pure Kleen Crystal Beads Air Freshener-Apple Cinnamon 8oz (225 G),Pure Kleen Crystal Beads Air Freshener-Apple Cinnamon 8oz (225 G),$26.64ea,,,False,
household_items,,Hertel Bathroom Disinfectant Spray Cleaner With Bleach 700ML,Hertel Bathroom Disinfectant Spray Cleaner With Bleach 700ML,$18.99ea,,,False,
household_items,,Pure kleen 4 count copper coated scrubber/blister card - Pack of 2,Pure kleen 4 count copper coated scrubber/blister card - Pack of 2,$28.30ea,,,False,
household_items,,Kalorik Home Water Filtration Vacuum Cleaner Blue,Kalorik Home Water Filtration Vacuum Cleaner Blue,$199.99ea,,,False,
household_items,,Eureka/ Kenmore/ Beam/ Nilfisk Central Paper Bag,Eureka/ Kenmore/ Beam/ Nilfisk Central Paper Bag,$24.99ea,,,False,
household_items,,Pure Air Trigger Spray Freshener White Musk 250 Ml - Pack of 2,Pure Air Trigger Spray Freshener White Musk 250 Ml - Pack of 2,$29.80ea,,,False,
household_items,,Pure Kleen Cleaning Pad Solid Color /Carder Peged - Pack of 2,Pure Kleen Cleaning Pad Solid Color /Carder Peged - Pack of 2,$27.55ea,,,False,
household_items,,Micro Filtration Vacuum Bags Capture 95 % of mold pet dander dust mites debris & pollen particles down to 5 microns,Micro Filtration Vacuum Bags Capture 95 % of mold pet dander dust mites debris & pollen particles down to 5 microns,$39.00ea,,,False,
household_items,Seventh Generation,Detergent Liquid Fresh Lavender Scent ,Seventh GenerationDetergent Liquid Fresh Lavender Scent 2662 ml,$16.39ea,,$0.62/ 100ml,False,
household_items,Windex,Multisurface Cleaner with Vinegar,WindexMultisurface Cleaner with Vinegar765 ml,$6.49ea,,$0.85/ 100ml,False,
household_items,Eco-Max,Natural Orange Laundry Wash,Eco-MaxNatural Orange Laundry Wash6.21 l,$20.99ea,,$0.34/ 100ml,False,
household_items,,Esteam D.S Degreaser and Stripper 1 Gallon-Case of 4,Esteam D.S Degreaser and Stripper 1 Gallon-Case of 4,$159.99ea,,,False,
household_items,Vileda,"Scrunge Multi-Use Scouring Pad, Non-Scratch, 4 Pack","ViledaScrunge Multi-Use Scouring Pad, Non-Scratch, 4 Pack4 ea",$4.99ea,,$1.25/ 1ea,False,
household_items,PC Green,6 Strong & Absorbent Regular Paper Towel Rolls ,PC Green6 Strong & Absorbent Regular Paper Towel Rolls 6 ea,$9.49ea,,$1.58/ 1ea,False,
household_items,,HP Plastic Central Vacuum Utility Valve With Switch,HP Plastic Central Vacuum Utility Valve With Switch,$37.99ea,,,False,
household_items,Nature Clean,Odor Remover For Laundry,Nature CleanOdor Remover For Laundry1 ea,$19.99ea,$17.99ea,$17.99/ 1ea,True,saleEnds 03/15
household_items,,Panasonic OEM High Efficiency C-18 Bag-4 pk,Panasonic OEM High Efficiency C-18 Bag-4 pk,$19.99ea,,,False,
household_items,Downy,Fabric Enhancer  Liqud,DownyFabric Enhancer  Liqud2.4 l,$19.99ea,,$0.83/ 100ml,False,
household_items,Sylvania,T8 Appliance 25W Light Bulb,SylvaniaT8 Appliance 25W Light Bulb1 ea,$5.99ea,,$5.99/ 1ea,False,
household_items,No Name,Steel Wool Soap Pads,No NameSteel Wool Soap Pads18 ea,$4.29ea,,$0.24/ 1ea,False,
household_items,Clorox,Splash-less Concentrated Bleach,CloroxSplash-less Concentrated Bleach1.18 l,$6.49ea,,$0.55/ 100ml,False,
household_items,,"CanaVac CV-587 Ethos Series Central Vacuum Cleaner - Reliable Flow-Thru Motor Up to 3,500 Sq Ft.- with The LS Rug and Floor Package","CanaVac CV-587 Ethos Series Central Vacuum Cleaner - Reliable Flow-Thru Motor Up to 3,500 Sq Ft.- with The LS Rug and Floor Package",$589.00ea,,,False,
household_items,,Black + Decker - DustBuster Cordless Handheld Wet/Dry Vacuum Blue,Black + Decker - DustBuster Cordless Handheld Wet/Dry Vacuum Blue,$88.97ea,,,False,
household_items,,New Generation Hot Water Extract Concentrate 32Oz Carpet & Upholstery Cleaner,New Generation Hot Water Extract Concentrate 32Oz Carpet & Upholstery Cleaner,$17.00ea,,,False,
household_items,,Simplicity/ Riccar/ Maytag OEM HEPA Bag,Simplicity/ Riccar/ Maytag OEM HEPA Bag,$40.99ea,,,False,
household_items,No Name,Large Quick Tie Blue Recycling Bags Club Size,No NameLarge Quick Tie Blue Recycling Bags Club Size80 ea,$18.99ea,,$0.24/ 1ea,False,
household_items,,Little Tree Car Air Freshener Caribbean Colada,Little Tree Car Air Freshener Caribbean Colada,$23.20ea,,,False,
household_items,No Name,Streak-Free Glass Cleaner ,No NameStreak-Free Glass Cleaner 765 ml,$3.49ea,,$0.46/ 100ml,False,
household_items,Royale,"Velour 3-ply Facial Tissues, 6 Flat Boxes, 88 Tissues per Box","RoyaleVelour 3-ply Facial Tissues, 6 Flat Boxes, 88 Tissues per Box6x88.0 sheets",$13.99ea,,$0.03/ 1ea,False,
household_items,,New Generation Dry Shampoom Concentrate 1 Gallon,New Generation Dry Shampoom Concentrate 1 Gallon,$44.99ea,,,False,
household_items,,TML Round Bowl (Graphite),TML Round Bowl (Graphite),$8.84ea,,,False,
household_items,Swiffer, Pet Heavy Duty Multi-Surface Dry Cloth Refills for Floor Sweeping & Cleaning,Swiffer Pet Heavy Duty Multi-Surface Dry Cloth Refills for Floor Sweeping & Cleaning20 ea,$12.99ea,$11.99ea,$0.60/ 1ea,True,saleEnds 03/01
household_items,Air Wick,Essential Oils Scented Oil Lavender & Chamomile,Air WickEssential Oils Scented Oil Lavender & Chamomile20 ml,$10.99ea,,$54.95/ 100ml,False,
household_items,Cottonelle,Flushable Wipes,CottonelleFlushable Wipes168 ea,$15.99ea,,$0.10/ 1ea,False,
household_items,Mr. Clean,"Clean Freak, Lemon Zest","Mr. CleanClean Freak, Lemon Zest473 ml",$8.99ea,,$1.90/ 100ml,False,
household_items,Everyday Essentials,LED Bulb Par20,Everyday EssentialsLED Bulb Par204x1.0 ea,$24.99ea,,$6.25/ 1ea,False,
household_items,Resolve,"Laundry Stain Remover, Pre-Treat Trigger","ResolveLaundry Stain Remover, Pre-Treat Trigger650 ml",$10.99ea,,$1.69/ 100ml,False,
household_items,Vim,Cream Cleaner Lemon Scent with 100% natural cleaning particles,VimCream Cleaner Lemon Scent with 100% natural cleaning particles500 ml,$4.49ea,,$0.90/ 100ml,False,
household_items,Vim,Multi-purpose Cream Cleaner Flower Scent surface cleaner ,VimMulti-purpose Cream Cleaner Flower Scent surface cleaner 500 ml,$4.49ea,,$0.90/ 100ml,False,
household_items,Nature Clean,Floor Cleaner Strips Fresh Lemon,Nature CleanFloor Cleaner Strips Fresh Lemon1 ea,$9.99ea,,$9.99/ 1ea,False,
household_items,,Bona Professional Series Hardwood Floor Cleaner refill 1 Gallon,Bona Professional Series Hardwood Floor Cleaner refill 1 Gallon,$39.99ea,,,False,
household_items,Grandma's Garden,Dryer Balls 100% Wool 3x Extra Large Wool Balls,Grandma's GardenDryer Balls 100% Wool 3x Extra Large Wool Balls3 ea,$14.99ea,,$5.00/ 1ea,False,
household_items,Tide,"Liquid Laundry Detergent, Clean Breeze, 107 loads","TideLiquid Laundry Detergent, Clean Breeze, 107 loads4.55 l",$22.99ea,,$0.51/ 100ml,False,
household_items,,Esteam Fibre Rinse Acidic Rinse Agent 1 Gallon-Case of 4,Esteam Fibre Rinse Acidic Rinse Agent 1 Gallon-Case of 4,$149.99ea,,,False,
household_items,,Wash and Wipe Dish Cloths,Wash and Wipe Dish Cloths,$17.99ea,,,False,
household_items,,59S S2 Sterilizing Box,59S S2 Sterilizing Box,$119.99ea,,,False,
household_items,,"Allegro Central Vacuum System 3,000 sq ft Classic Power Unit MU4101 Hybrid Filtration (with or without Disposable Bags)","Allegro Central Vacuum System 3,000 sq ft Classic Power Unit MU4101 Hybrid Filtration (with or without Disposable Bags)",$499.99ea,,,False,
household_items,Sylvania,"2000 Hour Halogen, 50W MR16","Sylvania2000 Hour Halogen, 50W MR161 ea",$13.99ea,,$13.99/ 1ea,False,
household_items,,Cooking Concepts Parchment Paper Sheets 10-ct - Pack of 24,Cooking Concepts Parchment Paper Sheets 10-ct - Pack of 24,$79.20ea,,,False,
household_items,,Pemberly Row 2 Pocket Glove and Tissue Box Holder in Light Oak,Pemberly Row 2 Pocket Glove and Tissue Box Holder in Light Oak,$150.39ea,,,False,
household_items,Downy,"Unstopables In-Wash Scent Booster Beads, FRESH,","DownyUnstopables In-Wash Scent Booster Beads, FRESH,570 g",$18.99ea,,$3.33/ 100g,False,
household_items,,"Karcher CV300 12"" Upright Vacuum #10120590","Karcher CV300 12"" Upright Vacuum #10120590",$565.00ea,,,False,
household_items,,Ghibli AS6 Canister Vacuum,Ghibli AS6 Canister Vacuum,$449.00ea,,,False,
household_items,Goo Gone,Cleaner,Goo GoneCleaner236 ml,$6.99ea,,$2.96/ 100ml,False,
household_items,,Sweep n Groom Rugmaster Central Vacuum Cleaner Electric Power Nozzle with Metal Roller,Sweep n Groom Rugmaster Central Vacuum Cleaner Electric Power Nozzle with Metal Roller,$219.98ea,,,False,
household_items,Swiffer,"Duster Multi-Surface Heavy Duty Refills, 3 Count","SwifferDuster Multi-Surface Heavy Duty Refills, 3 Count3 ea",$9.99ea,,$3.33/ 1ea,False,
household_items,,Resolve Professional Steam Carpet Cleaner Solution Shampoo 96oz 2x Concentrate safe for Bissell Hoover & Rug doctor,Resolve Professional Steam Carpet Cleaner Solution Shampoo 96oz 2x Concentrate safe for Bissell Hoover & Rug doctor,$49.99ea,,,False,
household_items,,Esteam Upholstery Drycleaner 1 Gallon-Case of 4,Esteam Upholstery Drycleaner 1 Gallon-Case of 4,$249.99ea,,,False,
household_items,,Esteam Pet Stain & Odor Remover 1 Gallon-Case of 4,Esteam Pet Stain & Odor Remover 1 Gallon-Case of 4,$269.99ea,,,False,
household_items,Sunlight,Lemon Fresh Oxi Action,SunlightLemon Fresh Oxi Action562 ml,$3.79ea,,$0.67/ 100ml,False,
household_items,,PowAir® Odor Removing Apple Crumble Spray- 8oz,PowAir® Odor Removing Apple Crumble Spray- 8oz,$14.99ea,,,False,
household_items,Palmolive,"Ultra Dishwashing Liquid Dish Soap, Ultra Strength Original","PalmoliveUltra Dishwashing Liquid Dish Soap, Ultra Strength Original2.66 l",$10.99ea,,$0.41/ 100ml,False,
household_items,,Numatic Henry Xtra HVX200 Hi-Power 3-Stage Professional Canister Vacuum Cleaner with Accessory Tool kit (Color Red),Numatic Henry Xtra HVX200 Hi-Power 3-Stage Professional Canister Vacuum Cleaner with Accessory Tool kit (Color Red),$699.00ea,,,False,
household_items,,VPC Central Vacuum Accessory Kit | Premium Hose | Electric Power Head Nozzle with Height Adjustment | Telescopic Wand with Deluxe Tool Set,VPC Central Vacuum Accessory Kit | Premium Hose | Electric Power Head Nozzle with Height Adjustment | Telescopic Wand with Deluxe Tool Set,$369.98ea,,,False,
household_items,Sylvania,15000 Hour LED 2.5W G4,Sylvania15000 Hour LED 2.5W G41 ea,$12.99ea,,$12.99/ 1ea,False,
household_items,,Orange TKO Super Conctrated All Purpose Cleaner 57 ml,Orange TKO Super Conctrated All Purpose Cleaner 57 ml,$12.99ea,,,False,
household_items,Lysol,"All Purpose Cleaner, Trigger, Orange Blossom","LysolAll Purpose Cleaner, Trigger, Orange Blossom650 ml",$4.99ea,,$0.77/ 100ml,False,
household_items,Purex,Odor Release Detergent,PurexOdor Release Detergent1.92 l,$9.99ea,,$0.52/ 100ml,False,
household_items,,Nilfisk Kenmore Eureka Electrolux Beam Central Vacuum Bags Nature Soft HEPA Bags 478547 Pack of 3 Bags,Nilfisk Kenmore Eureka Electrolux Beam Central Vacuum Bags Nature Soft HEPA Bags 478547 Pack of 3 Bags,$49.99ea,,,False,
household_items,,Hertel Glass & Surfaces Cleaner Fresh Ambiance 700ML - Pack of 3,Hertel Glass & Surfaces Cleaner Fresh Ambiance 700ML - Pack of 3,$26.97ea,,,False,
household_items,,Red Label 2 Ply Kitchen Paper Towel 120 Sheet Black by Renova,Red Label 2 Ply Kitchen Paper Towel 120 Sheet Black by Renova,$25.60ea,,,False,
household_items,Eco-Max,Foaming Dish Spray Lemon Lime,Eco-MaxFoaming Dish Spray Lemon Lime500 ml,$5.29ea,,$1.06/ 100ml,False,
household_items,Prosolve,"Resolve, Dual","ProsolveResolve, Dual623 g",$11.99ea,,$1.92/ 100g,False,
household_items,Sylvania,40 W Crystal Led Soft White Indoor Outdoor B10 Bulbs,Sylvania40 W Crystal Led Soft White Indoor Outdoor B10 Bulbs2x1.0 ea,$19.98ea,,$9.99/ 1ea,False,
household_items,Oxi Clean,Baby Stain Remover,Oxi CleanBaby Stain Remover651 ml,$8.29ea,,$1.27/ 100ml,False,
household_items,Sylvania,St19 Clear Bulbs Soft White Led 40 W,SylvaniaSt19 Clear Bulbs Soft White Led 40 W1 ea,$9.98ea,,$9.98/ 1ea,False,
household_items,,Ghibli AS6 Commercial Canister Vacuum Cleaner with On-Board Tools Floor Brush Kit,Ghibli AS6 Commercial Canister Vacuum Cleaner with On-Board Tools Floor Brush Kit,$449.00ea,,,False,
household_items,PC Green,6 Strong & Absorbent Regular Paper Towel Rolls ,PC Green6 Strong & Absorbent Regular Paper Towel Rolls 6 ea,$9.49ea,,$1.58/ 1ea,False,
household_items,,HP Plastic Central Vacuum Utility Valve With Switch,HP Plastic Central Vacuum Utility Valve With Switch,$37.99ea,,,False,
household_items,Nature Clean,Odor Remover For Laundry,Nature CleanOdor Remover For Laundry1 ea,$19.99ea,$17.99ea,$17.99/ 1ea,True,saleEnds 03/15
household_items,,Panasonic OEM High Efficiency C-18 Bag-4 pk,Panasonic OEM High Efficiency C-18 Bag-4 pk,$19.99ea,,,False,
household_items,,Esteam Green-Line Prespray 1 Gallon-Case of 4,Esteam Green-Line Prespray 1 Gallon-Case of 4,$219.99ea,,,False,
household_items,,Vacuflo OEM Small Cone,Vacuflo OEM Small Cone,$59.99ea,,,False,
household_items,,Pledge Multi-Surface Concentrated Floor Cleaner 32 Ounce - 1 Pack,Pledge Multi-Surface Concentrated Floor Cleaner 32 Ounce - 1 Pack,$31.99ea,,,False,
household_items,,"CanaVac LS790 Signature Series Central Vacuum Cleaner | Tangential Bypass Motor Up to 10,000 sq ft | with the LS Rug and Floor Package","CanaVac LS790 Signature Series Central Vacuum Cleaner | Tangential Bypass Motor Up to 10,000 sq ft | with the LS Rug and Floor Package",$829.00ea,,,False,
household_items,No Name,Regular Quick-Tie Kitchen Garbage Bags ,No NameRegular Quick-Tie Kitchen Garbage Bags 48 ea,$6.99ea,,$0.15/ 1ea,False,
household_items,Downy,Fabric Enhancer  Liqud,DownyFabric Enhancer  Liqud2.4 l,$19.99ea,,$0.83/ 100ml,False,
household_items,Bio-Vert,Dishwashing Liquid Citrus Fresh,Bio-VertDishwashing Liquid Citrus Fresh700 ml,$4.49ea,$3.49ea,$0.50/ 100ml,True,saleEnds 03/15
household_items,Sylvania,T8 Appliance 25W Light Bulb,SylvaniaT8 Appliance 25W Light Bulb1 ea,$5.99ea,,$5.99/ 1ea,False,
household_items,No Name,Steel Wool Soap Pads,No NameSteel Wool Soap Pads18 ea,$4.29ea,,$0.24/ 1ea,False,
household_items,Clorox,Splash-less Concentrated Bleach,CloroxSplash-less Concentrated Bleach1.18 l,$6.49ea,,$0.55/ 100ml,False,
household_items,,"CanaVac CV-587 Ethos Series Central Vacuum Cleaner - Reliable Flow-Thru Motor Up to 3,500 Sq Ft.- with The LS Rug and Floor Package","CanaVac CV-587 Ethos Series Central Vacuum Cleaner - Reliable Flow-Thru Motor Up to 3,500 Sq Ft.- with The LS Rug and Floor Package",$589.00ea,,,False,
household_items,Ivory,Classic Dish Detergent,IvoryClassic Dish Detergent1.02 l,$6.49ea,,$0.64/ 100ml,False,
household_items,Swiffer,Wetjet Cleaning System All Purpose Gain,SwifferWetjet Cleaning System All Purpose Gain1.25 l,$9.99ea,,$0.80/ 100ml,False,
household_items,Resolve,"Stain Remover, In-Wash Powder, All Colours","ResolveStain Remover, In-Wash Powder, All Colours625 g",$9.49ea,,$1.52/ 100g,False,
household_items,,Robotic 3-in-1 Vacuum Cleaner with Intelligent Omni-Directional Technology,Robotic 3-in-1 Vacuum Cleaner with Intelligent Omni-Directional Technology,$69.99ea,,,False,
household_items,Cashmere, 2 Ply Family Pack,Cashmere 2 Ply Family Pack30 ea,$24.99ea,,$0.83/ 1ea,False,
household_items,Downy,"Infusions In-Wash Scent Booster Beads, Bliss, Sparkling Amber & Rose","DownyInfusions In-Wash Scent Booster Beads, Bliss, Sparkling Amber & Rose570 g",$18.99ea,,$3.33/ 100g,False,
household_items,,New Generation Hot Water Extract Concentrate 32Oz Carpet & Upholstery Cleaner,New Generation Hot Water Extract Concentrate 32Oz Carpet & Upholstery Cleaner,$17.00ea,,,False,
household_items,,Simplicity/ Riccar/ Maytag OEM HEPA Bag,Simplicity/ Riccar/ Maytag OEM HEPA Bag,$40.99ea,,,False,
household_items,No Name,Large Quick Tie Blue Recycling Bags Club Size,No NameLarge Quick Tie Blue Recycling Bags Club Size80 ea,$18.99ea,,$0.24/ 1ea,False,
household_items,,Air Wick Essential Oils Diffuser Mist Kit (Gadget + 1 Refill) Fresh Water Breeze Air Freshener,Air Wick Essential Oils Diffuser Mist Kit (Gadget + 1 Refill) Fresh Water Breeze Air Freshener,$39.99ea,,,False,
household_items,,"Simplicity OEM HEPA Bag Type ""B""","Simplicity OEM HEPA Bag Type ""B""",$34.99ea,,,False,
household_items,,"Riccar/ Simplicity OEM Paper Bag Type ""B""","Riccar/ Simplicity OEM Paper Bag Type ""B""",$26.99ea,,,False,
household_items,,"Hoover OEM Paper Bag Type ""H""","Hoover OEM Paper Bag Type ""H""",$17.99ea,,,False,
household_items,,Riccar OEM Charcoal Infused HEPA Bags for Supralite Upright Models-Pack of 6,Riccar OEM Charcoal Infused HEPA Bags for Supralite Upright Models-Pack of 6,$49.99ea,,,False,
household_items,,Hoover OEM Cloth Bag With Ring,Hoover OEM Cloth Bag With Ring,$138.99ea,,,False,
household_items,,"Kenmore 3M Filtrete Bag ""Z""","Kenmore 3M Filtrete Bag ""Z""",$25.99ea,,,False,
household_items,,"Simplicity Oem Hepa Bag Type ""P""","Simplicity Oem Hepa Bag Type ""P""",$40.99ea,,,False,
household_items,,Oreck OEM Permanent Cloth Dump Bag,Oreck OEM Permanent Cloth Dump Bag,$63.99ea,,,False,
household_items,,Stubbs Hanging Bucket,Stubbs Hanging Bucket,$51.95ea,,,False,
household_items,,Johnny Vac JV115 Soteco Koala and Panda 115 Paper Bags-5pk,Johnny Vac JV115 Soteco Koala and Panda 115 Paper Bags-5pk,$18.49ea,,,False,
household_items,,Shop-Vac 1.5 Gallon Type A Bags - 90667,Shop-Vac 1.5 Gallon Type A Bags - 90667,$29.99ea,,,False,
household_items,,"Riccar/ Simplicity OEM Paper Bag Type ""F""","Riccar/ Simplicity OEM Paper Bag Type ""F""",$34.99ea,,,False,
household_items,,"Simplicity/ Riccar/ Fuller Brush OEM Paper Bag Type ""A""","Simplicity/ Riccar/ Fuller Brush OEM Paper Bag Type ""A""",$7.99ea,,,False,
household_items,,Tristar Compact Soft Ring Hiflex Backpack Cloth Bag,Tristar Compact Soft Ring Hiflex Backpack Cloth Bag,$13.99ea,,,False,
household_items,,Karcher HEPA Filter Bags 4pk #28630060,Karcher HEPA Filter Bags 4pk #28630060,$23.99ea,,,False,
household_items,,"Royal Dirt Devil OEM Paper Bag Type ""P""","Royal Dirt Devil OEM Paper Bag Type ""P""",$29.99ea,,,False,
household_items,,Eureka/ Sanitaire OEM Paper Bag,Eureka/ Sanitaire OEM Paper Bag,$20.99ea,,,False,
household_items,,Ghibli T1 Backpack Paper Bag,Ghibli T1 Backpack Paper Bag,$21.99ea,,,False,
household_items,,Instant Aid- Instant Ice Pack (Pack of 3) by Purest,Instant Aid- Instant Ice Pack (Pack of 3) by Purest,$18.97ea,,,False,
household_items,,Esteam Apple Deodorizer-Case of 4,Esteam Apple Deodorizer-Case of 4,$149.99ea,,,False,
household_items,,Glade Plugins Car Refill Hawaiian Breeze 2/pk,Glade Plugins Car Refill Hawaiian Breeze 2/pk,$28.32ea,,,False,
household_items,Palmolive,"Ultra Dishwashing Liquid Dish Soap, Passionfruit & Mandarin","PalmoliveUltra Dishwashing Liquid Dish Soap, Passionfruit & Mandarin591 ml",$3.99ea,,$0.68/ 100ml,False,
household_items,Vim,Floor Cleaner for streak free shine Ocean Scent multi surface cleaner,VimFloor Cleaner for streak free shine Ocean Scent multi surface cleaner1 l,$4.99ea,,$0.50/ 100ml,False,
household_items,Mr. Clean,Magic Eraser Extra Power,Mr. CleanMagic Eraser Extra Power2x2.0 pack,$4.49ea,$3.99ea,$1.00/ 1ea,True,saleEnds 03/01
household_items,Nature Clean,Laundry Liquid Lemon Verbena,Nature CleanLaundry Liquid Lemon Verbena3 l,$15.49ea,,$0.52/ 100ml,False,
household_items,Downy,"Infusions Liquid Fabric Softener, Calm, Lavender & Vanilla Bean","DownyInfusions Liquid Fabric Softener, Calm, Lavender & Vanilla Bean0.946 l",$8.49ea,$4.99ea,$0.53/ 100ml,True,saleEnds 03/01
household_items,Lysol,"All Purpose Cleaner, Pour, Orange","LysolAll Purpose Cleaner, Pour, Orange1.2 l",$5.49ea,,$0.46/ 100ml,False,
household_items,Fleecy,"Pure Balance Liquid Fabric Softener, Rosewater","FleecyPure Balance Liquid Fabric Softener, Rosewater2.6 l",$9.99ea,$8.99ea,$0.35/ 100ml,True,saleEnds 03/01
household_items,Resolve,Urine Destroyer,ResolveUrine Destroyer946 ml,$12.99ea,,$1.37/ 100ml,False,
household_items,,Karcher KM 85/50 W Sweeper #1.351-116.0,Karcher KM 85/50 W Sweeper #1.351-116.0,"$10,764.00ea",,,False,
household_items,Windex,Original Glass and Window Cleaner Refill,WindexOriginal Glass and Window Cleaner Refill2 l,$10.49ea,,$0.52/ 100ml,False,
household_items,Swiffer,"WetJet Multi-Purpose Floor Cleaner Solution with Febreze Refill, Lavender Vanilla","SwifferWetJet Multi-Purpose Floor Cleaner Solution with Febreze Refill, Lavender Vanilla2.5 l",$14.99ea,,$0.60/ 100ml,False,
household_items,Lysol,NeutraAir 2 in 1 Ocean Breeze ,LysolNeutraAir 2 in 1 Ocean Breeze 283 g,$7.99ea,,$2.82/ 100g,False,
household_items,Dawn," Dishwashing Liquid Dish Soap, Original Scent","Dawn Dishwashing Liquid Dish Soap, Original Scent2.64 l",$12.99ea,,$0.49/ 100ml,False,
household_items,,Energizer LED GU10 Boxed Spot Bulb (Cool White),Energizer LED GU10 Boxed Spot Bulb (Cool White),$7.39ea,,,False,
household_items,,Energizer Filament LED E14 Pygmy Bulb (Warm White),Energizer Filament LED E14 Pygmy Bulb (Warm White),$10.30ea,,,False,
household_items,,JCB LED A70 E27 Bulb (Cool White),JCB LED A70 E27 Bulb (Cool White),$22.60ea,,,False,
household_items,,Lyveco BC Clear LED 4 Filament 470 Lumens GLS 2700K Round Light Bulb (Transparent),Lyveco BC Clear LED 4 Filament 470 Lumens GLS 2700K Round Light Bulb (Transparent),$9.72ea,,,False,
household_items,,Eveready LED R50 E14 Bulb (Warm White),Eveready LED R50 E14 Bulb (Warm White),$9.55ea,,,False,
household_items,,Eveready BC Fireglow Bulb,Eveready BC Fireglow Bulb,$6.80ea,,,False,
household_items,,Lyveco 4 Filament LED SES Candle Wick Bulb (Clear),Lyveco 4 Filament LED SES Candle Wick Bulb (Clear),$9.78ea,,,False,
household_items,,JCB LED Candle 470lm Opal 6w Light Bulb E14 2700k,JCB LED Candle 470lm Opal 6w Light Bulb E14 2700k,$7.55ea,,,False,
household_items,,Energizer LED GU10 5w Light Bulb Cap 350lm 3000k Warm White,Energizer LED GU10 5w Light Bulb Cap 350lm 3000k Warm White,$8.30ea,,,False,
household_items,,Eveready LED GLS B22 Bulb (Warm White),Eveready LED GLS B22 Bulb (Warm White),$9.55ea,,,False,
household_items,,SupaLite Halogen Capsule Lamps (Pack of 4) (Clear),SupaLite Halogen Capsule Lamps (Pack of 4) (Clear),$8.15ea,,,False,
household_items,,Lyveco BC LED 110V A60 806 Lumen Light Bulb,Lyveco BC LED 110V A60 806 Lumen Light Bulb,$9.03ea,,,False,
household_items,,Lyveco MR16 12v 280lm 4000k LED Spotlight (Natural White),Lyveco MR16 12v 280lm 4000k LED Spotlight (Natural White),$12.15ea,,,False,
household_items,,Esteam Fibre Guard II 1 Gallon-Case of 4,Esteam Fibre Guard II 1 Gallon-Case of 4,$349.99ea,,,False,
household_items,,Xtricity - 6-Pack Energy Saving LED Bulbs Dimmable 9W Type A 3000K Soft White,Xtricity - 6-Pack Energy Saving LED Bulbs Dimmable 9W Type A 3000K Soft White,$35.97ea,,,False,
household_items,Scotch-Brite,"Heavy Duty Sponge, pack of 3","Scotch-BriteHeavy Duty Sponge, pack of 31 ea",$6.99ea,,$6.99/ 1ea,False,
household_items,,Karcher NT 30/1 Tact Wet/Dry Vacuum #11482060,Karcher NT 30/1 Tact Wet/Dry Vacuum #11482060,$799.99ea,,,False,
household_items,,Convenience Concepts Designs2Go Office Caddy in White Wood Finish With Casters,Convenience Concepts Designs2Go Office Caddy in White Wood Finish With Casters,$157.64ea,,,False,
household_items,Method,"Dish Soap, Sea Minerals","MethodDish Soap, Sea Minerals532 ml",$6.99ea,,$1.31/ 100ml,False,
household_items,Sunlight, Laundry Soap Bar,Sunlight Laundry Soap Bar2x130.0 g,$4.29ea,,$1.65/ 100g,False,
household_items,,Groundsman Deck Scrub,Groundsman Deck Scrub,$25.21ea,,,False,
household_items,,VINYL DISPOSABLE GLOVES multi purpose powder free gloves small by Pur-est,VINYL DISPOSABLE GLOVES multi purpose powder free gloves small by Pur-est,$28.00ea,,,False,
household_items,,Wooden Mallet Paper Towel Dispenser in Mahogany,Wooden Mallet Paper Towel Dispenser in Mahogany,$198.35ea,,,False,
household_items,,ULTRA CLEAN Central Vacuum Air Hose - with Hose Cover Assembled - Low Voltage 24 V on/off switch handle operates non-electric attachments - Designed to fit All Brands (White 35 foot),ULTRA CLEAN Central Vacuum Air Hose - with Hose Cover Assembled - Low Voltage 24 V on/off switch handle operates non-electric attachments - Designed to fit All Brands (White 35 foot),$169.99ea,,,False,
household_items,Lysol,Toilet Bowl Cleaner - Twin Pack Power,LysolToilet Bowl Cleaner - Twin Pack Power710 ml,$7.29ea,$6.99ea,$0.98/ 100ml,True,saleEnds 03/08
household_items,Resolve,"Premium In Wash, 625G Whites  ","ResolvePremium In Wash, 625G Whites  625 g",$9.49ea,,$1.52/ 100g,False,
household_items,Downy,Unstopables Unscented Fabric Enhancers,DownyUnstopables Unscented Fabric Enhancers752 g,$22.99ea,$16.99ea,$2.26/ 100g,True,saleEnds 03/01
household_items,,Wet/Dry Vacuum 5-9 U.S Gallon Replacement Standard Filter Bags,Wet/Dry Vacuum 5-9 U.S Gallon Replacement Standard Filter Bags,$24.99ea,,,False,
household_items,Ziploc,"Small Food Storage Freezer Bags, Grip 'n Seal Technology","ZiplocSmall Food Storage Freezer Bags, Grip 'n Seal Technology25 ea",$5.49ea,$4.99ea,$0.20/ 1ea,True,saleEnds 03/01
household_items,Tide,"Tide Hygienic Clean Heavy Duty 10x Free Power Pods Laundry Detergent, 63 count, Unscented, For Visible and Invisible Dirt","TideTide Hygienic Clean Heavy Duty 10x Free Power Pods Laundry Detergent, 63 count, Unscented, For Visible and Invisible Dirt63 ea",$36.99ea,,$0.59/ 1ea,False,
household_items,Lysol,"Disinfecting Wipes, Spring Waterfall","LysolDisinfecting Wipes, Spring Waterfall75 ea",$6.49ea,,$0.09/ 1ea,False,
household_items,Ziploc,"Medium Food Storage Freezer Bags, Grip 'n Seal Technology","ZiplocMedium Food Storage Freezer Bags, Grip 'n Seal Technology19 ea",$5.49ea,$4.99ea,$0.26/ 1ea,True,saleEnds 03/01
household_items,Woolite,Laundry Detergent Darks Midnight Breeze Scent,WooliteLaundry Detergent Darks Midnight Breeze Scent2.96 l,$22.99ea,,$0.78/ 100ml,False,
household_items,Tide,"Febreze Liquid Laundry Detergent Pods, Botanical Rain, 23 Count","TideFebreze Liquid Laundry Detergent Pods, Botanical Rain, 23 Count23 ea",$12.99ea,,$1.92/ 100g,False,
household_items,Titan,Aluminum Foil Heavy Duty 30.5 Cm X 15.24 M (4.65 M²),TitanAluminum Foil Heavy Duty 30.5 Cm X 15.24 M (4.65 M²)1 ea,$4.49ea,,$4.49/ 1ea,False,
household_items,President's Choice,Non-Stick Heavy Duty Aluminum Foil ,President's ChoiceNon-Stick Heavy Duty Aluminum Foil 1 ea,$3.99ea,,$3.99/ 1ea,False,
household_items,No Name,Zipper Snack Bags,No NameZipper Snack Bags80 ea,$3.79ea,,$0.05/ 1ea,False,
household_items,President's Choice,Extra Large Heavy Duty Freezer Bags  ,President's ChoiceExtra Large Heavy Duty Freezer Bags  10 ea,$8.99ea,,$0.90/ 1ea,False,
household_items,Tide,"Free & Gentle Liquid Laundry Detergent Pods, 81 Count","TideFree & Gentle Liquid Laundry Detergent Pods, 81 Count81 ea",$22.99ea,,$0.28/ 1ea,False,
household_items,Tide,"Detergent Pods, 122-count","TideDetergent Pods, 122-count112 ea",$36.99ea,,$0.33/ 1ea,False,
household_items,No Name,Parchment Paper 50m,No NameParchment Paper 50m1 ea,$11.79ea,,$0.06/ 1ea,False,
household_items,Purex," Laundry Liquid, Free & Clear","Purex Laundry Liquid, Free & Clear2.03 l",$9.99ea,,$0.49/ 100ml,False,
household_items,Gain,Laundry Detergent Original,GainLaundry Detergent Original2.72 l,$12.99ea,,$0.48/ 100ml,False,
household_items,Gain,"Flings Aroma Boost Laundry Detergent Pacs, Original, 81 Count","GainFlings Aroma Boost Laundry Detergent Pacs, Original, 81 Count81 ea",$25.99ea,$22.99ea,$0.28/ 1ea,True,saleEnds 03/01
household_items,Tide,"Ultra Oxi Liquid Laundry Detergent Pods, 12 Count","TideUltra Oxi Liquid Laundry Detergent Pods, 12 Count357 g",$6.99ea,$4.99ea,$0.42/ 1ea,True,saleEnds 03/01
household_items,,Pure Kleen Crystal Beads Air Freshener-Apple Cinnamon 8oz (225 G),Pure Kleen Crystal Beads Air Freshener-Apple Cinnamon 8oz (225 G),$26.64ea,,,False,
household_items,,Hertel Bathroom Disinfectant Spray Cleaner With Bleach 700ML,Hertel Bathroom Disinfectant Spray Cleaner With Bleach 700ML,$18.99ea,,,False,
household_items,,Pure kleen 4 count copper coated scrubber/blister card - Pack of 2,Pure kleen 4 count copper coated scrubber/blister card - Pack of 2,$28.30ea,,,False,
household_items,,Eureka/ Kenmore/ Beam/ Nilfisk Central Paper Bag,Eureka/ Kenmore/ Beam/ Nilfisk Central Paper Bag,$24.99ea,,,False,
household_items,,Pure Air Trigger Spray Freshener White Musk 250 Ml - Pack of 2,Pure Air Trigger Spray Freshener White Musk 250 Ml - Pack of 2,$29.80ea,,,False,
household_items,,Numatic Charles OEM HEPA Bag - 10 Pack,Numatic Charles OEM HEPA Bag - 10 Pack,$38.52ea,,,False,
household_items,,Pure Air Trigger Spray Freshener French Vannila 250 Ml - Pack of 2,Pure Air Trigger Spray Freshener French Vannila 250 Ml - Pack of 2,$29.80ea,,,False,
household_items,,"Allegro MUA47 Classic 3,000 Square Foot Home Central Vacuum Power Unit","Allegro MUA47 Classic 3,000 Square Foot Home Central Vacuum Power Unit",$549.99ea,,,False,
household_items,,Twist & Kliin™ Cleaning Refill Kit Windows & Mirrors,Twist & Kliin™ Cleaning Refill Kit Windows & Mirrors,$43.99ea,,,False,
household_items,,Twist & Kliin™ Cleaning Combo Bottles - Pods - Compostable Cloths,Twist & Kliin™ Cleaning Combo Bottles - Pods - Compostable Cloths,$78.87ea,,,False,
household_items,,Eveready Eco Linear R118 Bulb (Warm White),Eveready Eco Linear R118 Bulb (Warm White),$5.56ea,,,False,
household_items,,Energizer High Tech LED R50 Light Bulb (Warm White),Energizer High Tech LED R50 Light Bulb (Warm White),$9.30ea,,,False,
household_items,,SupaLite Halogen Capsule Lamps (Pack of 4) (Clear),SupaLite Halogen Capsule Lamps (Pack of 4) (Clear),$8.15ea,,,False,
household_items,Eco-Max,Orange Dish Wash,Eco-MaxOrange Dish Wash4 l,$16.99ea,,$0.42/ 100ml,False,
household_items,Shout,Triple-Acting Laundry Stain Remover Spray,ShoutTriple-Acting Laundry Stain Remover Spray650 ml,$5.49ea,,$0.84/ 100ml,False,
household_items,,Xtricity - Energy Saving LED Bulb 6W E26 Base 5000K Daylight,Xtricity - Energy Saving LED Bulb 6W E26 Base 5000K Daylight,$12.97ea,,,False,
household_items,President's Choice,Original Grease-Fighting Dishwashing Liquid,President's ChoiceOriginal Grease-Fighting Dishwashing Liquid1 l,$3.49ea,,$0.35/ 100ml,False,
household_items,,Numatic James JVP180 Canister Vacuum,Numatic James JVP180 Canister Vacuum,$439.00ea,,,False,
household_items,,"CanaVac LS790 Signature Series Central Vacuum Cleaner | Tangential Bypass Motor Up to 10,000 sq ft | with the LS Deluxe Electric Package","CanaVac LS790 Signature Series Central Vacuum Cleaner | Tangential Bypass Motor Up to 10,000 sq ft | with the LS Deluxe Electric Package",$949.00ea,,,False,
household_items,Scotch-Brite,Heavy Duty Dishwand ,Scotch-BriteHeavy Duty Dishwand 1 ea,$6.99ea,,$6.99/ 1ea,False,
household_items,,Neato Robotics D8 Lithium-Ion Battery,Neato Robotics D8 Lithium-Ion Battery,$59.99ea,,,False,
household_items,Sylvania,Lights,SylvaniaLights2x1.0 ea,$14.99ea,,$7.50/ 1ea,False,
household_items,Persil, Laundry Detergent,Persil Laundry Detergent4.43 l,$23.99ea,,$0.54/ 100ml,False,
household_items,,Black Paper Beverage Napkins 30-ct - Pack of 24,Black Paper Beverage Napkins 30-ct - Pack of 24,$79.20ea,,,False,
household_items,No Name,6 Jumbo Paper Towels Rolls,No Name6 Jumbo Paper Towels Rolls6 rolls,$7.99ea,,$1.33/ 1ea,False,
household_items,,Orange TKO Super Concentrated All Purpose Cleaner 1.9 L (64 oz),Orange TKO Super Concentrated All Purpose Cleaner 1.9 L (64 oz),$88.99ea,,,False,
household_items,Cottonelle,"Ultra Comfort Toilet Paper, Strong Bath Tissue, 6 Mega Rolls (6 Mega Rolls = 24 regular rolls), 268 Sheets per Roll, 2-Ply Toilet Paper","CottonelleUltra Comfort Toilet Paper, Strong Bath Tissue, 6 Mega Rolls (6 Mega Rolls = 24 regular rolls), 268 Sheets per Roll, 2-Ply Toilet Paper268 ea",$9.99ea,,$0.04/ 1ea,False,
household_items,Nature Clean,"Dish Washing Liquid, Unscented","Nature CleanDish Washing Liquid, Unscented1.5 l",$8.49ea,,$0.57/ 100ml,False,
household_items,,Xtricity - Set of 2 Energy Saving LED Bulbs Dimmable 6W Type PAR16 3000K Soft White,Xtricity - Set of 2 Energy Saving LED Bulbs Dimmable 6W Type PAR16 3000K Soft White,$25.97ea,,,False,
household_items,,Spray Bottle 500ml - Pack of 6,Spray Bottle 500ml - Pack of 6,$22.15ea,,,False,
household_items,,Neato Robotics Ultra-Performance Filters (4-pack),Neato Robotics Ultra-Performance Filters (4-pack),$19.99ea,,,False,
household_items,,MATCC 42'' Shower Cleaner Tub and Tile Scrubber with Extendable Long Handle for Bath Tub Shower - MBS001,MATCC 42'' Shower Cleaner Tub and Tile Scrubber with Extendable Long Handle for Bath Tub Shower - MBS001,$24.99ea,,,False,
household_items,No Name,Pizza Pan/Crisper,No NamePizza Pan/Crisper2x1.0 ea,$5.49ea,,$2.75/ 1ea,False,
household_items,,Numatic George GVE 370 Hi-Power Wet/Dry/Extractor Canister Vacuum Cleaner with Professional 26A Accessory Tool Kit (Color Blue),Numatic George GVE 370 Hi-Power Wet/Dry/Extractor Canister Vacuum Cleaner with Professional 26A Accessory Tool Kit (Color Blue),$999.00ea,,,False,
household_items,Glade,"Scented Candle, Delicate Vanilla Embrace, 1-Wick Candle","GladeScented Candle, Delicate Vanilla Embrace, 1-Wick Candle1 ea",$5.99ea,,$5.99/ 1ea,False,
household_items,,Wooden Mallet Glove and Tissue Box Holder in Medium Oak,Wooden Mallet Glove and Tissue Box Holder in Medium Oak,$185.65ea,,,False,
household_items,No Name,Oxi-Burst Stain Remover,No NameOxi-Burst Stain Remover1.36 kg,$9.99ea,,$0.73/ 100g,False,
household_items,Febreze,"Car Odor-Eliminating Air Freshener Vent Clip, Linen & Sky, 1 count","FebrezeCar Odor-Eliminating Air Freshener Vent Clip, Linen & Sky, 1 count2 ml",$4.79ea,$3.99ea,$199.50/ 100ml,True,saleEnds 03/01
household_items,Eco-Max,Laundry Stain Remover Fragrance-Free,Eco-MaxLaundry Stain Remover Fragrance-Free800 ml,$5.99ea,$4.99ea,$0.62/ 100ml,True,saleEnds 03/15
household_items,Eco-Max,Automatic Dishwasher Pacs ,Eco-MaxAutomatic Dishwasher Pacs 20 ea,$7.69ea,,$0.38/ 1ea,False,
household_items,,Renuzit Gel Air Freshener Tranquil Falls 3 counts per pack Pack of 4,Renuzit Gel Air Freshener Tranquil Falls 3 counts per pack Pack of 4,$64.99ea,,,False,
household_items,Natura,Biodegradable Disinfecting Wipes Natural Enzymes,NaturaBiodegradable Disinfecting Wipes Natural Enzymes40 ea,$5.49ea,,$0.14/ 1ea,False,
household_items,Clorox,Liquid Plumr Full Clog Destroyer,CloroxLiquid Plumr Full Clog Destroyer2 l,$16.99ea,,$0.72/ 100ml,False,
household_items,Live Clean,Fuji Apple Dish Soap,Live CleanFuji Apple Dish Soap740 ml,$6.49ea,,$0.88/ 100ml,False,
household_items,Tide,"Febreze Liquid Laundry Detergent Pods, Botanical Rain, 61 Count","TideFebreze Liquid Laundry Detergent Pods, Botanical Rain, 61 Count61 ea",$22.99ea,,$1.28/ 100g,False,
household_items,,Hoover OEM Spinscrub Brush Block with 5 Brushes,Hoover OEM Spinscrub Brush Block with 5 Brushes,$64.99ea,,,False,
household_items,,Bona Stone Tile Laminate Floor Wet Cleaning Pads - 12 Pack,Bona Stone Tile Laminate Floor Wet Cleaning Pads - 12 Pack,$15.00ea,,,False,
household_items,,Airstream AS600 Upright Vacuum Cleaner with HEPA Filtration and Bags,Airstream AS600 Upright Vacuum Cleaner with HEPA Filtration and Bags,$349.95ea,,,False,
household_items,Kleenex,"Ultra Soft Facial Tissues, 6 Flat Boxes, 3-Ply, 70 Tissues per Box (720 Total Tissues)","KleenexUltra Soft Facial Tissues, 6 Flat Boxes, 3-Ply, 70 Tissues per Box (720 Total Tissues)420 ea",$9.99ea,,$0.02/ 1ea,False,
household_items,,TML Rectangular Plastic Bowl,TML Rectangular Plastic Bowl,$21.80ea,,,False,
household_items,Scotch-Brite,Bottle Brush,Scotch-BriteBottle Brush1 ea,$5.29ea,,$5.29/ 1ea,False,
household_items,Scotch-Brite,Dishwand Refills Heavy Duty Scrubbers,Scotch-BriteDishwand Refills Heavy Duty Scrubbers2x2.0 pack,$6.99ea,,$3.50/ 1ea,False,
household_items,Seventh Generation,Liquid Dish Soap Lavender Flower & Mint Scent,Seventh GenerationLiquid Dish Soap Lavender Flower & Mint Scent561 ml,$4.49ea,,$0.80/ 100ml,False,
household_items,Vileda,"Pure Gloves S/M, Washable, Latex-Free","ViledaPure Gloves S/M, Washable, Latex-Free1 ea",$5.49ea,,$5.49/ 1ea,False,
household_items,Weiman,Granite & Stone Cleaner,WeimanGranite & Stone Cleaner710 ml,$10.49ea,,$1.48/ 100ml,False,
household_items,Persil,Power-Liquid Detergent Intense Fresh,PersilPower-Liquid Detergent Intense Fresh1.18 l,$10.99ea,,$0.93/ 100ml,False,
household_items,Eco-Max,Hypoallergenic Ultra Dish Wash,Eco-MaxHypoallergenic Ultra Dish Wash4 l,$16.99ea,,$0.42/ 100ml,False,
household_items,Nature Clean,Laundry Detergent Strips fragrance-Free,Nature CleanLaundry Detergent Strips fragrance-Free32 ea,$9.99ea,,$0.31/ 1ea,False,
household_items,,Miele fragrance flacon 12.5 ml For 50 dryer cycles for a fresh fragrance that lasts up to four weeks (Nature 3 Pack),Miele fragrance flacon 12.5 ml For 50 dryer cycles for a fresh fragrance that lasts up to four weeks (Nature 3 Pack),$59.99ea,,,False,
household_items,,Bissell Cloth Bags For Opticlean Model 42Q8-3pk,Bissell Cloth Bags For Opticlean Model 42Q8-3pk,$23.99ea,,,False,
household_items,Method,"Gel Dish Soap Refill, Clementine","MethodGel Dish Soap Refill, Clementine1.6 l",$11.99ea,,$0.75/ 100ml,False,
household_items,Everyday Essentials,GU10 Halogen Flood 50W Light Bulbs,Everyday EssentialsGU10 Halogen Flood 50W Light Bulbs6x6.0 ea,$17.49ea,,$2.92/ 1ea,False,
household_items,Cottonelle,"Flushable Wet Wipes - 2 Flip-Top Packs, 42 Flushable Wipes per pack, 84 Total Flushable Wipes","CottonelleFlushable Wet Wipes - 2 Flip-Top Packs, 42 Flushable Wipes per pack, 84 Total Flushable Wipes84 ea",$7.99ea,,$0.10/ 1ea,False,
household_items,Tide,"Plus Febreze Sport Odor Defense Liquid Laundry Detergent, 100 loads","TidePlus Febreze Sport Odor Defense Liquid Laundry Detergent, 100 loads4.55 l",$22.99ea,,$0.51/ 100ml,False,
household_items,,PowAir® Odour Removing Penetrator Spray- 16oz,PowAir® Odour Removing Penetrator Spray- 16oz,$19.99ea,,,False,
household_items,,Glade Air Freshener Gel Clean Linen 70g,Glade Air Freshener Gel Clean Linen 70g,$22.40ea,,,False,
household_items,Glade,Air Freshener Tranquil Lavender & Aloe,GladeAir Freshener Tranquil Lavender & Aloe235 g,$5.49ea,,$2.34/ 100g,False,
household_items,,"Eureka Bag 3M Filtrete Bag ""B""","Eureka Bag 3M Filtrete Bag ""B""",$8.99ea,,,False,
household_items,Persil,Detergent Original,PersilDetergent Original4.43 l,$23.99ea,,$0.54/ 100ml,False,
household_items,,Panasonic C-20E Bag 3M Filtrete,Panasonic C-20E Bag 3M Filtrete,$19.89ea,,,False,
household_items,Downy,Liquid,DownyLiquid3.83 l,$17.99ea,,$0.47/ 100ml,False,
household_items,,"CanaVac LS790 Signature Series Central Vacuum Cleaner | Tangential Bypass Motor Up to 10,000 sq ft | with The LS Electric Power Package","CanaVac LS790 Signature Series Central Vacuum Cleaner | Tangential Bypass Motor Up to 10,000 sq ft | with The LS Electric Power Package","$1,079.00ea",,,False,
household_items,,Michaels Procare M60-18TNP Plus Wet/Dry Canister Vacuum with MTK3 Tool Kit,Michaels Procare M60-18TNP Plus Wet/Dry Canister Vacuum with MTK3 Tool Kit,$889.99ea,,,False,
household_items,,Clorox Germicidal Bleach 8.25% Concentration 3.57l - Pack of 2,Clorox Germicidal Bleach 8.25% Concentration 3.57l - Pack of 2,$27.85ea,,,False,
household_items,,Airstream AS300 Corded Full Size Canister Vacuum Cleaner with HEPA Filtration Electric Power Nozzle & Accessories,Airstream AS300 Corded Full Size Canister Vacuum Cleaner with HEPA Filtration Electric Power Nozzle & Accessories,$549.95ea,,,False,
household_items,Sylvania,3000 Hour Bulb 40W B10 CAN,Sylvania3000 Hour Bulb 40W B10 CAN4x1.0 ea,$4.99ea,,$1.25/ 1ea,False,
household_items,,Chef Aid Kettle De-Scaler (Silver),Chef Aid Kettle De-Scaler (Silver),$6.80ea,,,False,
household_items,,Esteam TMC Plus Powdered Emulsifier 8 lbs-Case of 4,Esteam TMC Plus Powdered Emulsifier 8 lbs-Case of 4,$229.99ea,,,False,
household_items,,"Reliavac 16"" Cleaning Path Commercial Upright Vacuum Cleaner","Reliavac 16"" Cleaning Path Commercial Upright Vacuum Cleaner",$719.99ea,,,False,
household_items,Clorox,Bleach Foam Bathroom Cleaner,CloroxBleach Foam Bathroom Cleaner887 ml,$5.49ea,,$0.62/ 100ml,False,
household_items,,Xtricity - Energy Saving LED Bulb Dimmable 7W GU10 Base 3000K Soft White,Xtricity - Energy Saving LED Bulb Dimmable 7W GU10 Base 3000K Soft White,$18.97ea,,,False,
household_items,President's Choice,3-Ply Hypoallergenic Facial Tissues,President's Choice3-Ply Hypoallergenic Facial Tissues78 sheets,$2.79ea,,,False,
household_items,,Ghibli /Johnny Vac AS400 10 Gal Wet & Dry Commercial Vacuum,Ghibli /Johnny Vac AS400 10 Gal Wet & Dry Commercial Vacuum,$599.00ea,,,False,
household_items,effeclean,"Hardwood, Vinyl Laminate Cleaner","effecleanHardwood, Vinyl Laminate Cleaner946 ml",$5.99ea,,$0.63/ 100ml,False,
household_items,President's Choice,Original Grease-Fighting Dishwashing Liquid,President's ChoiceOriginal Grease-Fighting Dishwashing Liquid1 l,$3.49ea,,$0.35/ 100ml,False,
household_items,,Numatic James JVP180 Canister Vacuum,Numatic James JVP180 Canister Vacuum,$439.00ea,,,False,
household_items,,"CanaVac LS790 Signature Series Central Vacuum Cleaner | Tangential Bypass Motor Up to 10,000 sq ft | with the LS Deluxe Electric Package","CanaVac LS790 Signature Series Central Vacuum Cleaner | Tangential Bypass Motor Up to 10,000 sq ft | with the LS Deluxe Electric Package",$949.00ea,,,False,
household_items,Scotch-Brite,Heavy Duty Dishwand ,Scotch-BriteHeavy Duty Dishwand 1 ea,$6.99ea,,$6.99/ 1ea,False,
household_items,,Neato Robotics D8 Lithium-Ion Battery,Neato Robotics D8 Lithium-Ion Battery,$59.99ea,,,False,
household_items,,NACECARE HD18 Upright Dual Motor Commercial Vacuum,NACECARE HD18 Upright Dual Motor Commercial Vacuum,$839.00ea,,,False,
household_items,Sylvania,LED 9W Light Bulb,SylvaniaLED 9W Light Bulb2x1.0 ea,$19.99ea,,$10.00/ 1ea,False,
household_items,Live Clean,Fuji Apple Dish Soap,Live CleanFuji Apple Dish Soap740 ml,$6.49ea,,$0.88/ 100ml,False,
household_items,Tide,"Febreze Liquid Laundry Detergent Pods, Botanical Rain, 61 Count","TideFebreze Liquid Laundry Detergent Pods, Botanical Rain, 61 Count61 ea",$22.99ea,,$1.28/ 100g,False,
household_items,,Hoover OEM Spinscrub Brush Block with 5 Brushes,Hoover OEM Spinscrub Brush Block with 5 Brushes,$64.99ea,,,False,
household_items,,Bona Stone Tile Laminate Floor Wet Cleaning Pads - 12 Pack,Bona Stone Tile Laminate Floor Wet Cleaning Pads - 12 Pack,$15.00ea,,,False,
household_items,,Airstream AS600 Upright Vacuum Cleaner with HEPA Filtration and Bags,Airstream AS600 Upright Vacuum Cleaner with HEPA Filtration and Bags,$349.95ea,,,False,
household_items,Kleenex,"Ultra Soft Facial Tissues, 6 Flat Boxes, 3-Ply, 70 Tissues per Box (720 Total Tissues)","KleenexUltra Soft Facial Tissues, 6 Flat Boxes, 3-Ply, 70 Tissues per Box (720 Total Tissues)420 ea",$9.99ea,,$0.02/ 1ea,False,
household_items,,TML Rectangular Plastic Bowl,TML Rectangular Plastic Bowl,$21.80ea,,,False,
household_items,Scotch-Brite,Bottle Brush,Scotch-BriteBottle Brush1 ea,$5.29ea,,$5.29/ 1ea,False,
household_items,Scotch-Brite,Dishwand Refills Heavy Duty Scrubbers,Scotch-BriteDishwand Refills Heavy Duty Scrubbers2x2.0 pack,$6.99ea,,$3.50/ 1ea,False,
household_items,Seventh Generation,Liquid Dish Soap Lavender Flower & Mint Scent,Seventh GenerationLiquid Dish Soap Lavender Flower & Mint Scent561 ml,$4.49ea,,$0.80/ 100ml,False,
household_items,Lysol,"All Purpose Cleaner, Trigger, Lemon","LysolAll Purpose Cleaner, Trigger, Lemon650 ml",$4.99ea,,$0.77/ 100ml,False,
household_items,,Red Label 2 Ply Kitchen Paper Towel 120 Sheet Blue by Renova,Red Label 2 Ply Kitchen Paper Towel 120 Sheet Blue by Renova,$25.60ea,,,False,
household_items,,Xtricity - Energy Saving LED Bulb Dimmable 18W Type BR40 3000K Soft White,Xtricity - Energy Saving LED Bulb Dimmable 18W Type BR40 3000K Soft White,$28.97ea,,,False,
household_items,Glad,Drawstring Compost Small 10 L,GladDrawstring Compost Small 10 L1 ea,$14.99ea,,$14.99/ 1ea,False,
household_items,Air Wick,Essential Mist Fragrance Mist Vanilla & Pink Papaya,Air WickEssential Mist Fragrance Mist Vanilla & Pink Papaya3x20.0 ml,$21.99ea,,$36.65/ 100ml,False,
household_items,Finish,"Dishwasher Rinse Aid & Drying Agent, Original","FinishDishwasher Rinse Aid & Drying Agent, Original621 ml",$14.99ea,,$2.41/ 100ml,False,
household_items,Botanical Origin,Fabric Softener Fresh Jasmine & Wild Lavender Scent,Botanical OriginFabric Softener Fresh Jasmine & Wild Lavender Scent960 ml,$9.99ea,,$1.04/ 100ml,False,
household_items,Everyday Essentials,LED Bulb 100W A19 10Y 5000K,Everyday EssentialsLED Bulb 100W A19 10Y 5000K1 ea,$8.99ea,,$8.99/ 1ea,False,
household_items,Glade,"Candle Jar, Berry","GladeCandle Jar, Berry1 ea",$5.99ea,,$5.99/ 1ea,False,
household_items,,JCB LED Candle 470lm Opal 6w Light Bulb E14 2700k,JCB LED Candle 470lm Opal 6w Light Bulb E14 2700k,$7.55ea,,,False,
household_items,,Energizer LED GU10 5w Light Bulb Cap 350lm 3000k Warm White,Energizer LED GU10 5w Light Bulb Cap 350lm 3000k Warm White,$8.30ea,,,False,
household_items,,Eveready LED GLS B22 Bulb (Warm White),Eveready LED GLS B22 Bulb (Warm White),$9.55ea,,,False,
household_items,,SupaLite Halogen Capsule Lamps (Pack of 4) (Clear),SupaLite Halogen Capsule Lamps (Pack of 4) (Clear),$8.15ea,,,False,
household_items,,Lyveco BC LED 110V A60 806 Lumen Light Bulb,Lyveco BC LED 110V A60 806 Lumen Light Bulb,$9.03ea,,,False,
household_items,,Lyveco MR16 12v 280lm 4000k LED Spotlight (Natural White),Lyveco MR16 12v 280lm 4000k LED Spotlight (Natural White),$12.15ea,,,False,
household_items,,Eveready E27 LED Candle Bulb (Warm White),Eveready E27 LED Candle Bulb (Warm White),$6.80ea,,,False,
household_items,,JCB LED Golf 470lm Opal 6w Light Bulb E14 2700k,JCB LED Golf 470lm Opal 6w Light Bulb E14 2700k,$7.55ea,,,False,
household_items,,Lyvia Xenon High Performance G9 Bulb (2 Pack) (Clear),Lyvia Xenon High Performance G9 Bulb (2 Pack) (Clear),$8.30ea,,,False,
household_items,,Eveready LED Golf Bulb (Cool White),Eveready LED Golf Bulb (Cool White),$6.00ea,,,False,
household_items,,Energizer LED GU10 5.5w Light Bulb Cap 360lm 4000k Dimmable,Energizer LED GU10 5.5w Light Bulb Cap 360lm 4000k Dimmable,$10.05ea,,,False,
household_items,,Lyveco Opal BC LED Filament Candle Bulb,Lyveco Opal BC LED Filament Candle Bulb,$8.89ea,,,False,
household_items,,Lyveco SES LED Filament Candle Bulb (Clear),Lyveco SES LED Filament Candle Bulb (Clear),$8.64ea,,,False,
household_items,,Lyveco SES LED G45 Round Bulb,Lyveco SES LED G45 Round Bulb,$10.80ea,,,False,
household_items,,Eveready LED GLS Bulb,Eveready LED GLS Bulb,$6.80ea,,,False,
household_items,,Lyveco GU10 7W 4000K LED Spot Light (Cool White),Lyveco GU10 7W 4000K LED Spot Light (Cool White),$9.00ea,,,False,
household_items,,Lyveco BC Clear LED 8 Filament 880 Lumens Light Bulb GLS 2700K (Transparent),Lyveco BC Clear LED 8 Filament 880 Lumens Light Bulb GLS 2700K (Transparent),$14.78ea,,,False,
household_items,,Lyveco BC 15W LED 240V A60 4000K 1521 Lumens Light Bulb,Lyveco BC 15W LED 240V A60 4000K 1521 Lumens Light Bulb,$16.72ea,,,False,
household_items,,Luceco GU10 LED Non Dimmable Light Bulb (Warm White),Luceco GU10 LED Non Dimmable Light Bulb (Warm White),$7.36ea,,,False,
household_items,,Eveready LED Golf Bulb,Eveready LED Golf Bulb,$5.67ea,,,False,
household_items,,Safco Onyx Condiment Carton in Black,Safco Onyx Condiment Carton in Black,$132.01ea,,,False,
household_items,,Costway Multifunction Portable Steamer Household Steam Cleaner 1050W W/Attachments Blue,Costway Multifunction Portable Steamer Household Steam Cleaner 1050W W/Attachments Blue,$89.99ea,,,False,
household_items,,"2 Pack Microfiber Car Washing Towel 15.75"" x 15.75"" grey - Baseus","2 Pack Microfiber Car Washing Towel 15.75"" x 15.75"" grey - Baseus",$8.99ea,,,False,
household_items,,Scented Reed Diffuser For Aromatherapy Home Air Freshener 100ml Fresh Linen,Scented Reed Diffuser For Aromatherapy Home Air Freshener 100ml Fresh Linen,$19.99ea,,,False,
household_items,,"Allegro Classic MU4200 3,000 Square Foot Home Central Vacuum Power Unit","Allegro Classic MU4200 3,000 Square Foot Home Central Vacuum Power Unit",$499.99ea,,,False,
household_items,,"Allegro MUA47 Classic 3,000 Square Foot Home Central Vacuum Power Unit","Allegro MUA47 Classic 3,000 Square Foot Home Central Vacuum Power Unit",$549.99ea,,,False,
household_items,,Twist & Kliin™ Cleaning Combo Bottles - Pods - Compostable Cloths,Twist & Kliin™ Cleaning Combo Bottles - Pods - Compostable Cloths,$78.87ea,,,False,
household_items,Rayovac,"Size 312 Hearing Aid Batteries (24 Pack) , Size 312 Batteries","RayovacSize 312 Hearing Aid Batteries (24 Pack) , Size 312 Batteries24x1.0 ea",$26.99ea,,$1.12/ 1ea,False,
household_items,Energizer,Alkaline Batteries D8,EnergizerAlkaline Batteries D88x1.0 ea,$16.99ea,$12.99ea,$1.62/ 1ea,True,saleEnds 03/01
household_items,Energizer,Lithium Batteries Aa4,EnergizerLithium Batteries Aa44x1.0 ea,$16.99ea,,$4.25/ 1ea,False,
household_items,Energizer,"Hearing Aid Batteries Size 13, Orange Tab, 16 Pack","EnergizerHearing Aid Batteries Size 13, Orange Tab, 16 Pack16 ea",$26.99ea,,$1.69/ 1ea,False,
household_items,,Eveready Eco Linear R118 Bulb (Warm White),Eveready Eco Linear R118 Bulb (Warm White),$5.56ea,,,False,
household_items,,Energizer High Tech LED R50 Light Bulb (Warm White),Energizer High Tech LED R50 Light Bulb (Warm White),$9.30ea,,,False,
household_items,,SupaLite Halogen Capsule Lamps (Pack of 4) (Clear),SupaLite Halogen Capsule Lamps (Pack of 4) (Clear),$8.15ea,,,False,
household_items,Gain,"Fireworks In-Wash Scent Booster Beads, Original, ","GainFireworks In-Wash Scent Booster Beads, Original, 422 g",$12.99ea,,$3.08/ 100g,False,
household_items,Tide,"4-in-1 Pods Ultra Oxi, 85 capsules","Tide4-in-1 Pods Ultra Oxi, 85 capsules85 ea",$36.99ea,,$0.44/ 1ea,False,
household_items,President's Choice, 3-Ply Hypoallergenic Facial Tissues,President's Choice 3-Ply Hypoallergenic Facial Tissues6x78.0 sheets,$7.99ea,,$0.02/ 1ea,False,
household_items,Purex," Laundry Liquid, Free & Clear","Purex Laundry Liquid, Free & Clear2.03 l",$9.99ea,,$0.49/ 100ml,False,
household_items,Gain,Laundry Detergent Original,GainLaundry Detergent Original2.72 l,$12.99ea,,$0.48/ 100ml,False,
household_items,,"Allegro DA VINCI Quiet 10,000 Square Foot Home Central Vacuum Power Unit","Allegro DA VINCI Quiet 10,000 Square Foot Home Central Vacuum Power Unit",$854.99ea,,,False,
household_items,,Laundry Detergent Sheet Set - 12 Months,Laundry Detergent Sheet Set - 12 Months,$119.88ea,,,False,
household_items,,Kliin™ the Cleaning Essential Starter Kit - Large,Kliin™ the Cleaning Essential Starter Kit - Large,$61.94ea,,,False,
household_items,,Twist & Kliin™ Cleaning Refill Kit Windows & Mirrors,Twist & Kliin™ Cleaning Refill Kit Windows & Mirrors,$43.99ea,,,False,
household_items,,Eveready B22 LED Candle Bulb (Warm White),Eveready B22 LED Candle Bulb (Warm White),$5.89ea,,,False,
household_items,Gain,"Flings Aroma Boost Laundry Detergent Pacs, Original, 81 Count","GainFlings Aroma Boost Laundry Detergent Pacs, Original, 81 Count81 ea",$25.99ea,$22.99ea,$0.28/ 1ea,True,saleEnds 03/01
household_items,Ziploc,"Small Food Storage Freezer Bags, Grip 'n Seal Technology","ZiplocSmall Food Storage Freezer Bags, Grip 'n Seal Technology25 ea",$5.49ea,$4.99ea,$0.20/ 1ea,True,saleEnds 03/01
household_items,Tide,"Tide Hygienic Clean Heavy Duty 10x Free Power Pods Laundry Detergent, 63 count, Unscented, For Visible and Invisible Dirt","TideTide Hygienic Clean Heavy Duty 10x Free Power Pods Laundry Detergent, 63 count, Unscented, For Visible and Invisible Dirt63 ea",$36.99ea,,$0.59/ 1ea,False,
household_items,Lysol,"Disinfecting Wipes, Spring Waterfall","LysolDisinfecting Wipes, Spring Waterfall75 ea",$6.49ea,,$0.09/ 1ea,False,
