category,brand,product_text,product_name,price_text,sale_price,per_unit_price_text,is_sale
pantry,Franks,"Hot Sauce, Original Cayenne Pepper","FranksHot Sauce, Original Cayenne Pepper354 ml",$4.00ea,$3.29ea,$0.93/ 100ml,True
pantry,Franks,"Hot Sauce, Buffalo Wings Sauce","FranksHot Sauce, Buffalo Wings Sauce354 ml",$4.00ea,$3.29ea,$0.93/ 100ml,True
pantry,Franks,Xtra Hot Cayenne Pepper Sauce,FranksXtra Hot Cayenne Pepper Sauce354 ml,$4.00ea,$3.29ea,$0.93/ 100ml,True
pantry,Franks,"Hot Sauce, Sweet Chili","FranksHot Sauce, Sweet Chili354 ml",$4.00ea,$3.29ea,$0.93/ 100ml,True
pantry,President's Choice,Sweet Basil Pasta Sauce,President's ChoiceSweet Basil Pasta Sauce650 ml,$3.99ea,,$0.61/ 100ml,False
pantry,Franks,"Hot Sauce, Hot Buffalo Wings Sauce","FranksHot Sauce, Hot Buffalo Wings Sauce354 ml",$4.00ea,$3.29ea,$0.93/ 100ml,True
pantry,Le Grec,Caesar Salad Dressing,Le GrecCaesar Salad Dressing350 ml,$4.99ea,,$1.43/ 100ml,False
pantry,Hunt's,"Thick & Rich Pasta Sauce, Spicy Red Pepper & Chilies","Hunt'sThick & Rich Pasta Sauce, Spicy Red Pepper & Chilies680 ml",$2.89ea,,$0.43/ 100ml,False
pantry,Franks,"Thick Sauce, Buffalo 'N Ranch","FranksThick Sauce, Buffalo 'N Ranch354 ml",$5.29ea,,$1.49/ 100ml,False
pantry,Sarafino,Extra Virgin Olive Oil   ,SarafinoExtra Virgin Olive Oil   500 ml,$27.99ea,,$5.60/ 100ml,False
pantry,Franks,"Thick Sauce, Original","FranksThick Sauce, Original354 ml",$5.29ea,,$1.49/ 100ml,False
pantry,CattleBoyz,BBQ Sauce Sweet Chili,CattleBoyzBBQ Sauce Sweet Chili490 ml,$8.49ea,,$1.73/ 100ml,False
pantry,Franks,Mild Wings Sauce,FranksMild Wings Sauce354 ml,$4.00ea,$3.29ea,$0.93/ 100ml,True
pantry,4C,Seasoned Crumbs,4CSeasoned Crumbs340 g,$7.99ea,,$2.35/ 100g,False
pantry,Cheetos,Mac'N Cheese Flamin' Hot Pasta,CheetosMac'N Cheese Flamin' Hot Pasta160 g,$3.49ea,,$2.18/ 100g,False
pantry,M'Lord,Whole Hearts Of Palm,M'LordWhole Hearts Of Palm398 ml,$4.29ea,$3.69ea,$0.93/ 100ml,True
pantry,Organically Yours,"Cashews, Roasted & Salted","Organically YoursCashews, Roasted & Salted200 g",$12.99ea,,$6.50/ 100g,False
pantry,Stock and Barrel,"Toasted Corn, Chili Lemon","Stock and BarrelToasted Corn, Chili Lemon275 g",$4.99ea,,$1.81/ 100g,False
pantry,Le Grec,Dressing Italian,Le GrecDressing Italian350 ml,$4.99ea,,$1.43/ 100ml,False
pantry,Jell-O,"Instant Pudding and Pie Filling, Chocolate","Jell-OInstant Pudding and Pie Filling, Chocolate170 g",$4.79ea,,$2.82/ 100g,False
pantry,Jell-O,"Cherry Jelly Powder, Gelatin Mix","Jell-OCherry Jelly Powder, Gelatin Mix85 g",$1.49ea,,$1.75/ 100g,False
pantry,Wildly Delicious,Garlic Chili Sauce,Wildly DeliciousGarlic Chili Sauce350 ml,$6.99ea,,$2.00/ 100ml,False
pantry,,Rice Cracker Mix,Rice Cracker Mix,$1.89/100 g,,$1.89/ 100g,False
pantry,Maille,Crunchy Mini Gherkins ,MailleCrunchy Mini Gherkins 375 ml,$6.49ea,,$1.73/ 100ml,False
pantry,President's Choice,"Oils, Extra Virgin Olive Oil From Tuscany","President's ChoiceOils, Extra Virgin Olive Oil From Tuscany500 ml",$13.99ea,,$2.80/ 100ml,False
pantry,President's Choice,Chipotle Hot Sauce,President's ChoiceChipotle Hot Sauce142 ml,$2.49ea,,$1.75/ 100ml,False
pantry,M'Lord,Bing Cherries,M'LordBing Cherries398 ml,$5.49ea,,$1.38/ 100ml,False
pantry,Clark,Beans with Pork and Tomato Sauce,ClarkBeans with Pork and Tomato Sauce398 ml,$1.99ea,,$0.50/ 100ml,False
pantry,Fini,Balsamic Vinegar,FiniBalsamic Vinegar250 ml,$4.79ea,,$1.92/ 100ml,False
pantry,Cordon Bleu,Irish Stew with Formed Beef Chunk,Cordon BleuIrish Stew with Formed Beef Chunk410 g,$4.49ea,$3.69ea,$0.90/ 100g,True
pantry,Stock and Barrel,Cranberry Raisin Nut Mix,Stock and BarrelCranberry Raisin Nut Mix350 g,$7.99ea,,$2.28/ 100g,False
pantry,Nature's Nuts,Blueberry Divine,Nature's NutsBlueberry Divine500 g,$11.99ea,,$2.40/ 100g,False
pantry,Puratos,Corned Beef Hash,PuratosCorned Beef Hash425 g,$4.79ea,,$1.13/ 100g,False
pantry,The Keg,"Horseradish, Extra Hot","The KegHorseradish, Extra Hot250 ml",$3.49ea,,$1.40/ 100ml,False
pantry,PC Splendido,Four Cheese Risotto,PC SplendidoFour Cheese Risotto170 g,$3.29ea,,$1.94/ 100g,False
pantry,Lea & Perrins,Worcestershire Sauce,Lea & PerrinsWorcestershire Sauce142 ml,$3.49ea,,$2.46/ 100ml,False
pantry,Mutti,Concentrated Tomato Paste,MuttiConcentrated Tomato Paste156 ml,$3.99ea,$3.29ea,$2.11/ 100ml,True
pantry,President's Choice,White Fondant,President's ChoiceWhite Fondant680 g,$8.49ea,,$1.25/ 100g,False
pantry,Colavita,"Extra Virgin Olive Oil, Greek","ColavitaExtra Virgin Olive Oil, Greek750 ml",$16.99ea,,$2.27/ 100ml,False
pantry,sugarlike,SugarLike Monk Fruit Sweetener,sugarlikeSugarLike Monk Fruit Sweetener227 g,$14.99ea,,$6.60/ 100g,False
pantry,Island Gurl,Flavour Pepper Sauce,Island GurlFlavour Pepper Sauce360 ml,$7.99ea,,$2.22/ 100ml,False
pantry,PC Blue Menu,Italian Farro,PC Blue MenuItalian Farro225 g,$3.29ea,,$1.46/ 100g,False
pantry,No Name,Half Moon Hearts Of Palm,No NameHalf Moon Hearts Of Palm398 ml,$2.79ea,,$0.70/ 100ml,False
pantry,PC Black Label,Artichoke Halves,PC Black LabelArtichoke Halves370 ml,$6.99ea,,$1.89/ 100ml,False
pantry,President's Choice,Memories of Tunisia Harissa Sauce,President's ChoiceMemories of Tunisia Harissa Sauce350 ml,$4.99ea,,$1.43/ 100ml,False
pantry,Thai Kitchen,Peanut Satay Sauce,Thai KitchenPeanut Satay Sauce227 ml,$5.49ea,,$2.42/ 100ml,False
pantry,Nando's,"Peri Peri Sauce, Medium","Nando'sPeri Peri Sauce, Medium250 ml",$7.49ea,,$3.00/ 100ml,False
pantry,Loney's,Dehydrated Chicken Bouillon,Loney'sDehydrated Chicken Bouillon400 g,$6.99ea,,$1.75/ 100g,False
pantry,Stock and Barrel,Salted Pumpkin Seeds,Stock and BarrelSalted Pumpkin Seeds200 g,$6.99ea,,$3.50/ 100g,False
pantry,PC Black Label,Tres Pimientos Hot Sauce,PC Black LabelTres Pimientos Hot Sauce255 ml,$4.49ea,,$1.76/ 100ml,False
pantry,PC Blue Menu,Omega Oil ,PC Blue MenuOmega Oil 500 ml,$6.99ea,,$1.40/ 100ml,False
pantry,Portugallo,"Sauce, Mild","PortugalloSauce, Mild355 ml",$6.99ea,,$1.97/ 100ml,False
pantry,Magic Baking Powder,Baking Powder,Magic Baking PowderBaking Powder225 g,$4.49ea,,$2.00/ 100g,False
pantry,Nature's Nuts,Berry Pistachio Blend,Nature's NutsBerry Pistachio Blend454 g,$12.99ea,,$2.86/ 100g,False
pantry,G Hughes Smokehouse,Sweet Chili Dipping Sauce,G Hughes SmokehouseSweet Chili Dipping Sauce490 ml,$6.99ea,,$1.43/ 100ml,False
pantry,PC Black Label,Aged Balsamic Vinegar of Modena and Extra Virgin Olive Oil,PC Black LabelAged Balsamic Vinegar of Modena and Extra Virgin Olive Oil250 ml,$29.99ea,,$12.00/ 100ml,False
pantry,Wilton,Plastic Icing Tip Set,WiltonPlastic Icing Tip Set4 ea,$2.69ea,,$0.67/ 1ea,False
pantry,Altra Food,Tonelli Balsamic Vinegar,Altra FoodTonelli Balsamic Vinegar500 ml,$6.99ea,$6.59ea,$1.32/ 100ml,True
pantry,PC Blue Menu,Italian Farro,PC Blue MenuItalian Farro225 g,$3.29ea,,$1.46/ 100g,False
pantry,No Name,Half Moon Hearts Of Palm,No NameHalf Moon Hearts Of Palm398 ml,$2.79ea,,$0.70/ 100ml,False
pantry,Haddar,Garlic Powder ,HaddarGarlic Powder 37 g,$1.99ea,,$5.38/ 100g,False
pantry,President's Choice,Memories of Tunisia Harissa Sauce,President's ChoiceMemories of Tunisia Harissa Sauce350 ml,$4.99ea,,$1.43/ 100ml,False
pantry,Kikkoman,Soy Sauce,KikkomanSoy Sauce296 ml,$5.19ea,,$1.75/ 100ml,False
pantry,Riso Bello,Four Cheese Risotto,Riso BelloFour Cheese Risotto175 g,$6.49ea,,$3.71/ 100g,False
pantry,Muskoka,Sriracha Garlic Sauce,MuskokaSriracha Garlic Sauce250 ml,$7.49ea,,$3.00/ 100ml,False
pantry,Stock and Barrel,Sliced Blanched Almonds,Stock and BarrelSliced Blanched Almonds100 g,$6.99ea,,$6.99/ 100g,False
pantry,Nutrella, Soya Mini Chunks,Nutrella Soya Mini Chunks200 g,$1.99ea,,$1.00/ 100g,False
pantry,President's Choice,Black Fondant,President's ChoiceBlack Fondant680 g,$8.49ea,,$1.25/ 100g,False
pantry,Wilton,Candle Pick Set Numerals,WiltonCandle Pick Set Numerals10 ea,$3.99ea,,$0.40/ 1ea,False
pantry,Dabur,Honey,DaburHoney500 g,$11.99ea,,$2.40/ 100g,False
pantry,Cool Runnings,Fish Seasoning,Cool RunningsFish Seasoning350 g,$4.29ea,,$1.23/ 100g,False
pantry,President's Choice,Seedless Thompson Dried Raisins ,President's ChoiceSeedless Thompson Dried Raisins 1.36 kg,$13.99ea,,$1.03/ 100g,False
pantry,Wilton,Red Ready-to-Use Icing Tube,WiltonRed Ready-to-Use Icing Tube120 g,$4.19ea,,$3.49/ 100g,False
pantry,President's Choice,"Pasta Sauce, Carbonara","President's ChoicePasta Sauce, Carbonara410 ml",$3.99ea,,$0.97/ 100ml,False
pantry,Wilton,"FoodWriter Edible Black Colour Marker Set, 2-Piece","WiltonFoodWriter Edible Black Colour Marker Set, 2-Piece3.6 g",$5.49ea,,$152.50/ 100g,False
pantry,President's Choice,Berry Cherry Dried Fruit Blend,President's ChoiceBerry Cherry Dried Fruit Blend300 g,$7.49ea,,$2.50/ 100g,False
pantry,Martelli,Arugula Pesto,MartelliArugula Pesto212 ml,$4.19ea,$3.49ea,$1.65/ 100ml,True
pantry,Tabasco,"Original Red Sauce, Club Pack","TabascoOriginal Red Sauce, Club Pack350 ml",$11.99ea,,$3.43/ 100ml,False
pantry,Wilton,Colour Swirl Decorating Set,WiltonColour Swirl Decorating Set9 ea,$8.99ea,,$1.00/ 1ea,False
pantry,Clic,Yellow Cornmeal,ClicYellow Cornmeal907 g,$3.49ea,,$0.38/ 100g,False
pantry,Maille,Honey Dijon Mustard,MailleHoney Dijon Mustard200 ml,$4.49ea,,$2.25/ 100ml,False
pantry,McCormicks,Hollandaise Sauce,McCormicksHollandaise Sauce56 g,$2.49ea,,$4.45/ 100g,False
pantry,Little Italy In The Bronx,Tomato Basil Pasta Sauce,Little Italy In The BronxTomato Basil Pasta Sauce650 ml,$10.49ea,,$1.61/ 100ml,False
pantry,Clic,"Split Peas, Yellow","ClicSplit Peas, Yellow907 g",$3.99ea,,$0.44/ 100g,False
pantry,Marie Sharp's,Mango Habanero Pepper Sauce,Marie Sharp'sMango Habanero Pepper Sauce148 ml,$6.99ea,,$4.72/ 100ml,False
pantry,Cucina Antica,"Pasta Sauce, Tuscany Pumpkin","Cucina AnticaPasta Sauce, Tuscany Pumpkin670 ml",$10.99ea,,$1.64/ 100ml,False
pantry,Mezzetta,Garlic Stuffed Olives,MezzettaGarlic Stuffed Olives250 ml,$8.49ea,,$3.40/ 100ml,False
pantry,Dr Oetker,Naturally Flavoured Cake Mix And Icing Mix Lemon Drizzle,Dr OetkerNaturally Flavoured Cake Mix And Icing Mix Lemon Drizzle375 g,$5.49ea,,$1.46/ 100g,False
pantry,Hunt's,"Tomato Sauce, Roasted Garlic","Hunt'sTomato Sauce, Roasted Garlic680 ml",$2.89ea,,$0.43/ 100ml,False
pantry,Jus' Better,Peach Rings,Jus' BetterPeach Rings550 g,$4.99ea,,$0.91/ 100g,False
pantry,Knorr,Concentrated Bouillon Taste Of Thailand No Added Msg,KnorrConcentrated Bouillon Taste Of Thailand No Added Msg250 ml,$7.29ea,,$2.92/ 100ml,False
pantry,Windsor,Fleur de Sel de Camargue,WindsorFleur de Sel de Camargue125 g,$12.49ea,,$9.99/ 100g,False
pantry,Wilton,"White Nonpareils Sprinkles Pouch, 40 g","WiltonWhite Nonpareils Sprinkles Pouch, 40 g40 g",$1.59ea,,$3.98/ 100g,False
pantry,President's Choice,Basmati Rice,President's ChoiceBasmati Rice1.6 kg,$10.29ea,,$0.64/ 100g,False
pantry,Crown,Whole Baby Corn,CrownWhole Baby Corn410 g,$2.59ea,,$0.63/ 100g,False
pantry,H and H,Royal Figs,H and HRoyal Figs454 g,$8.49ea,,$1.87/ 100g,False
pantry,Mutti,Concentrated Tomato Paste,MuttiConcentrated Tomato Paste156 ml,$3.99ea,$3.29ea,$2.11/ 100ml,True
pantry,President's Choice,White Fondant,President's ChoiceWhite Fondant680 g,$8.49ea,,$1.25/ 100g,False
pantry,Galil,Olives Grn Man,GalilOlives Grn Man652 g,$4.49ea,,$0.69/ 100g,False
pantry,sugarlike,SugarLike Monk Fruit Sweetener,sugarlikeSugarLike Monk Fruit Sweetener227 g,$14.99ea,,$6.60/ 100g,False
pantry,Island Gurl,Flavour Pepper Sauce,Island GurlFlavour Pepper Sauce360 ml,$7.99ea,,$2.22/ 100ml,False
pantry,Kung Fu,Soy Sauce,Kung FuSoy Sauce1 l,$5.99ea,,$0.60/ 100ml,False
pantry,PC Black Label,Artichoke Halves,PC Black LabelArtichoke Halves370 ml,$6.99ea,,$1.89/ 100ml,False
pantry,Sera,Hot Pepper Paste,SeraHot Pepper Paste720 ml,$6.99ea,,$0.97/ 100ml,False
pantry,Mother,"Lime Pickle, Hot","MotherLime Pickle, Hot500 g",$5.49ea,,$1.10/ 100g,False
pantry,Thai Kitchen,Peanut Satay Sauce,Thai KitchenPeanut Satay Sauce227 ml,$5.49ea,,$2.42/ 100ml,False
pantry,Nando's,"Peri Peri Sauce, Medium","Nando'sPeri Peri Sauce, Medium250 ml",$7.49ea,,$3.00/ 100ml,False
pantry,Loney's,Dehydrated Chicken Bouillon,Loney'sDehydrated Chicken Bouillon400 g,$6.99ea,,$1.75/ 100g,False
pantry,Island Gurl,Bahama Steamed Sauce,Island GurlBahama Steamed Sauce360 ml,$6.99ea,,$1.94/ 100ml,False
pantry,No Name,Long Grain Brown Rice,No NameLong Grain Brown Rice900 g,$4.49ea,,$0.50/ 100g,False
pantry,sugarlike,SugarLike Erythritol Sweetener,sugarlikeSugarLike Erythritol Sweetener360 g,$14.99ea,,$4.16/ 100g,False
pantry,,Sardines in Tomato Sauce,Sardines in Tomato Sauce425 g,$2.49ea,,$0.59/ 100g,False
pantry,MTR,Cake Mix Khaman Dhokla,MTRCake Mix Khaman Dhokla0.2 kg,$2.29ea,,$1.15/ 100g,False
pantry,Shreddies,Shreddies Cereal Original Jumbo,ShreddiesShreddies Cereal Original Jumbo1.24 kg,$11.99ea,,$0.97/ 100g,False
pantry,Stock and Barrel,White Sesame Seeds,Stock and BarrelWhite Sesame Seeds250 g,$4.99ea,,$2.00/ 100g,False
pantry,Pickapeppa,Sauce Gingery Mango,PickapeppaSauce Gingery Mango148 ml,$4.99ea,,$3.37/ 100ml,False
pantry,Tamam,Jam Preserve Strawberry    ,TamamJam Preserve Strawberry    370 g,$4.79ea,,$1.29/ 100g,False
pantry,Green Giant,Tender Peas,Green GiantTender Peas398 ml,$1.99ea,,$0.50/ 100ml,False
pantry,Knorr,Selects White Cheddar Broccoli rice,KnorrSelects White Cheddar Broccoli rice167 g,$3.49ea,,$2.09/ 100g,False
pantry,Herdez,Green Salsa     ,HerdezGreen Salsa     453 g,$3.49ea,,$0.77/ 100g,False
pantry,Mutti,Strained Tomatoes,MuttiStrained Tomatoes398 ml,$3.49ea,,$0.88/ 100ml,False
pantry,Knorr, Meatloaf And Mashed Potatoes Classic Gravy Brown Roast Gravy Mix,Knorr Meatloaf And Mashed Potatoes Classic Gravy Brown Roast Gravy Mix30 g,$2.49ea,,$8.30/ 100g,False
pantry,,Sour Gummi Worms,Sour Gummi Worms,$1.39/100 g,,$1.39/ 100g,False
pantry,Red Star,Quick Rise Yeast,Red StarQuick Rise Yeast24 g,$2.69ea,,$11.21/ 100g,False
pantry,Desi,Spice Mix Tandoori Masala,DesiSpice Mix Tandoori Masala710 g,$13.19ea,,$1.86/ 100g,False
pantry,PC Black Label,Cherry Pinot Noir Condiment,PC Black LabelCherry Pinot Noir Condiment185 ml,$4.99ea,,$2.70/ 100ml,False
pantry,Divina Krunch,"Granola, Omega-3 & Nuts","Divina KrunchGranola, Omega-3 & Nuts400 g",$5.99ea,,$1.50/ 100g,False
pantry,Maille,Dijon Originale Mustard,MailleDijon Originale Mustard200 ml,$4.49ea,,$2.25/ 100ml,False
pantry,Lee Kum Kee, Pure Black Sesame Oil,Lee Kum Kee Pure Black Sesame Oil207 ml,$5.99ea,,$2.89/ 100ml,False
pantry,Valentina,X Hot Sauce,ValentinaX Hot Sauce370 ml,$2.99ea,,$0.81/ 100ml,False
pantry,Dr Oetker,Baking Powder,Dr OetkerBaking Powder84 g,$2.79ea,,$3.32/ 100g,False
pantry,No Name,Fava Beans,No NameFava Beans540 ml,$1.49ea,,$0.28/ 100ml,False
pantry,St Hubert,Bar-B-Q Sauce,St HubertBar-B-Q Sauce398 ml,$2.79ea,,$0.70/ 100ml,False
pantry,No Name,Pure 100% Canadian Liquid Honey,No NamePure 100% Canadian Liquid Honey1 kg,$11.99ea,,$1.20/ 100g,False
pantry,No Name,One Minute 100% Whole Grain Oats,No NameOne Minute 100% Whole Grain Oats900 g,$3.99ea,,$0.44/ 100g,False
pantry,No Name,Crushed Pineapple in Pineapple Juice,No NameCrushed Pineapple in Pineapple Juice540 ml,$2.49ea,,$0.46/ 100ml,False
pantry,Suraj,Whole Cloves,SurajWhole Cloves75 g,$2.79ea,,$3.72/ 100g,False
pantry,Royal Nuts,Walnuts,Royal NutsWalnuts240 g,$10.99ea,,$4.58/ 100g,False
pantry,President's Choice,Unsalted Mixed Nuts,President's ChoiceUnsalted Mixed Nuts300 g,$7.99ea,,$2.66/ 100g,False
pantry,Suraj,Cracked Wheat Dalia,SurajCracked Wheat Dalia800 g,$2.99ea,,$0.37/ 100g,False
pantry,Franks,Mild Wings Sauce,FranksMild Wings Sauce354 ml,$4.00ea,$3.29ea,$0.93/ 100ml,True
pantry,QP,Kewpie Mayonnaise,QPKewpie Mayonnaise517 ml,$7.49ea,,$1.45/ 100ml,False
pantry,Minute Rice,Jasmine,Minute RiceJasmine125 g,$3.99ea,,$1.60/ 100g,False
pantry,Kraft,Hazelnut Spread With Cocoa,KraftHazelnut Spread With Cocoa725 g,$7.49ea,,$1.03/ 100g,False
pantry,Stagg,Southwest Style Chicken With Beans,StaggSouthwest Style Chicken With Beans425 g,$4.29ea,,$1.01/ 100g,False
pantry,Kikkoman,Soy Sauce All Purpose Seasoning Less Sodium,KikkomanSoy Sauce All Purpose Seasoning Less Sodium591 ml,$8.99ea,,$1.52/ 100ml,False
pantry,Basse,Bassé Popcorn Mix,BasseBassé Popcorn Mix520 g,$6.99ea,$6.49ea,$1.25/ 100g,True
pantry,Bens,Jasmine 10 Minute Rice,BensJasmine 10 Minute Rice460 g,$5.99ea,,$1.30/ 100g,False
pantry,Crock Pot,Savory Pot Roast,Crock PotSavory Pot Roast42 g,$2.29ea,,$5.45/ 100g,False
pantry,Grace,Mackerel in Tomato Sauce with Hot Chili,GraceMackerel in Tomato Sauce with Hot Chili155 g,$1.29ea,,$0.83/ 100g,False
pantry,Suraj,Garam Masala,SurajGaram Masala400 g,$4.49ea,$3.99ea,$1.00/ 100g,True
pantry,Zinda,Couscous Medium,ZindaCouscous Medium907 g,$3.99ea,,$0.44/ 100g,False
pantry,Aylmer,Tomatoes Diced,AylmerTomatoes Diced796 ml,$2.79ea,,$0.35/ 100ml,False
pantry,Hunt's,"Thick & Rich Pasta Sauce, Mushroom & Basil","Hunt'sThick & Rich Pasta Sauce, Mushroom & Basil680 ml",$2.89ea,,$0.43/ 100ml,False
pantry,Tamam,Liquid Honey,TamamLiquid Honey500 g,$5.99ea,,$1.20/ 100g,False
pantry,President's Choice,Raw Pecan Halves,President's ChoiceRaw Pecan Halves150 g,$6.99ea,,$4.66/ 100g,False
pantry,Stonewall Kitchen,Cinnamon Streusel Coffee Cake Mix,Stonewall KitchenCinnamon Streusel Coffee Cake Mix771.1 g,$15.99ea,,$2.07/ 100g,False
pantry,Wilton,"Diamond Sprinkles Mix, 10 oz.","WiltonDiamond Sprinkles Mix, 10 oz.285 g",$13.49ea,,$4.73/ 100g,False
pantry,Paesana,"Pasta Sauce, Fra Diavolo","PaesanaPasta Sauce, Fra Diavolo750 ml",$8.49ea,,$1.13/ 100ml,False
pantry,Marie Sharp's,Original Hot Habanero Pepper Sauce,Marie Sharp'sOriginal Hot Habanero Pepper Sauce148 ml,$6.99ea,,$4.72/ 100ml,False
pantry,G Hughes Smokehouse,Bbq Sauce Sweet & Spicy,G Hughes SmokehouseBbq Sauce Sweet & Spicy490 ml,$6.99ea,,$1.43/ 100ml,False
pantry,La Dee Da,Gourmet Sauces Sauce Savoury Mushroom Basil,La Dee DaGourmet Sauces Sauce Savoury Mushroom Basil500 ml,$8.49ea,,$1.79/ 100ml,False
pantry,Inca's Gold,Organic Chia Black,Inca's GoldOrganic Chia Black454 g,$12.99ea,,$2.86/ 100g,False
pantry,Crown,Cut Baby Corn    ,CrownCut Baby Corn    410 g,$2.29ea,,$0.56/ 100g,False
pantry,Kitchens of India,Yellow Dal Tadka,Kitchens of IndiaYellow Dal Tadka270 g,$5.29ea,,$1.96/ 100g,False
pantry,Dagim,"Light Tuna, Chunk In Water","DagimLight Tuna, Chunk In Water170 g",$2.49ea,$2.39ea,$1.41/ 100g,True
pantry,Knorr,Gravy Mix For A Traditional Gravy Turkey Classic Roast,KnorrGravy Mix For A Traditional Gravy Turkey Classic Roast30 g,$2.49ea,,$8.30/ 100g,False
pantry,Wilton,"Kelly Green Ready-to-Use Icing Tube, 4.25 oz.","WiltonKelly Green Ready-to-Use Icing Tube, 4.25 oz.120 g",$3.79ea,,$3.16/ 100g,False
pantry,Hunt's,"Italian Tomato Sauce, Onion, Herbs, and Spices","Hunt'sItalian Tomato Sauce, Onion, Herbs, and Spices680 ml",$2.89ea,,$0.43/ 100ml,False
pantry,PC Black Label,Maple Butter Spread,PC Black LabelMaple Butter Spread158 g,$4.99ea,,$3.16/ 100g,False
pantry,St Dalfour,"Deluxe Spread, Red Raspberry","St DalfourDeluxe Spread, Red Raspberry225 ml",$7.99ea,,$3.55/ 100ml,False
pantry,Fish Crisp,"Coating Mix, Roasted Garlic & Butter","Fish CrispCoating Mix, Roasted Garlic & Butter340 g",$5.99ea,,$1.76/ 100g,False
pantry,No Name,100% Pure Corn Oil,No Name100% Pure Corn Oil946 ml,$8.99ea,,$0.95/ 100ml,False
pantry,The Spice Tailor,Classic Butter Chicken Mild,The Spice TailorClassic Butter Chicken Mild285 ml,$6.99ea,,$2.45/ 100ml,False
pantry,President's Choice,Gold and Silver Sprinkles,President's ChoiceGold and Silver Sprinkles120 g,$5.49ea,,$4.58/ 100g,False
pantry,Jack Daniels,Honey BBQ Sauce,Jack DanielsHoney BBQ Sauce473 ml,$7.49ea,,$1.58/ 100ml,False
pantry,President's Choice,Soy Sauce,President's ChoiceSoy Sauce591 ml,$5.49ea,,$0.93/ 100ml,False
pantry,Clic,Red Lentils,ClicRed Lentils907 g,$3.99ea,,$0.44/ 100g,False
pantry,Golden Panda,Jasmine Rice Milagrosa,Golden PandaJasmine Rice Milagrosa8 kg,$22.99ea,,$0.29/ 100g,False
pantry,Herdez,Green Salsa     ,HerdezGreen Salsa     453 g,$3.49ea,,$0.77/ 100g,False
pantry,Bonne Maman,Mango & Peach Spread,Bonne MamanMango & Peach Spread280 ml,$7.49ea,$4.99ea,$1.78/ 100ml,True
pantry,Pam,Cooking Spray,PamCooking Spray110 g,$5.99ea,,$5.45/ 100g,False
pantry,Kuehne,Sundried Tomatoes,KuehneSundried Tomatoes375 ml,$7.99ea,,$2.13/ 100ml,False
pantry,KODIAK CAKES,Chocolate Chip Instant Oatmeal,KODIAK CAKESChocolate Chip Instant Oatmeal313 g,$6.99ea,,$2.23/ 100g,False
pantry,Martelli,Truffle Cream,MartelliTruffle Cream80 ml,$12.99ea,,$16.24/ 100ml,False
pantry,Mutti,Strained Tomatoes,MuttiStrained Tomatoes398 ml,$3.49ea,,$0.88/ 100ml,False
pantry,Jack Daniels,Original BBQ Sauce,Jack DanielsOriginal BBQ Sauce473 ml,$7.49ea,,$1.58/ 100ml,False
pantry,Botan,Rice Calrose 4 kg,BotanRice Calrose 4 kg4 kg,$16.99ea,,$0.42/ 100g,False
pantry,Stock and Barrel,Ground Almonds,Stock and BarrelGround Almonds150 g,$5.99ea,,$3.99/ 100g,False
pantry,McClure's,Spicy Spear Pickles,McClure'sSpicy Spear Pickles750 ml,$6.99ea,,$0.93/ 100ml,False
pantry,President's Choice,Bolognese Pasta Sauce,President's ChoiceBolognese Pasta Sauce425 ml,$4.99ea,,$1.17/ 100ml,False
pantry,Nando's,Hot Sauce,Nando'sHot Sauce450 ml,$6.49ea,,$1.44/ 100ml,False
pantry,Muskoka,Cilantro And Garlic Oil ,MuskokaCilantro And Garlic Oil 250 ml,$8.49ea,,$3.40/ 100ml,False
pantry,PC Black Label,Fig & Merlot Condiment,PC Black LabelFig & Merlot Condiment185 ml,$4.99ea,,$2.70/ 100ml,False
pantry,Wilton,"Green and Blue Ombre Birthday Candles, 24-Count","WiltonGreen and Blue Ombre Birthday Candles, 24-Count24 ea",$1.49ea,,$0.06/ 1ea,False
pantry,Pepper North,Artisan Foods Hot Sauce Solar Flare Medium,Pepper NorthArtisan Foods Hot Sauce Solar Flare Medium148 ml,$8.99ea,,$6.07/ 100ml,False
pantry,Muskoka,Original Garlic Sauce,MuskokaOriginal Garlic Sauce250 ml,$7.49ea,,$3.00/ 100ml,False
pantry,G Hughes Smokehouse,Honey Mustard Flavoured Dipping Sauce,G Hughes SmokehouseHoney Mustard Flavoured Dipping Sauce490 ml,$6.99ea,,$1.43/ 100ml,False
pantry,Rooster,100% Pure Corn Oil,Rooster100% Pure Corn Oil2.84 l,$16.99ea,,$0.60/ 100ml,False
pantry,La Dee Da,Gourmet Sauces Sauce Twelve Veggie Tomato,La Dee DaGourmet Sauces Sauce Twelve Veggie Tomato500 ml,$8.49ea,,$1.79/ 100ml,False
pantry,Pataks,Tikka Masala Cooking Sauce Kit 3 Step,PataksTikka Masala Cooking Sauce Kit 3 Step313 g,$5.69ea,,$1.82/ 100g,False
pantry,Unico,Balsamic Glaze,UnicoBalsamic Glaze400 ml,$8.99ea,,$2.25/ 100ml,False
pantry,,Organic Trail Mix,Organic Trail Mix,$3.49/100 g,,$3.49/ 100g,False
pantry,PC Blue Menu,Small White Beans,PC Blue MenuSmall White Beans900 g,$3.49ea,,$0.39/ 100g,False
pantry,Ocean Spray,Craisins Sweetened Dried Cranberries ,Ocean SprayCraisins Sweetened Dried Cranberries 170 g,$4.79ea,,$2.82/ 100g,False
pantry,Wilton,Disposable Decorating Bag,WiltonDisposable Decorating Bag33 g,$9.49ea,,$28.76/ 100g,False
pantry,Quaker,Brown Sugar Cinnamon Flavour Instant Oatmeal,QuakerBrown Sugar Cinnamon Flavour Instant Oatmeal248 g,$4.79ea,,$1.93/ 100g,False
pantry,President's Choice,Pure Seville Orange Marmalade,President's ChoicePure Seville Orange Marmalade250 ml,$3.69ea,,$1.48/ 100ml,False
pantry,Heartbeat Hot Sauce Co.,Red Habanero,Heartbeat Hot Sauce Co.Red Habanero177 ml,$12.99ea,,$7.34/ 100ml,False
pantry,PC Blue Menu,Butter Chicken Cooking Sauce,PC Blue MenuButter Chicken Cooking Sauce400 ml,$5.99ea,,$1.50/ 100ml,False
pantry,Club House,"Dry Sauce Mix, Chicken Gravy","Club HouseDry Sauce Mix, Chicken Gravy25 g",$2.49ea,,$9.96/ 100g,False
pantry,Club House,"Seasoning Mix, Chili","Club HouseSeasoning Mix, Chili35 g",$2.49ea,,$7.11/ 100g,False
pantry,Grace,Organic Virgin Coconut Oil,GraceOrganic Virgin Coconut Oil1 l,$19.29ea,,$1.93/ 100ml,False
pantry,Grace,Festival Unique Jamaican Dough Mix,GraceFestival Unique Jamaican Dough Mix270 g,$2.19ea,,$0.81/ 100g,False
pantry,G Hughes Smokehouse,"Sugar Free BBQ Sauce, Hickory","G Hughes SmokehouseSugar Free BBQ Sauce, Hickory490 ml",$6.99ea,,$1.43/ 100ml,False
pantry,Dr Oetker,Whip It,Dr OetkerWhip It20 g,$1.29ea,,$6.45/ 100g,False
pantry,Bicks,50% Less Salt Garlic Dill Pickles,Bicks50% Less Salt Garlic Dill Pickles1 l,$6.49ea,,$0.65/ 100ml,False
pantry,Cool Runnings,Caribbean Spice & Roasted Garlic,Cool RunningsCaribbean Spice & Roasted Garlic800 g,$4.29ea,,$0.54/ 100g,False
pantry,Rooster,Mid-Oleic Sunflower Oil,RoosterMid-Oleic Sunflower Oil2.84 l,$17.99ea,,$0.63/ 100ml,False
pantry,St Hubert,Reduced Salt Turkey Gravy Mix,St HubertReduced Salt Turkey Gravy Mix25 g,$2.79ea,,$11.16/ 100g,False
pantry,ED Smith,"Pie Filling, Lemon","ED SmithPie Filling, Lemon540 ml",$7.49ea,,$1.39/ 100ml,False
pantry,No Name,Light Ranch Dressing,No NameLight Ranch Dressing475 ml,$3.49ea,,$0.73/ 100ml,False
pantry,Maille,Dijon Originale Mustard,MailleDijon Originale Mustard500 ml,$6.99ea,,$1.40/ 100ml,False
pantry,Nature Valley,Protein Granola Oats 'N Honey,Nature ValleyProtein Granola Oats 'N Honey310 g,$5.49ea,,$1.77/ 100g,False
pantry,Jell-O,"Gelatin Mix, Lemon Jelly Powder Light, No Sugar Added","Jell-OGelatin Mix, Lemon Jelly Powder Light, No Sugar Added9.1 g",$1.49ea,,$16.37/ 100g,False
pantry,Dainty,Time Wise Brown Parboiled Rice,DaintyTime Wise Brown Parboiled Rice900 g,$5.49ea,,$0.61/ 100g,False
pantry,PC Blue Menu,Blue Menu Alfredo Pasta Sauce,PC Blue MenuBlue Menu Alfredo Pasta Sauce410 ml,$3.99ea,,$0.97/ 100ml,False
pantry,President's Choice,Honey Mustard,President's ChoiceHoney Mustard325 ml,$3.29ea,,$1.01/ 100ml,False
pantry,Heinz,Tomato Ketchup No Sugar Added,HeinzTomato Ketchup No Sugar Added750 ml,$5.99ea,,$0.80/ 100ml,False
pantry,No Name,Sweetened Apple Sauce,No NameSweetened Apple Sauce620 ml,$2.59ea,,$0.42/ 100ml,False
pantry,President's Choice,Red Wine Vinegar,President's ChoiceRed Wine Vinegar500 ml,$4.99ea,,$1.00/ 100ml,False
pantry,Heinz,Condiment Pack,HeinzCondiment Pack375 ml,$8.49ea,,$0.75/ 100ml,False
pantry,No Name,Smooth Peanut Butter,No NameSmooth Peanut Butter500 g,$3.49ea,,$0.70/ 100g,False
pantry,No Name,Long Grain Brown Rice,No NameLong Grain Brown Rice2 kg,$5.49ea,,$0.27/ 100g,False
pantry,No Name,Pure 100% Canadian Liquid Honey,No NamePure 100% Canadian Liquid Honey500 g,$7.99ea,$6.99ea,$1.40/ 100g,True
pantry,Club House,"Dry Sauce Mix, Homestyle Gravy","Club HouseDry Sauce Mix, Homestyle Gravy38 g",$2.49ea,,$6.55/ 100g,False
pantry,Rooster,Thai Sweet Rice,RoosterThai Sweet Rice2 kg,$6.29ea,,$0.31/ 100g,False
pantry,Bicks,Tangy No Garlic Baby Dill Pickles,BicksTangy No Garlic Baby Dill Pickles1 l,$6.49ea,,$0.65/ 100ml,False
pantry,Club House,"Dry Sauce Mix, Yorkshire Pudding","Club HouseDry Sauce Mix, Yorkshire Pudding45 g",$2.49ea,,$5.53/ 100g,False
pantry,President's Choice,Pure Sesame Oil,President's ChoicePure Sesame Oil185 ml,$5.49ea,,$2.97/ 100ml,False
pantry,No Name,Reduced Fat Condensed Cream Of Mushroom Soup,No NameReduced Fat Condensed Cream Of Mushroom Soup284 ml,$1.39ea,,$0.49/ 100ml,False
pantry,Franks,"Hot Sauce, Original Cayenne Pepper","FranksHot Sauce, Original Cayenne Pepper354 ml",$4.00ea,$3.29ea,$0.93/ 100ml,True
pantry,Club House,"Seasoning Mix, Spaghetti","Club HouseSeasoning Mix, Spaghetti43 g",$2.49ea,,$5.79/ 100g,False
pantry,Suraj,Ground Coriander ,SurajGround Coriander 100 g,$1.29ea,,$1.29/ 100g,False
pantry,Franks,"Hot Sauce, Sweet Chili","FranksHot Sauce, Sweet Chili354 ml",$4.00ea,$3.29ea,$0.93/ 100ml,True
pantry,Del Monte,Fruit Salad in Juice    ,Del MonteFruit Salad in Juice    796 ml,$4.99ea,,$0.63/ 100ml,False
pantry,PC Blue Menu,Red Split Lentils ,PC Blue MenuRed Split Lentils 900 g,$3.49ea,,$0.39/ 100g,False
pantry,Shan,Arabic Seasoning Mix Kabsa Rice,ShanArabic Seasoning Mix Kabsa Rice60 g,$2.29ea,,$3.82/ 100g,False
pantry,Unico,"Kalamata Olives, Sliced","UnicoKalamata Olives, Sliced375 ml",$4.49ea,,$1.20/ 100ml,False
pantry,PC Blue Menu,Twice The Fruit Strawberry Spread,PC Blue MenuTwice The Fruit Strawberry Spread500 ml,$5.49ea,,$1.10/ 100ml,False
pantry,Organico Bello,Tomato Basil Sauce,Organico BelloTomato Basil Sauce685 ml,$10.99ea,,$1.60/ 100ml,False
pantry,Five Roses,White All Purpose Flour,Five RosesWhite All Purpose Flour5 kg,$13.99ea,,$0.28/ 100g,False
pantry,Wilton,Red Sparkle Gel,WiltonRed Sparkle Gel99 g,$3.49ea,,$3.53/ 100g,False
pantry,Kraft,Coleslaw Dressing,KraftColeslaw Dressing475 ml,$4.49ea,,$0.95/ 100ml,False
pantry,President's Choice,"Mixed Nuts 50% Cashews, Sea Salt","President's ChoiceMixed Nuts 50% Cashews, Sea Salt300 g",$7.99ea,,$2.66/ 100g,False
pantry,Club House,"La Grille, Smouldering Smoked Applewood Seasoning","Club HouseLa Grille, Smouldering Smoked Applewood Seasoning168 g",$7.49ea,,$4.46/ 100g,False
pantry,Heinz,Mayoracha Sauce,HeinzMayoracha Sauce490 ml,$5.99ea,,$1.22/ 100ml,False
pantry,No Name,"Sweetened Shredded Coconut, Club Size","No NameSweetened Shredded Coconut, Club Size1 kg",$8.49ea,,$0.85/ 100g,False
pantry,Heinz,Mayochup Sauce,HeinzMayochup Sauce560 ml,$5.99ea,,$1.07/ 100ml,False
pantry,The Extreme Bean,Garlic Dills,The Extreme BeanGarlic Dills500 ml,$5.99ea,,$1.20/ 100ml,False
pantry,Classico,Mushroom Alfredo Spaghetti Pasta Sauce,ClassicoMushroom Alfredo Spaghetti Pasta Sauce410 ml,$4.99ea,,$1.22/ 100ml,False
pantry,PC Splendido,Sliced Sun-Dried Tomatoes In Seasoned Oil,PC SplendidoSliced Sun-Dried Tomatoes In Seasoned Oil270 ml,$5.49ea,,$2.03/ 100ml,False
pantry,India's Own,Brown Basmati Rice,India's OwnBrown Basmati Rice4.54 kg,$13.99ea,,$0.31/ 100g,False
pantry,Primo,"Pasta Sauce, Thick & Zesty Garlic & Herb","PrimoPasta Sauce, Thick & Zesty Garlic & Herb680 ml",$4.49ea,,$0.66/ 100ml,False
pantry,Lee Kum Kee,Soy Sauce,Lee Kum KeeSoy Sauce500 ml,$2.99ea,,$0.60/ 100ml,False
pantry,PC Blue Menu,Chickpeas,PC Blue MenuChickpeas900 g,$3.49ea,,$0.39/ 100g,False
pantry,The Keg,Chicken & Ribs Seasoning,The KegChicken & Ribs Seasoning750 g,$9.99ea,,$1.33/ 100g,False
pantry,Africa Finest,Plantain Flour,Africa FinestPlantain Flour910 g,$9.29ea,,$1.02/ 100g,False
pantry,VH,Simmering Sauce - Mango Curry,VHSimmering Sauce - Mango Curry341 ml,$4.99ea,,$1.46/ 100ml,False
pantry,Suraj,Black-Eyed Beans,SurajBlack-Eyed Beans1.8 kg,$5.99ea,,$0.33/ 100g,False
pantry,VH,Marinade -  Pineapple Sauce,VHMarinade -  Pineapple Sauce341 ml,$4.99ea,,$1.46/ 100ml,False
pantry,Suraj,Chickpeas,SurajChickpeas1.8 kg,$7.89ea,,$0.44/ 100g,False
pantry,McCormicks,"Dry Sauce Mix, Hollandaise","McCormicksDry Sauce Mix, Hollandaise56 g",$2.49ea,,$4.45/ 100g,False
pantry,Bertolli,Balsamic Vinegar of Modena,BertolliBalsamic Vinegar of Modena500 ml,$5.99ea,$5.49ea,$1.10/ 100ml,True
pantry,La Bomba Italiana,Bomba Italiana,La Bomba ItalianaBomba Italiana314 ml,$6.99ea,,$2.23/ 100ml,False
pantry,Rooster,Liquid Honey     ,RoosterLiquid Honey     1 kg,$11.99ea,,$1.20/ 100g,False
pantry,Cool Runnings,"Garlic, Pepper & Herbs","Cool RunningsGarlic, Pepper & Herbs250 g",$4.99ea,,$2.00/ 100g,False
pantry,President's Choice,Gourmet Barbecue Sauce,President's ChoiceGourmet Barbecue Sauce1 l,$4.99ea,,$0.50/ 100ml,False
pantry,Maggi,Masala Chilli Sauce,MaggiMasala Chilli Sauce340 ml,$4.49ea,,$1.32/ 100ml,False
pantry,Franks,"Hot Sauce, Hot Buffalo Wings Sauce","FranksHot Sauce, Hot Buffalo Wings Sauce354 ml",$4.00ea,$3.29ea,$0.93/ 100ml,True
pantry,Betty Crocker,Whipped Vanilla Frosting,Betty CrockerWhipped Vanilla Frosting340 g,$3.29ea,,$0.97/ 100g,False
pantry,President's Choice,Pure Fancy Molasses,President's ChoicePure Fancy Molasses675 g,$4.29ea,,$0.64/ 100g,False
pantry,Rooster,Medium Grain Calrose Rice,RoosterMedium Grain Calrose Rice8 kg,$23.99ea,,$0.30/ 100g,False
pantry,Knorr,"Bouillon Cubes, Beef","KnorrBouillon Cubes, Beef63 g",$2.79ea,$2.49ea,$3.95/ 100g,True
pantry,General Mills,"Oatmeal Crisp Almond Cereal, Family Size","General MillsOatmeal Crisp Almond Cereal, Family Size628 g",$7.99ea,,$1.27/ 100g,False
pantry,Kosa,Quail Eggs In Water,KosaQuail Eggs In Water425 g,$4.99ea,,$1.17/ 100g,False
pantry,President's Choice,Plant Based Mayo-Style Spread,President's ChoicePlant Based Mayo-Style Spread710 ml,$6.99ea,,$0.98/ 100ml,False
pantry,Bicks,50% Less Salt Garlic Baby Dill Pickles,Bicks50% Less Salt Garlic Baby Dill Pickles1 l,$6.49ea,,$0.65/ 100ml,False
pantry,Suraj,"Carom Seeds, Ajwain","SurajCarom Seeds, Ajwain100 g",$1.69ea,,$1.69/ 100g,False
pantry,Adams,100% Natural Creamy Peanut Butter,Adams100% Natural Creamy Peanut Butter1 kg,$9.49ea,,$0.95/ 100g,False
pantry,Tamam,Zaatar Aleppo Blend    ,TamamZaatar Aleppo Blend    454 g,$7.99ea,,$1.76/ 100g,False
pantry,Jif,Dark Roast Creamy Peanut Butter Spread ,JifDark Roast Creamy Peanut Butter Spread 1 kg,$7.49ea,$5.99ea,$0.60/ 100g,True
pantry,Classico,Fire Roasted Tomato & Garlic Spaghetti Pasta Sauce,ClassicoFire Roasted Tomato & Garlic Spaghetti Pasta Sauce650 ml,$4.99ea,,$0.77/ 100ml,False
pantry,Suraj,Fennel Seed ,SurajFennel Seed 250 g,$2.99ea,,$1.20/ 100g,False
pantry,Grace,Butter Beans,GraceButter Beans540 ml,$1.99ea,,$0.37/ 100ml,False
pantry,President's Choice,Ranch Flavour Sourdough Style Croutons,President's ChoiceRanch Flavour Sourdough Style Croutons140 g,$3.99ea,,$2.85/ 100g,False
pantry,Wilton,Sparkle Gel 3.5oz White,WiltonSparkle Gel 3.5oz White99 g,$4.79ea,,$4.84/ 100g,False
pantry,Tonnino,Tuna Fillets In Spring Water  ,TonninoTuna Fillets In Spring Water  190 g,$8.99ea,$8.29ea,$4.36/ 100g,True
pantry,Arva Flour Mill,Daisy Flour 100% Whole Wheat Hard,Arva Flour MillDaisy Flour 100% Whole Wheat Hard2.5 kg,$8.99ea,,$0.36/ 100g,False
pantry,Be Sweet,Honey Spread,Be SweetHoney Spread1 kg,$6.99ea,,$0.70/ 100g,False
pantry,Truvia,Calorie-Free Sweetener from the Stevia Leaf Sachets/Packets,TruviaCalorie-Free Sweetener from the Stevia Leaf Sachets/Packets280 g,$13.99ea,,$5.00/ 100g,False
pantry,Bioitalia,Organic Cannellini Beans,BioitaliaOrganic Cannellini Beans398 ml,$2.99ea,,$0.75/ 100ml,False
pantry,La Tourangelle,Grapeseed Oil,La TourangelleGrapeseed Oil750 ml,$14.99ea,,$2.00/ 100ml,False
pantry,Primal Kitchen,Tomato Basil Marinara,Primal KitchenTomato Basil Marinara685 ml,$11.99ea,,$1.75/ 100ml,False
pantry,No Name,Pure White Vinegar,No NamePure White Vinegar2.5 l,$3.49ea,,$0.14/ 100ml,False
pantry,Knorr,Concentrated Bouillon Vegetable Stock For Rich & Flavourful Dishes,KnorrConcentrated Bouillon Vegetable Stock For Rich & Flavourful Dishes250 ml,$7.29ea,,$2.92/ 100ml,False
pantry,Legal Sea Foods,Lemon Dill Aioli,Legal Sea FoodsLemon Dill Aioli283 g,$8.49ea,,$3.00/ 100g,False
pantry,Mutti,Strained Tomatoes with Basil,MuttiStrained Tomatoes with Basil398 ml,$3.49ea,,$0.88/ 100ml,False
pantry,President's Choice,Dry Roasted Cashews with Sea Salt,President's ChoiceDry Roasted Cashews with Sea Salt350 g,$7.99ea,,$2.28/ 100g,False
pantry,Rogers,"Porridge Oats, Ancient Grain Blend","RogersPorridge Oats, Ancient Grain Blend750 g",$4.29ea,,$0.57/ 100g,False
pantry,Thai Kitchen,"Dipping & All-Purpose Sauce, Pineapple & Chili","Thai KitchenDipping & All-Purpose Sauce, Pineapple & Chili200 ml",$4.69ea,,$2.35/ 100ml,False
pantry,Suraj,Moong Dal Washed,SurajMoong Dal Washed907 g,$3.49ea,,$0.38/ 100g,False
pantry,Stefano Faita,Arrabbiata Spicy Tomato Sauce,Stefano FaitaArrabbiata Spicy Tomato Sauce648 ml,$7.99ea,,$1.23/ 100ml,False
pantry,Kivotos,Honey from Flowers and Conifer Trees Gold Liquid,KivotosHoney from Flowers and Conifer Trees Gold Liquid500 g,$9.99ea,,$2.00/ 100g,False
pantry,Thompson,White Pea Beans    ,ThompsonWhite Pea Beans    1.81 kg,$5.49ea,,$0.30/ 100g,False
pantry,Aylmer,"Tomatoes, Crushed","AylmerTomatoes, Crushed796 ml",$2.79ea,,$0.35/ 100ml,False
pantry,Green Giant,Cut Wax Beans,Green GiantCut Wax Beans398 ml,$1.99ea,,$0.50/ 100ml,False
pantry,Kelloggs,Cereal Apple Cinnamon Crunch,KelloggsCereal Apple Cinnamon Crunch306 g,$6.49ea,,$2.12/ 100g,False
pantry,Wilton,"Fondant, White Vanilla","WiltonFondant, White Vanilla1 ea",$12.49ea,,"$1,249.00/ 100ea",False
pantry,Saha,Middle Eastern Style Chicken Marinade Shish Taouk,SahaMiddle Eastern Style Chicken Marinade Shish Taouk250 ml,$8.49ea,,$3.40/ 100ml,False
pantry,Bioitalia,Organic Lentils,BioitaliaOrganic Lentils398 ml,$2.99ea,,$0.75/ 100ml,False
pantry,Golden Dragon,"Teriyaki Sauce, Thick","Golden DragonTeriyaki Sauce, Thick455 ml",$4.39ea,,$0.96/ 100ml,False
pantry,Adams,100% Natural Dark Roast Creamy Peanut Butter,Adams100% Natural Dark Roast Creamy Peanut Butter500 g,$5.49ea,,$1.10/ 100g,False
pantry,Lee Kum Kee,Teriyaki Sauce,Lee Kum KeeTeriyaki Sauce207 ml,$3.79ea,,$1.83/ 100ml,False
pantry,Cock,Sliced Bamboo Shoots,CockSliced Bamboo Shoots540 ml,$2.49ea,,$0.46/ 100ml,False
pantry,Nakano,"Rice Vinegar, Natural","NakanoRice Vinegar, Natural355 ml",$4.49ea,,$1.26/ 100ml,False
pantry,President's Choice,Pitted Dried Prunes ,President's ChoicePitted Dried Prunes 1.36 kg,$18.99ea,,$1.40/ 100g,False
pantry,Stock and Barrel,Sesame Sticks,Stock and BarrelSesame Sticks250 g,$6.99ea,,$2.80/ 100g,False
pantry,President's Choice, Seedless Raspberry Jam,President's Choice Seedless Raspberry Jam250 ml,$3.99ea,,$1.60/ 100ml,False
pantry,Wilton,"Pink, Yellow and White 6-Cell Sprinkle Mix, 7.30 oz.","WiltonPink, Yellow and White 6-Cell Sprinkle Mix, 7.30 oz.207 g",$7.89ea,,$3.81/ 100g,False
pantry,T&T,T/u0026T GOJI BERRIES DRIED NINGXIA,T&TT/u0026T GOJI BERRIES DRIED NINGXIA227 g,$8.99ea,,$3.96/ 100g,False
pantry,Green Giant,"Corn Niblets, Less Salt","Green GiantCorn Niblets, Less Salt341 ml",$1.99ea,,$0.58/ 100ml,False
pantry,Nature's Mix,Maple Walnut Granola,Nature's MixMaple Walnut Granola312 g,$7.99ea,,$2.56/ 100g,False
pantry,Stock and Barrel,Slivered Almonds,Stock and BarrelSlivered Almonds150 g,$6.99ea,,$4.66/ 100g,False
pantry,PC Black Label,Cashew & Almond Muesli,PC Black LabelCashew & Almond Muesli540 g,$5.99ea,,$1.11/ 100g,False
pantry,Jaga Foods,Coconut Cooking Oil,Jaga FoodsCoconut Cooking Oil500 ml,$10.99ea,,$2.20/ 100ml,False
pantry,The Spice Tailor,Tikka Masala Original Mild,The Spice TailorTikka Masala Original Mild285 ml,$6.99ea,,$2.45/ 100ml,False
pantry,M&M's,Milk Chocolate Candies Baking Bits,M&M'sMilk Chocolate Candies Baking Bits275 g,$5.99ea,,$2.18/ 100g,False
pantry,Cache Cuisine,Pro-Licious Protein Pancake & Waffle Mix,Cache CuisinePro-Licious Protein Pancake & Waffle Mix340 g,$10.99ea,,$3.23/ 100g,False
pantry,G Hughes Smokehouse,Sugar Free Orange Ginger Marinade,G Hughes SmokehouseSugar Free Orange Ginger Marinade367 g,$6.99ea,,$1.90/ 100g,False
pantry,President's Choice,Sticky Brown Rice,President's ChoiceSticky Brown Rice750 g,$4.79ea,$2.99ea,$0.40/ 100g,True
pantry,Kozlik's,"Canadian Mustard, Dijon by Anton  ","Kozlik'sCanadian Mustard, Dijon by Anton  250 ml",$6.49ea,,$2.60/ 100ml,False
pantry,,Pasta Sauce Mushroom,Pasta Sauce Mushroom660 ml,$11.99ea,,$1.82/ 100ml,False
pantry,Sempio, Natural Sea Salts,Sempio Natural Sea Salts500 g,$2.49ea,,$0.50/ 100g,False
pantry,Acid League,Mango Jalapeno Vinegar,Acid LeagueMango Jalapeno Vinegar375 ml,$10.99ea,,$2.93/ 100ml,False
pantry,Mastro,Extra Virgin Olive Oil,MastroExtra Virgin Olive Oil3 l,$39.99ea,,$1.33/ 100ml,False
pantry,Kelloggs,Cereal Blueberry Flavour Special Edition ,KelloggsCereal Blueberry Flavour Special Edition 439 g,$6.49ea,,$1.48/ 100g,False
pantry,Ocean's Halo,World Cuisine Siciliana Sauce,Ocean's HaloWorld Cuisine Siciliana Sauce530 ml,$4.49ea,,$0.85/ 100ml,False
pantry,Teriyaki Experience,Teriyaki Sauce,Teriyaki ExperienceTeriyaki Sauce350 ml,$4.99ea,,$1.43/ 100ml,False
pantry,Tonnino,Tuna Ventresca in Olive Oil,TonninoTuna Ventresca in Olive Oil190 g,$9.99ea,$9.19ea,$4.84/ 100g,True
pantry,Cache Cuisine,Chocoluscious Triple Chocolate Brownie Mix Value Pack,Cache CuisineChocoluscious Triple Chocolate Brownie Mix Value Pack908 g,$8.49ea,,$0.94/ 100g,False
pantry,Sunsweet,Pitted Prunes,SunsweetPitted Prunes375 g,$6.99ea,,$1.86/ 100g,False
pantry,KFI,Cooking Sauce Vindaloo,KFICooking Sauce Vindaloo395 ml,$5.79ea,,$1.47/ 100ml,False
pantry,President's Choice,General Tao Stir-Fry Sauce,President's ChoiceGeneral Tao Stir-Fry Sauce350 ml,$3.79ea,,$1.08/ 100ml,False
pantry,Aurora,Roasted Peppers,AuroraRoasted Peppers340 g,$2.99ea,,$0.88/ 100g,False
pantry,Map O Spread, Sugar Spread,Map O Spread Sugar Spread400 g,$2.99ea,,$0.75/ 100g,False
pantry,Pataks,Pappadums Black Pepper,PataksPappadums Black Pepper100 g,$3.99ea,,$3.99/ 100g,False
pantry,PC Blue Menu,5-Grain Blend,PC Blue Menu5-Grain Blend225 g,$3.29ea,,$1.46/ 100g,False
pantry,Mezzetta,Garlic Stuffed Olives,MezzettaGarlic Stuffed Olives398 ml,$9.99ea,,$2.51/ 100ml,False
pantry,M'Lord,Sliced Bamboo Shoots,M'LordSliced Bamboo Shoots199 ml,$2.29ea,,$1.15/ 100ml,False
pantry,Rawcology,Organic Raw Crunch Granola Blueberry With Acai,RawcologyOrganic Raw Crunch Granola Blueberry With Acai200 g,$10.99ea,,$5.50/ 100g,False
pantry,Dainty,"Fried Rice, Beef","DaintyFried Rice, Beef350 g",$3.79ea,,$1.08/ 100g,False
pantry,Clic,Brown Chick Peas,ClicBrown Chick Peas540 ml,$1.99ea,,$0.37/ 100ml,False
pantry,Ti Kay La,Sauce Spicy Roasted Mango & Tamarind,Ti Kay LaSauce Spicy Roasted Mango & Tamarind350 ml,$13.99ea,,$4.00/ 100ml,False
pantry,Al Fez,Shish Taouk Marinade ,Al FezShish Taouk Marinade 157 ml,$4.69ea,,$2.99/ 100ml,False
pantry,Stefano Faita,Faita Tomato Sauce Primavera,Stefano FaitaFaita Tomato Sauce Primavera648 ml,$7.29ea,,$1.13/ 100ml,False
pantry,Natursource,BBQ Hickory Almonds,NatursourceBBQ Hickory Almonds500 g,$16.99ea,,$3.40/ 100g,False
pantry,D Arbo,Sour Cherry Spread,D ArboSour Cherry Spread350 ml,$5.49ea,,$1.57/ 100ml,False
pantry,Rao's,Sauce Vodka     ,Rao'sSauce Vodka     680 ml,$12.49ea,,$1.89/ 100ml,False
pantry,Stock and Barrel,"Banana Chips, Sweetened","Stock and BarrelBanana Chips, Sweetened220 g",$4.99ea,,$2.27/ 100g,False
pantry,PC Black Label,"Fruit Spread, British Columbia Raspberry","PC Black LabelFruit Spread, British Columbia Raspberry370 ml",$6.99ea,,$1.89/ 100ml,False
pantry,Goccia,10-Year Balsamic,Goccia10-Year Balsamic100 ml,$23.99ea,,$23.99/ 100ml,False
pantry,Wilton,"Gold Stars Sprinkles Pouch, 30 g","WiltonGold Stars Sprinkles Pouch, 30 g32 g",$1.59ea,,$4.97/ 100g,False
pantry,Mutti,Diced Tomatoes,MuttiDiced Tomatoes398 ml,$3.29ea,$3.19ea,$0.80/ 100ml,True
pantry,No Name,Walnut Halves Club Size,No NameWalnut Halves Club Size1 kg,$20.99ea,,$2.10/ 100g,False
pantry,Suraj,Amchoor Powder Mango Powder ,SurajAmchoor Powder Mango Powder 100 g,$1.49ea,,$1.49/ 100g,False
pantry,President's Choice,New World Evoo Extra Virgin Olive Oil,President's ChoiceNew World Evoo Extra Virgin Olive Oil1 l,$14.99ea,,$1.50/ 100ml,False
pantry,Nature's Mix,Honey Almond Granola,Nature's MixHoney Almond Granola312 g,$7.99ea,,$2.56/ 100g,False
pantry,,Organic Goji Trail Mix,Organic Goji Trail Mix,$3.49/100 g,,$3.49/ 100g,False
pantry,Phlippen,Phlippen Sweet Heat,PhlippenPhlippen Sweet Heat375 ml,$9.99ea,,$2.66/ 100ml,False
pantry,President's Choice,12 Vegetable Antipasto,President's Choice12 Vegetable Antipasto400 ml,$6.99ea,,$1.75/ 100ml,False
pantry,Voisin's,Maple Syrup,Voisin'sMaple Syrup500 ml,$10.49ea,,$2.10/ 100ml,False
pantry,Blue Dragon,Thai Red Curry Cooking Sauce Kit 3 Step,Blue DragonThai Red Curry Cooking Sauce Kit 3 Step253 g,$5.00ea,$4.49ea,$1.77/ 100g,True
pantry,Catherine's,Jalapeño Jelly Sweet And Mild,Catherine'sJalapeño Jelly Sweet And Mild250 ml,$7.49ea,,$3.00/ 100ml,False
pantry,Mezzetta,Sauce Marinara,MezzettaSauce Marinara709 ml,$8.99ea,,$1.27/ 100ml,False
pantry,Thai Kitchen,Red Curry Paste,Thai KitchenRed Curry Paste112 g,$5.99ea,,$5.35/ 100g,False
pantry,President's Choice,Quinoa,President's ChoiceQuinoa800 g,$7.99ea,,$1.00/ 100g,False
pantry,Pastene,"Bread Crumbs, Flavoured","PasteneBread Crumbs, Flavoured425 g",$4.49ea,,$1.06/ 100g,False
pantry,Stonewall Kitchen,Lemon Pound Cake Mix,Stonewall KitchenLemon Pound Cake Mix539 g,$18.49ea,,$3.43/ 100g,False
pantry,Wilton,Assorted Candy Eyeballs,WiltonAssorted Candy Eyeballs78 g,$6.99ea,,$8.96/ 100g,False
pantry,No Name,Medium Grain Calrose Rice,No NameMedium Grain Calrose Rice900 g,$5.39ea,,$0.60/ 100g,False
pantry,Stock and Barrel,Scotch Mints,Stock and BarrelScotch Mints550 g,$5.99ea,,$1.09/ 100g,False
pantry,Catelli,"Smart, Rotini Pasta","CatelliSmart, Rotini Pasta375 g",$3.29ea,,$0.88/ 100g,False
pantry,Renees,Asian Sesame Vinaigrette Salad Dressing,ReneesAsian Sesame Vinaigrette Salad Dressing350 ml,$6.49ea,,$1.85/ 100ml,False
pantry,No Name,Extra Crispy Coating Mix ,No NameExtra Crispy Coating Mix 152 g,$2.49ea,,$1.64/ 100g,False
pantry,President's Choice,Sriracha Seasoning,President's ChoiceSriracha Seasoning68 g,$6.49ea,,$9.54/ 100g,False
pantry,Club House,"La Grille, Brazillian Style BBQ Seasoning","Club HouseLa Grille, Brazillian Style BBQ Seasoning120 g",$7.49ea,,$6.24/ 100g,False
pantry,Bechtle,Traditional German Egg Pasta Soup Noodles,BechtleTraditional German Egg Pasta Soup Noodles500 g,$4.29ea,,$0.86/ 100g,False
pantry,President's Choice,Garlic Powder,President's ChoiceGarlic Powder67 g,$6.49ea,,$9.69/ 100g,False
pantry,Frenchs,100% Canadian Tomato Ketchup,Frenchs100% Canadian Tomato Ketchup750 ml,$3.99ea,,$0.53/ 100ml,False
pantry,,Marinated Ribs Dry Rub,Marinated Ribs Dry Rub180 g,$7.49ea,,$4.16/ 100g,False
pantry,No Name,Maple-Style Beans ,No NameMaple-Style Beans 398 ml,$1.69ea,,$0.42/ 100ml,False
pantry,Clover Leaf,Clam Juice,Clover LeafClam Juice236 ml,$3.69ea,,$1.56/ 100ml,False
pantry,Wafu,Mayonaizu Sesame Japanese Mayonnaise,WafuMayonaizu Sesame Japanese Mayonnaise250 ml,$5.99ea,,$2.40/ 100ml,False
pantry,Kelloggs,Froot Loops,KelloggsFroot Loops480 g,$5.99ea,,$1.25/ 100g,False
pantry,Chef Boyardee,Lasagna,Chef BoyardeeLasagna425 g,$2.49ea,,$0.59/ 100g,False
pantry,PC Blue Menu,Roasted Garlic Seasoning,PC Blue MenuRoasted Garlic Seasoning110 g,$6.49ea,,$5.90/ 100g,False
pantry,Club House,La Grille All Purpose Seasoning Garlic & Crushed Herbs With Sea Salt & Pepper,Club HouseLa Grille All Purpose Seasoning Garlic & Crushed Herbs With Sea Salt & Pepper155 g,$7.49ea,,$4.83/ 100g,False
pantry,Belfish,Light Meat Solid Tuna,BelfishLight Meat Solid Tuna198 g,$2.39ea,,$1.21/ 100g,False
pantry,Nestle,Nesquik Cereal,NestleNesquik Cereal340 g,$5.49ea,,$1.61/ 100g,False
pantry,Bar Harbor,Clam Chowder,Bar HarborClam Chowder398 ml,$6.49ea,,$1.63/ 100ml,False
pantry,Suraj,Green Cardamom Seed ,SurajGreen Cardamom Seed 50 g,$3.49ea,,$6.98/ 100g,False
pantry,Dececco,Fettuccine Nest,DececcoFettuccine Nest500 g,$6.99ea,,$1.40/ 100g,False
pantry,Catelli,"Spinach & Roasted Garlic, Fettuccine Pasta ","CatelliSpinach & Roasted Garlic, Fettuccine Pasta 375 g",$3.29ea,,$0.88/ 100g,False
pantry,Knorr,Sidekicks Three Cheese Pasta Side Dish,KnorrSidekicks Three Cheese Pasta Side Dish133 g,$2.79ea,,$2.10/ 100g,False
pantry,President's Choice,Ground Thyme,President's ChoiceGround Thyme38 g,$6.49ea,,$17.08/ 100g,False
pantry,Smuckers,Pure Cherry Jam,SmuckersPure Cherry Jam250 ml,$4.49ea,,$1.80/ 100ml,False
pantry,Quaker,Harvest Crunch Light & Crisp Honey & Nut Flavour Granola Cereal,QuakerHarvest Crunch Light & Crisp Honey & Nut Flavour Granola Cereal400 g,$6.99ea,,$1.75/ 100g,False
pantry,,Sultana Raisins,Sultana Raisins,$1.09/100 g,,$1.09/ 100g,False
pantry,No Name,Soup Mix Chicken Noodle,No NameSoup Mix Chicken Noodle2x83.0 g,$1.59ea,,$0.96/ 100g,False
pantry,Old El Paso,"Smart Fiesta Dinner Kit, Soft Taco","Old El PasoSmart Fiesta Dinner Kit, Soft Taco354 g",$4.99ea,,$1.41/ 100g,False
pantry,Tostitos,Salsa - Mango 416ml,TostitosSalsa - Mango 416ml416 g,$5.79ea,,$1.39/ 100g,False
pantry,Pam,Grilling Cooking Spray,PamGrilling Cooking Spray141 g,$6.49ea,,$4.60/ 100g,False
pantry,Bens,Smokey Flavour Red Beans & Rice,BensSmokey Flavour Red Beans & Rice240 g,$3.99ea,,$1.66/ 100g,False
pantry,General Mills,Oatmeal Crisp Almond Cereal,General MillsOatmeal Crisp Almond Cereal437 g,$5.49ea,,$1.26/ 100g,False
pantry,General Mills,"Cheerios Cereal, Multi-Grain","General MillsCheerios Cereal, Multi-Grain342 g",$5.49ea,,$1.61/ 100g,False
pantry,Frontera,Fajita Skillet Sauce    ,FronteraFajita Skillet Sauce    226 g,$4.89ea,,$2.16/ 100g,False
pantry,Little Italy In The Bronx,Arrabiata Pasta Sauce,Little Italy In The BronxArrabiata Pasta Sauce650 ml,$10.49ea,,$1.61/ 100ml,False
pantry,Twinkle Baker Decor,Triplet Sprinkler,Twinkle Baker DecorTriplet Sprinkler195 g,$6.49ea,,$3.51/ 100g,False
pantry,Five Roses,White All Purpose Flour,Five RosesWhite All Purpose Flour1 kg,$4.99ea,,$0.50/ 100g,False
pantry,Wilton,Gold Edible Glitter Spray Food Colour Mixture,WiltonGold Edible Glitter Spray Food Colour Mixture10 g,$8.49ea,,$84.90/ 100g,False
pantry,Saha,Shawarma Marinade,SahaShawarma Marinade250 ml,$8.49ea,,$3.40/ 100ml,False
pantry,Wildly Delicious,"Sauce BBQ, Maple Bourbon","Wildly DeliciousSauce BBQ, Maple Bourbon350 ml",$6.99ea,,$2.00/ 100ml,False
pantry,Litehouse,Dressing & Dip Avocado Ranch Family Size ,LitehouseDressing & Dip Avocado Ranch Family Size 591 ml,$6.99ea,,$1.18/ 100g,False
pantry,Coconut Tree,Preserved Leeks,Coconut TreePreserved Leeks454 g,$5.49ea,,$1.21/ 100g,False
pantry,Pepper North,Blueberry Plague Hot Sauce,Pepper NorthBlueberry Plague Hot Sauce148 ml,$8.99ea,,$6.07/ 100ml,False
pantry,Frenchs,Seasoning Mix Beef Stew,FrenchsSeasoning Mix Beef Stew53 g,$1.99ea,,$3.75/ 100g,False
pantry,Six Fortune,"Straw Mushrooms, Whole","Six FortuneStraw Mushrooms, Whole398 ml",$2.59ea,,$0.65/ 100ml,False
pantry,Tamam, Stuffed Vine Leaves,Tamam Stuffed Vine Leaves400 g,$3.49ea,,$0.87/ 100g,False
pantry,PC Black Label,Onion Maple Condiment,PC Black LabelOnion Maple Condiment185 ml,$4.99ea,,$2.70/ 100ml,False
pantry,S&F,Cod Liver,S&FCod Liver120 g,$3.99ea,,$3.33/ 100g,False
pantry,Tutto Bene,Pesto Fusilli Cup,Tutto BenePesto Fusilli Cup70 g,$2.29ea,,$3.27/ 100g,False
pantry,T&T,Chicken Broth,T&TChicken Broth398 ml,$1.29ea,,$0.32/ 100ml,False
pantry,Dawson's,Shawarma Sauce,Dawson'sShawarma Sauce155 ml,$9.99ea,,$6.45/ 100ml,False
pantry,Mezzetta,Italian Castelvetrano Whole Green Olives,MezzettaItalian Castelvetrano Whole Green Olives283 g,$9.99ea,,$3.53/ 100g,False
pantry,No Name,Jumbo Marshmallows,No NameJumbo Marshmallows400 g,$3.49ea,,$0.87/ 100g,False
pantry,Cheetos,Mac'N Cheese Cheesy Jalapeño Pasta,CheetosMac'N Cheese Cheesy Jalapeño Pasta164 g,$3.49ea,,$2.13/ 100g,False
pantry,President's Choice,100% Pure Grapeseed Oil,President's Choice100% Pure Grapeseed Oil750 ml,$12.99ea,,$1.73/ 100ml,False
pantry,President's Choice,Loads Of Garlic Caesar Dressing,President's ChoiceLoads Of Garlic Caesar Dressing355 ml,$4.99ea,,$1.41/ 100ml,False
pantry,Stagg,Silverado Beef Chili With Beans,StaggSilverado Beef Chili With Beans425 g,$4.29ea,,$1.01/ 100g,False
pantry,Quality,Alphonso Mango Pulp,QualityAlphonso Mango Pulp850 g,$4.99ea,,$0.59/ 100g,False
pantry,Crock Pot,BBQ Pulled Pork,Crock PotBBQ Pulled Pork42 g,$2.29ea,,$5.45/ 100g,False
pantry,Blue Dragon,General Tao Stir Fry Sauce,Blue DragonGeneral Tao Stir Fry Sauce140 ml,$2.39ea,,$1.71/ 100ml,False
pantry,No Name,Glace Mix,No NameGlace Mix450 g,$8.49ea,,$1.89/ 100g,False
pantry,Quaker,Harvest Crunch Raisin & Almond Granola Cereal,QuakerHarvest Crunch Raisin & Almond Granola Cereal510 g,$6.99ea,,$1.37/ 100g,False
pantry,Post,Blueberry Flax Granola ,PostBlueberry Flax Granola 340 g,$5.99ea,$3.99ea,$1.17/ 100g,True
pantry,PC Splendido,"Vinegar, Fig Flavoured Condiment with Balsamic  of Modena","PC SplendidoVinegar, Fig Flavoured Condiment with Balsamic  of Modena250 ml",$4.99ea,,$2.00/ 100ml,False
pantry,Unico,"Pasta Sauce, Garlic","UnicoPasta Sauce, Garlic680 ml",$2.99ea,,$0.44/ 100ml,False
pantry,T&T,Lychee in Syrup,T&TLychee in Syrup540 ml,$2.99ea,$2.49ea,$0.46/ 100ml,True
pantry,Pataks,Tikka Masala Cooking Sauce for 2,PataksTikka Masala Cooking Sauce for 2200 ml,$3.49ea,,$1.75/ 100ml,False
pantry,Nupak,Dark Red Kidney Beans,NupakDark Red Kidney Beans900 g,$4.79ea,,$0.53/ 100g,False
pantry,Unico,"Pasta Sauce, Zesty","UnicoPasta Sauce, Zesty680 ml",$2.99ea,,$0.44/ 100ml,False
pantry,Hershey's,"Chipits Special Dark Chocolate Chips, 225G","Hershey'sChipits Special Dark Chocolate Chips, 225G225 g",$4.99ea,,$2.22/ 100g,False
pantry,Heinz,Tomato Ketchup,HeinzTomato Ketchup375 ml,$3.99ea,$3.29ea,$0.88/ 100ml,True
pantry,Zinda,Fine Couscous,ZindaFine Couscous907 g,$3.99ea,,$0.44/ 100g,False
pantry,No Name,All-Purpose Flour,No NameAll-Purpose Flour5 kg,$7.99ea,$6.99ea,$0.14/ 100g,True
pantry,Betty Crocker,Hamburger Helper 3 Cheese Manicotti,Betty CrockerHamburger Helper 3 Cheese Manicotti170 g,$3.19ea,,$1.88/ 100g,False
pantry,No Name,Medium Grain Calrose Rice,No NameMedium Grain Calrose Rice8 kg,$22.49ea,,$0.28/ 100g,False
pantry,PC Blue Menu,White Kidney Beans,PC Blue MenuWhite Kidney Beans540 ml,$1.89ea,,$0.35/ 100ml,False
pantry,Unico,Balsamic Vinegar,UnicoBalsamic Vinegar500 ml,$4.99ea,,$1.00/ 100ml,False
pantry,No Name,Apple Cider Vinegar,No NameApple Cider Vinegar500 ml,$3.49ea,,$0.70/ 100ml,False
pantry,No Name,Peach Jelly Powder ,No NamePeach Jelly Powder 85 g,$1.29ea,,$1.52/ 100g,False
pantry,Quality,Himalayan Pink Salt  ,QualityHimalayan Pink Salt  500 g,$2.39ea,,$0.48/ 100g,False
pantry,Bertolli,Rich Taste-Extra Virgin Olive Oil,BertolliRich Taste-Extra Virgin Olive Oil2 l,$32.99ea,,$1.65/ 100ml,False
pantry,Tim Hortons, Spicy Chili,Tim Hortons Spicy Chili425 g,$4.79ea,,$1.13/ 100g,False
pantry,PC Blue Menu,100% Whole Grain Steel Cut Oats,PC Blue Menu100% Whole Grain Steel Cut Oats840 g,$4.99ea,,$0.59/ 100g,False
pantry,Classico,Four Cheese Spaghetti Pasta Sauce,ClassicoFour Cheese Spaghetti Pasta Sauce650 ml,$4.99ea,,$0.77/ 100ml,False
pantry,President's Choice,Jasmine Rice,President's ChoiceJasmine Rice750 g,$3.99ea,$2.99ea,$0.40/ 100g,True
pantry,President's Choice,Thaï Mango Curry Cooking Sauce,President's ChoiceThaï Mango Curry Cooking Sauce400 ml,$4.29ea,,$1.07/ 100ml,False
pantry,President's Choice,Filipino Adobo Cooking Sauce,President's ChoiceFilipino Adobo Cooking Sauce400 ml,$4.29ea,,$1.07/ 100ml,False
pantry,Bens,Chicken & Herb Flavour Rice,BensChicken & Herb Flavour Rice397 g,$5.49ea,,$1.38/ 100g,False
pantry,Stock and Barrel,"Pepitas, Roasted Unsalted","Stock and BarrelPepitas, Roasted Unsalted325 g",$9.99ea,,$3.07/ 100g,False
pantry,Mazola,Corn Oil,MazolaCorn Oil2.84 l,$17.99ea,,$0.63/ 100ml,False
pantry,Stock and Barrel,Choc-O-Buds,Stock and BarrelChoc-O-Buds375 g,$5.99ea,,$1.60/ 100g,False
pantry,Manischewitz,Matzo Ball Mix,ManischewitzMatzo Ball Mix125 g,$3.99ea,,$2.81/ 100g,False
pantry,Knorr,Sidekicks Pasta Garlic Alfredo Feta,KnorrSidekicks Pasta Garlic Alfredo Feta133 g,$2.79ea,,$2.10/ 100g,False
pantry,President's Choice,Honey Garlic Barbecue Sauce,President's ChoiceHoney Garlic Barbecue Sauce1 l,$4.99ea,,$0.50/ 100ml,False
pantry,President's Choice,Gochujang Wing Sauce,President's ChoiceGochujang Wing Sauce350 ml,$4.49ea,,$1.28/ 100ml,False
pantry,Wilton,150 Baking Cups,Wilton150 Baking Cups150x1.0 ea,$4.99ea,,$0.03/ 1ea,False
pantry,Sunmaid,Natural California Raisins,SunmaidNatural California Raisins500 g,$5.49ea,,$1.10/ 100g,False
pantry,O Food,Brown Rice Red Pepper Paste Gochujang Medium Hot,O FoodBrown Rice Red Pepper Paste Gochujang Medium Hot500 g,$6.49ea,,$1.30/ 100g,False
pantry,Bertolli,White Balsamic Vinegar,BertolliWhite Balsamic Vinegar500 ml,$5.99ea,$5.49ea,$1.10/ 100ml,True
pantry,Wilton,Slender Candles,WiltonSlender Candles1 ea,$8.99ea,,$8.99/ 1ea,False
pantry,Old Fisherman,Blue Mackerel Chunks in Tomato Sauce,Old FishermanBlue Mackerel Chunks in Tomato Sauce230 g,$2.69ea,,$1.17/ 100g,False
pantry,Sanotti O Sesame,O'Sesame Dark Chocolate Spread,Sanotti O SesameO'Sesame Dark Chocolate Spread370 g,$8.99ea,,$2.43/ 100g,False
pantry,Lidia's,Tomato Basil,Lidia'sTomato Basil708 g,$10.99ea,,$1.55/ 100g,False
pantry,Heinz,Tomato Ketchup 1.25L Twin Pack,HeinzTomato Ketchup 1.25L Twin Pack2x1.25 l,$14.49ea,,$0.58/ 100ml,False
pantry,Cholula,"Authentic Mexican Hot Sauce, Green Pepper Sauce","CholulaAuthentic Mexican Hot Sauce, Green Pepper Sauce150 ml",$7.29ea,$4.99ea,$3.33/ 100ml,True
pantry,Hunt's,Heirloom Whole Tomato,Hunt'sHeirloom Whole Tomato398 ml,$2.69ea,,$0.68/ 100ml,False
pantry,Pace,"Salsa, Thick Chunky Medium","PaceSalsa, Thick Chunky Medium642 ml",$4.49ea,,$0.70/ 100ml,False
pantry,Lidia's,Vodka Sauce,Lidia'sVodka Sauce708 g,$10.99ea,,$1.55/ 100g,False
pantry,Pastene,"Bread Crumbs, Plain","PasteneBread Crumbs, Plain425 g",$4.49ea,,$1.06/ 100g,False
pantry,Jif,Light Creamy Peanut Butter,JifLight Creamy Peanut Butter1 kg,$7.49ea,$5.99ea,$0.60/ 100g,True
pantry,Motola,King Size Manzan Olives,MotolaKing Size Manzan Olives670 g,$4.39ea,,$0.66/ 100g,False
pantry,Kitchens of India,Malai Paneer,Kitchens of IndiaMalai Paneer280 g,$5.29ea,,$1.89/ 100g,False
pantry,Thai Kitchen,Thai Chili & Ginger Sauce,Thai KitchenThai Chili & Ginger Sauce199 ml,$4.69ea,,$2.36/ 100ml,False
pantry,PC Black Label, Extra Virgin Olive Oil Infused With Red Hot Chili Peppers,PC Black Label Extra Virgin Olive Oil Infused With Red Hot Chili Peppers250 ml,$5.99ea,,$2.40/ 100ml,False
pantry,Hunt's,"Thick & Rich Pasta Sauce, Four Cheese","Hunt'sThick & Rich Pasta Sauce, Four Cheese680 ml",$2.89ea,,$0.43/ 100ml,False
pantry,Golden Wheel,Thai Jasmine Rice,Golden WheelThai Jasmine Rice8 kg,$21.99ea,,$0.27/ 100g,False
pantry,Dainty,"Fried Rice, Chicken","DaintyFried Rice, Chicken350 g",$3.79ea,,$1.08/ 100g,False
pantry,Aylmer,Sliced Beets,AylmerSliced Beets398 ml,$2.49ea,,$0.63/ 100ml,False
pantry,Stock and Barrel,"Roasted Sunflower Seeds, Salted","Stock and BarrelRoasted Sunflower Seeds, Salted375 g",$5.99ea,,$1.60/ 100g,False
pantry,Galil,Olives Grn Man,GalilOlives Grn Man652 g,$4.49ea,,$0.69/ 100g,False
pantry,Heartbeat Hot Sauce Co.,Pineapple Habanero,Heartbeat Hot Sauce Co.Pineapple Habanero177 ml,$12.99ea,,$7.34/ 100ml,False
pantry,Mutti,Tomato and Basil Pasta Sauce,MuttiTomato and Basil Pasta Sauce398 ml,$4.99ea,,$1.25/ 100ml,False
pantry,Nando's,Mayonnaise Style Dressing Perinaise Mild,Nando'sMayonnaise Style Dressing Perinaise Mild450 ml,$6.49ea,,$1.44/ 100ml,False
pantry,,Chili Picante Toasted Corn Snack,Chili Picante Toasted Corn Snack,$1.69/100 g,,$1.69/ 100g,False
pantry,PC Black Label,Basil Pesto,PC Black LabelBasil Pesto190 ml,$5.29ea,,$2.78/ 100ml,False
pantry,Haddar,Garlic Powder ,HaddarGarlic Powder 37 g,$1.99ea,,$5.38/ 100g,False
pantry,Kikkoman,Soy Sauce,KikkomanSoy Sauce296 ml,$5.19ea,,$1.75/ 100ml,False
pantry,Riso Bello,Four Cheese Risotto,Riso BelloFour Cheese Risotto175 g,$6.49ea,,$3.71/ 100g,False
pantry,Muskoka,Sriracha Garlic Sauce,MuskokaSriracha Garlic Sauce250 ml,$7.49ea,,$3.00/ 100ml,False
pantry,Stock and Barrel,Sliced Blanched Almonds,Stock and BarrelSliced Blanched Almonds100 g,$6.99ea,,$6.99/ 100g,False
pantry,Island Gurl,Bahama Steamed Sauce,Island GurlBahama Steamed Sauce360 ml,$6.99ea,,$1.94/ 100ml,False
pantry,Mezzetta,Imported Spanish Queen Martini Olives,MezzettaImported Spanish Queen Martini Olives398 ml,$9.99ea,,$2.51/ 100ml,False
pantry,Haldiram,Minute Khana Pav Bhaji Mild,HaldiramMinute Khana Pav Bhaji Mild300 g,$3.29ea,,$1.10/ 100g,False
pantry,No Name,Long Grain Brown Rice,No NameLong Grain Brown Rice900 g,$4.49ea,,$0.50/ 100g,False
pantry,Aylmer,Original Diced Tomatoes,AylmerOriginal Diced Tomatoes796 ml,$2.79ea,,$0.35/ 100ml,False
pantry,Walkers,Traditional Jamaican Jerk Seasoning,WalkersTraditional Jamaican Jerk Seasoning280 g,$4.69ea,,$1.68/ 100g,False
pantry,Valsoia,Cocoa And Hazelnut Spread,ValsoiaCocoa And Hazelnut Spread397 g,$8.99ea,$4.99ea,$1.26/ 100g,True
pantry,Colavita,Portuguese Extra Virgin Olive Oil,ColavitaPortuguese Extra Virgin Olive Oil750 ml,$16.99ea,,$2.27/ 100ml,False
pantry,Aylmer,Tomatoes Whole,AylmerTomatoes Whole796 ml,$2.79ea,,$0.35/ 100ml,False
pantry,Royal Nuts,"Dry Roasted Mixed Nuts, Salted","Royal NutsDry Roasted Mixed Nuts, Salted325 g",$13.99ea,,$4.30/ 100g,False
pantry,Tabasco,Sweet & Spicy Sauce,TabascoSweet & Spicy Sauce256 ml,$7.29ea,$6.49ea,$2.54/ 100ml,True
pantry,Twisted Tomato,Gourmet Ketchup Dill Pickle,Twisted TomatoGourmet Ketchup Dill Pickle350 ml,$6.99ea,,$2.00/ 100ml,False
pantry,President's Choice,Dried Apricots,President's ChoiceDried Apricots140 g,$7.49ea,,$5.35/ 100g,False
pantry,Clic,Yellow Cornmeal,ClicYellow Cornmeal907 g,$3.49ea,,$0.38/ 100g,False
pantry,President's Choice,Olives Stuffed With Almonds,President's ChoiceOlives Stuffed With Almonds375 ml,$6.49ea,,$1.73/ 100ml,False
pantry,S&F,Ajvar Hot Vegetable Spread,S&FAjvar Hot Vegetable Spread375 ml,$4.79ea,,$1.28/ 100ml,False
pantry,Marie Sharp's,Mango Habanero Pepper Sauce,Marie Sharp'sMango Habanero Pepper Sauce148 ml,$6.99ea,,$4.72/ 100ml,False
pantry,Cucina Antica,"Pasta Sauce, Tuscany Pumpkin","Cucina AnticaPasta Sauce, Tuscany Pumpkin670 ml",$10.99ea,,$1.64/ 100ml,False
pantry,Mezzetta,Garlic Stuffed Olives,MezzettaGarlic Stuffed Olives250 ml,$8.49ea,,$3.40/ 100ml,False
pantry,Windsor,Fleur de Sel de Camargue,WindsorFleur de Sel de Camargue125 g,$12.49ea,,$9.99/ 100g,False
pantry,Crown,Whole Baby Corn,CrownWhole Baby Corn410 g,$2.59ea,,$0.63/ 100g,False
pantry,Clic,"Split Peas, Yellow","ClicSplit Peas, Yellow907 g",$3.99ea,,$0.44/ 100g,False
pantry,Maille,Honey Dijon Mustard,MailleHoney Dijon Mustard200 ml,$4.49ea,,$2.25/ 100ml,False
pantry,McCormicks,Hollandaise Sauce,McCormicksHollandaise Sauce56 g,$2.49ea,,$4.45/ 100g,False
pantry,Dr Oetker,Naturally Flavoured Cake Mix And Icing Mix Lemon Drizzle,Dr OetkerNaturally Flavoured Cake Mix And Icing Mix Lemon Drizzle375 g,$5.49ea,,$1.46/ 100g,False
pantry,Hunt's,"Tomato Sauce, Roasted Garlic","Hunt'sTomato Sauce, Roasted Garlic680 ml",$2.89ea,,$0.43/ 100ml,False
pantry,Jus' Better,Peach Rings,Jus' BetterPeach Rings550 g,$4.99ea,,$0.91/ 100g,False
pantry,Knorr,Concentrated Bouillon Taste Of Thailand No Added Msg,KnorrConcentrated Bouillon Taste Of Thailand No Added Msg250 ml,$7.29ea,,$2.92/ 100ml,False
pantry,Wilton,"White Nonpareils Sprinkles Pouch, 40 g","WiltonWhite Nonpareils Sprinkles Pouch, 40 g40 g",$1.59ea,,$3.98/ 100g,False
pantry,President's Choice,Basmati Rice,President's ChoiceBasmati Rice1.6 kg,$10.29ea,,$0.64/ 100g,False
pantry,H and H,Royal Figs,H and HRoyal Figs454 g,$8.49ea,,$1.87/ 100g,False
pantry,Little Italy In The Bronx,Tomato Basil Pasta Sauce,Little Italy In The BronxTomato Basil Pasta Sauce650 ml,$10.49ea,,$1.61/ 100ml,False
pantry,Stefano Faita,Tomato Sauce Meat Sauce,Stefano FaitaTomato Sauce Meat Sauce635 ml,$7.29ea,,$1.15/ 100ml,False
pantry,Bens,Mexican Style Rice,BensMexican Style Rice397 g,$5.49ea,,$1.38/ 100g,False
pantry,Heinz,Deep-Browned Beans with Pork & Molasses,HeinzDeep-Browned Beans with Pork & Molasses398 ml,$2.79ea,,$0.70/ 100ml,False
pantry,Kraft,Rancher's Choice Dressing,KraftRancher's Choice Dressing475 ml,$4.49ea,,$0.95/ 100ml,False
pantry,Bens,Tomato & Basil Flavour Rice,BensTomato & Basil Flavour Rice397 g,$5.49ea,,$1.38/ 100g,False
pantry,Knorr,Sidekicks Garlic Parmesan Rice & Vermicelli Side Dish ,KnorrSidekicks Garlic Parmesan Rice & Vermicelli Side Dish 147 g,$2.79ea,,$1.90/ 100g,False
pantry,Club House,"Salads 'n Dips Dressing Mix, Italian","Club HouseSalads 'n Dips Dressing Mix, Italian42 g",$1.99ea,,$4.74/ 100g,False
pantry,Bush's Best,Mild Kidney Beans ,Bush's BestMild Kidney Beans 398 ml,$2.79ea,$2.69ea,$0.68/ 100ml,True
pantry,President's Choice,Tikka Masala Cooking Sauce,President's ChoiceTikka Masala Cooking Sauce400 ml,$4.29ea,,$1.07/ 100ml,False
pantry,President's Choice,Korma Cooking Sauce,President's ChoiceKorma Cooking Sauce400 ml,$4.29ea,,$1.07/ 100ml,False
pantry,Stefano Faita,Tomato Sauce Tomato Basil 648 ml,Stefano FaitaTomato Sauce Tomato Basil 648 ml648 ml,$7.29ea,,$1.13/ 100ml,False
pantry,Bens,Roasted Chicken Flavour & Wild Rice,BensRoasted Chicken Flavour & Wild Rice365 g,$5.49ea,,$1.50/ 100g,False
pantry,Suraj,Brown Basmati Rice,SurajBrown Basmati Rice1.81 kg,$6.99ea,,$0.39/ 100g,False
pantry,Stock and Barrel,Dried Apricots,Stock and BarrelDried Apricots250 g,$8.99ea,,$3.60/ 100g,False
pantry,Nong Shim,Potato Noodle Soup Family Pack,Nong ShimPotato Noodle Soup Family Pack400 g,$5.49ea,,$1.37/ 100g,False
pantry,No Name,Broken Mandarin Orange Segments in Light Syrup,No NameBroken Mandarin Orange Segments in Light Syrup284 ml,$1.29ea,,$0.45/ 100ml,False
pantry,Classico,Sweet Basil Marinara Spaghetti Pasta Sauce,ClassicoSweet Basil Marinara Spaghetti Pasta Sauce650 ml,$4.99ea,,$0.77/ 100ml,False
pantry,Betty Crocker,Frost Deluxe Whipped Milk Chocolate,Betty CrockerFrost Deluxe Whipped Milk Chocolate340 g,$3.29ea,,$0.97/ 100g,False
pantry,President's Choice,White Cheddar Deluxe Macaroni & Cheese Dinner,President's ChoiceWhite Cheddar Deluxe Macaroni & Cheese Dinner200 g,$2.49ea,,$1.25/ 100g,False
pantry,PC Blue Menu,Yellow Split Peas,PC Blue MenuYellow Split Peas900 g,$3.49ea,,$0.39/ 100g,False
pantry,Rooster,Thai Hom Mali Brown Jasmine Rice,RoosterThai Hom Mali Brown Jasmine Rice4.54 kg,$13.99ea,,$0.31/ 100g,False
pantry,VH,Honey Sriracha Hot,VHHoney Sriracha Hot341 ml,$4.99ea,,$1.46/ 100ml,False
pantry,Dainty,Rice Basmati Format Maxi,DaintyRice Basmati Format Maxi1.6 kg,$14.99ea,,$0.94/ 100g,False
pantry,Suraj,Aged Basmati Rice,SurajAged Basmati Rice1.81 kg,$6.99ea,,$0.39/ 100g,False
pantry,Suraj,Almond Oil,SurajAlmond Oil237 ml,$5.49ea,,$2.32/ 100ml,False
pantry,Heinz,Original 57 Sauce,HeinzOriginal 57 Sauce500 ml,$6.49ea,,$1.30/ 100ml,False
pantry,Nupak,Green Split Peas,NupakGreen Split Peas900 g,$3.79ea,,$0.42/ 100g,False
pantry,Betty Crocker,"Mashed Potatoes, Homestyle","Betty CrockerMashed Potatoes, Homestyle180 g",$2.99ea,,$1.66/ 100g,False
pantry,Kraft,Dinner Jalapeno Macaroni & Cheese Snack Cup,KraftDinner Jalapeno Macaroni & Cheese Snack Cup58 g,$2.79ea,,$4.81/ 100g,False
pantry,Wilton,Fondant Primary Colours Multipack,WiltonFondant Primary Colours Multipack499 g,$14.99ea,,$3.00/ 100g,False
pantry,Duncan Hines,Epic Cookie Kit Cookie Dough,Duncan HinesEpic Cookie Kit Cookie Dough629 g,$7.99ea,,$1.27/ 100g,False
pantry,President's Choice,Raw Sunflower Seeds,President's ChoiceRaw Sunflower Seeds350 g,$2.99ea,,$0.85/ 100g,False
pantry,Wilton,"Basic Decorating Tip Set, 4-Piece","WiltonBasic Decorating Tip Set, 4-Piece4 ea",$14.79ea,,$3.70/ 1ea,False
pantry,Club House,Signature Blends Cajun One Step Seasoning,Club HouseSignature Blends Cajun One Step Seasoning560 g,$14.49ea,,$2.59/ 100g,False
pantry,Nupak,Long Grain White Rice,NupakLong Grain White Rice2 kg,$5.49ea,,$0.27/ 100g,False
pantry,Jack Daniels,Sweet & Spicy Bbq Sauce,Jack DanielsSweet & Spicy Bbq Sauce473 ml,$7.49ea,,$1.58/ 100ml,False
pantry,Duncan Hines,Epic Cookie Kit Cookies & Cream Flavoured,Duncan HinesEpic Cookie Kit Cookies & Cream Flavoured625 g,$7.99ea,,$1.28/ 100g,False
pantry,H and H,Coconut,H and HCoconut500 g,$10.99ea,,$2.20/ 100g,False
pantry,A Taste of Thai,Lite Coconut Milk,A Taste of ThaiLite Coconut Milk398 ml,$4.29ea,,$1.08/ 100ml,False
pantry,Franks,Frank's RedHot Cayenne Pepper Sauce Original,FranksFrank's RedHot Cayenne Pepper Sauce Original148 ml,$4.49ea,,$3.03/ 100ml,False
pantry,Hunt's,"Tomato Sauce, Onion, Herbs & Spices","Hunt'sTomato Sauce, Onion, Herbs & Spices398 ml",$2.39ea,,$0.60/ 100ml,False
pantry,O Olive Oil,Vinegar California Fig Balsamic,O Olive OilVinegar California Fig Balsamic300 ml,$14.99ea,,$5.00/ 100ml,False
pantry,Peace River Honey,Pineapple Jalapeno Honey,Peace River HoneyPineapple Jalapeno Honey375 g,$10.99ea,$8.99ea,$2.40/ 100g,True
pantry,Wilton,Tall Gold Birthday Candles,WiltonTall Gold Birthday Candles12 ea,$2.99ea,,$0.25/ 1ea,False
pantry,President's Choice,Chocolate Hazelnut Spread,President's ChoiceChocolate Hazelnut Spread375 g,$3.79ea,,$1.01/ 100g,False
pantry,Kozlik's,"Canadian Mustard, Sweet & Smokey  ","Kozlik'sCanadian Mustard, Sweet & Smokey  250 ml",$6.49ea,,$2.60/ 100ml,False
pantry,Hunt's,"Thick & Rich, Original Sauce","Hunt'sThick & Rich, Original Sauce680 ml",$2.89ea,,$0.43/ 100ml,False
pantry,Stock and Barrel,Mixed Nuts,Stock and BarrelMixed Nuts175 g,$8.99ea,,$5.14/ 100g,False
pantry,Skinnygirl,Raspberry Vinaigrette,SkinnygirlRaspberry Vinaigrette237 ml,$3.99ea,,$1.68/ 100ml,False
pantry,T&T,10 Multigrain Rice,T&T10 Multigrain Rice1.5 kg,$8.99ea,$8.49ea,$0.57/ 100g,True
pantry,Unico,"Eggplants in Oil, Hot","UnicoEggplants in Oil, Hot375 ml",$4.89ea,,$1.30/ 100ml,False
pantry,President's Choice,Kimchi,President's ChoiceKimchi400 g,$5.49ea,,$1.37/ 100g,False
pantry,President's Choice,Olives Stuffed With Almonds,President's ChoiceOlives Stuffed With Almonds375 ml,$6.49ea,,$1.73/ 100ml,False
pantry,S&F,Ajvar Hot Vegetable Spread,S&FAjvar Hot Vegetable Spread375 ml,$4.79ea,,$1.28/ 100ml,False
pantry,Manny's,Corn Tortillas Soft Taco Size,Manny'sCorn Tortillas Soft Taco Size255 g,$3.79ea,,$1.49/ 100g,False
pantry,Tilda,"Steamed Basmati Rice, Wholegrain","TildaSteamed Basmati Rice, Wholegrain250 g",$3.89ea,,$1.56/ 100g,False
pantry,Wilton,Black Sparkle Gel,WiltonBlack Sparkle Gel99 g,$3.49ea,,$3.53/ 100g,False
pantry,Quaker,Quick Cook Steel Cut Oats,QuakerQuick Cook Steel Cut Oats709 g,$5.99ea,$4.00ea,$0.56/ 100g,True
pantry,Betty Crocker,Hamburger Helper Cheesy Shells,Betty CrockerHamburger Helper Cheesy Shells240 g,$3.19ea,,$1.33/ 100g,False
pantry,Nong Shim,Shin Brand Shin Big Bowl,Nong ShimShin Brand Shin Big Bowl114 g,$1.99ea,,$1.75/ 100g,False
pantry,Gefen,"Ramen Noodles, Chicken","GefenRamen Noodles, Chicken85 g",$0.89ea,,$1.05/ 100g,False
pantry,No Name,Graham Cracker Pie Crust,No NameGraham Cracker Pie Crust170 g,$1.99ea,,$1.17/ 100g,False
pantry,Dole,No Sugar Added Fruit Salad With Cherries,DoleNo Sugar Added Fruit Salad With Cherries540 ml,$4.29ea,,$0.79/ 100ml,False
pantry,Lee Kum Kee,Minced Garlic,Lee Kum KeeMinced Garlic326 g,$4.99ea,,$1.53/ 100g,False
pantry,Primal Kitchen,No Dairy Alfredo Sauce,Primal KitchenNo Dairy Alfredo Sauce455 ml,$11.99ea,,$2.64/ 100ml,False
pantry,President's Choice,100% Pure Maple Syrup,President's Choice100% Pure Maple Syrup200 ml,$5.49ea,,$2.75/ 100ml,False
pantry,No Name,Rich & Chunky Chicken Noodle Soup,No NameRich & Chunky Chicken Noodle Soup540 ml,$2.79ea,$2.59ea,$0.48/ 100ml,True
pantry,Robin Hood,Best For Bread Homestyle White Flour,Robin HoodBest For Bread Homestyle White Flour2.5 kg,$7.99ea,,$0.32/ 100g,False
pantry,Dole,Pineapple Chunks in Pineapple Juice,DolePineapple Chunks in Pineapple Juice398 ml,$2.79ea,,$0.70/ 100ml,False
pantry,Fry's Cocoa,Premium Cocoa,Fry's CocoaPremium Cocoa454 g,$8.99ea,,$1.98/ 100g,False
pantry,Kraft,Caesar with Bacon Salad Dressing,KraftCaesar with Bacon Salad Dressing475 ml,$4.49ea,,$0.95/ 100ml,False
pantry,No Name,Lemon Jelly Powder,No NameLemon Jelly Powder85 g,$1.29ea,,$1.52/ 100g,False
pantry,Diana,Sauce Western Smokehouse,DianaSauce Western Smokehouse500 ml,$4.49ea,,$0.90/ 100ml,False
pantry,No Name,Stuffed Manzanilla Olives With Pimento Paste,No NameStuffed Manzanilla Olives With Pimento Paste375 ml,$1.99ea,,$0.53/ 100ml,False
pantry,Bens,Jasmine Rice,BensJasmine Rice1.6 kg,$13.99ea,,$0.87/ 100g,False
pantry,Bens,Quick Cook Perfection,BensQuick Cook Perfection1.6 kg,$10.49ea,,$0.66/ 100g,False
pantry,President's Choice,Memories of Seoul Gochujang Chili Sauce,President's ChoiceMemories of Seoul Gochujang Chili Sauce350 ml,$4.99ea,,$1.43/ 100ml,False
pantry,Unico,Long Grain Rice,UnicoLong Grain Rice750 g,$2.99ea,,$0.40/ 100g,False
pantry,PC Blue Menu,Five-Bean Medley ,PC Blue MenuFive-Bean Medley 900 g,$3.49ea,,$0.39/ 100g,False
pantry,Quaker,Regular Family Size Instant Oatmeal,QuakerRegular Family Size Instant Oatmeal504 g,$7.99ea,$6.99ea,$1.39/ 100g,True
pantry,Jell-O,Fat Free Vanilla Instant Pudding Mix,Jell-OFat Free Vanilla Instant Pudding Mix30 g,$2.29ea,,$7.63/ 100g,False
pantry,Jell-O,Fat Free White Chocolate Instant Pudding Mix,Jell-OFat Free White Chocolate Instant Pudding Mix32 g,$2.29ea,,$7.16/ 100g,False
pantry,VH,Soy Sauce Lite,VHSoy Sauce Lite380 ml,$4.99ea,,$1.31/ 100ml,False
pantry,Clic,Quinoa Grains Box,ClicQuinoa Grains Box500 g,$8.49ea,,$1.70/ 100g,False
pantry,No Name,Apple Cider Vinegar,No NameApple Cider Vinegar4 l,$6.49ea,,$0.16/ 100ml,False
pantry,President's Choice,Horseradish Dijon Mustard,President's ChoiceHorseradish Dijon Mustard325 ml,$3.29ea,,$1.01/ 100ml,False
pantry,Del Monte,Peach Slices in Fruit Juice From Concentrate,Del MontePeach Slices in Fruit Juice From Concentrate796 ml,$4.99ea,,$0.63/ 100ml,False
pantry,Post,Honey Cereal,PostHoney Cereal440 g,$5.49ea,,$1.25/ 100g,False
pantry,Tamam,Tahini Small     ,TamamTahini Small     454 g,$5.19ea,$4.99ea,$1.10/ 100g,True
pantry,VH,Soya Sauce,VHSoya Sauce380 ml,$4.99ea,,$1.31/ 100ml,False
pantry,Club House,"Pork Gravy Mix, Gluten-Free","Club HousePork Gravy Mix, Gluten-Free24 g",$2.49ea,,$10.37/ 100g,False
pantry,PC Blue Menu,Black Beans,PC Blue MenuBlack Beans540 ml,$1.89ea,,$0.35/ 100ml,False
pantry,Kraft,Only Peanuts All Natural Smooth Peanut Butter,KraftOnly Peanuts All Natural Smooth Peanut Butter750 g,$7.49ea,,$1.00/ 100g,False
pantry,Classico,Di Lombardia Rosée Pasta Sauce,ClassicoDi Lombardia Rosée Pasta Sauce410 ml,$4.99ea,,$1.22/ 100ml,False
pantry,Bens,Wholegrain Brown Rice 10 Minute,BensWholegrain Brown Rice 10 Minute1.4 kg,$10.49ea,,$0.75/ 100g,False
pantry,Dole,Fruit Cocktail With Extra Cherries In Water,DoleFruit Cocktail With Extra Cherries In Water540 ml,$3.99ea,,$0.74/ 100ml,False
pantry,Club House,Chicken Parmesan Seasoning Mix,Club HouseChicken Parmesan Seasoning Mix32 g,$2.49ea,,$7.78/ 100g,False
pantry,Cucina Antica,"Pasta Sauce, Garlic Marinara","Cucina AnticaPasta Sauce, Garlic Marinara670 ml",$10.99ea,,$1.64/ 100ml,False
pantry,No Name,Diced Tomatoes with Herbs and Spices,No NameDiced Tomatoes with Herbs and Spices796 ml,$1.49ea,,$0.19/ 100ml,False
pantry,Green Giant,"Corn Niblets, Whole Kernel","Green GiantCorn Niblets, Whole Kernel341 ml",$1.99ea,,$0.58/ 100ml,False
pantry,Colavita,"Oils, Extra Virgin Olive Oil, Mediterranean","ColavitaOils, Extra Virgin Olive Oil, Mediterranean750 ml",$16.99ea,,$2.27/ 100ml,False
pantry,Campbell's,Franco American Turkey Gravy,Campbell'sFranco American Turkey Gravy284 ml,$1.99ea,,$0.70/ 100ml,False
pantry,Swiss Chalet,Dipping Sauce Mix,Swiss ChaletDipping Sauce Mix36 g,$2.79ea,,$7.75/ 100g,False
pantry,No Name,Sliced Manzanilla Olives,No NameSliced Manzanilla Olives375 ml,$1.99ea,,$0.53/ 100ml,False
pantry,ED Smith,Cherry Pie Filling,ED SmithCherry Pie Filling540 ml,$7.49ea,,$1.39/ 100ml,False
pantry,Dr Oetker,"Shirriff Filling and Dessert Mix, Lemon Pie","Dr OetkerShirriff Filling and Dessert Mix, Lemon Pie425 g",$4.79ea,,$1.13/ 100g,False
pantry,Club House,Meat Loaf Seasoning Mix,Club HouseMeat Loaf Seasoning Mix43 g,$2.49ea,,$5.79/ 100g,False
pantry,Suraj,Ground Coriander ,SurajGround Coriander 300 g,$2.79ea,,$0.93/ 100g,False
pantry,Kelloggs,Krave Cereal Milk Chocolate,KelloggsKrave Cereal Milk Chocolate525 g,$5.99ea,,$1.14/ 100g,False
pantry,Golden Temple,Wheat Atta Flour,Golden TempleWheat Atta Flour9 kg,$17.99ea,,$0.20/ 100g,False
pantry,Nanak,Desi Ghee Small,NanakDesi Ghee Small400 g,$8.99ea,,$2.25/ 100g,False
pantry,Club House,Minute Tapioca,Club HouseMinute Tapioca227 g,$4.29ea,,$1.89/ 100g,False
pantry,President's Choice,Memories Of Montego Bay Hot Jerk Marinade,President's ChoiceMemories Of Montego Bay Hot Jerk Marinade350 ml,$4.99ea,,$1.43/ 100ml,False
pantry,Grace,Jamaican Jerk Seasoning,GraceJamaican Jerk Seasoning284 g,$4.69ea,,$1.50/ 100g,False
pantry,Suraj,Rice Flour,SurajRice Flour800 g,$3.29ea,,$0.41/ 100g,False
pantry,No Name,Thompson Seedless Raisins Club Size,No NameThompson Seedless Raisins Club Size2 kg,$14.99ea,,$0.75/ 100g,False
pantry,,"Stir-Fried Noodle Buldak Ramen, Hot Chicken Flavour","Stir-Fried Noodle Buldak Ramen, Hot Chicken Flavour70 g",$2.29ea,,$3.27/ 100g,False
pantry,McCormicks,"International Roast Gravy for Poultry Sauce Mix, 25% Less Salt","McCormicksInternational Roast Gravy for Poultry Sauce Mix, 25% Less Salt30 g",$2.49ea,,$8.30/ 100g,False
pantry,,Sherry Cooking Wine,Sherry Cooking Wine500 ml,$6.49ea,,$1.30/ 100ml,False
pantry,Huy Fong,Sriracha Sauce,Huy FongSriracha Sauce740 ml,$6.49ea,,$0.91/ 100ml,False
pantry,No Name,Strawberry Jam With Pectin,No NameStrawberry Jam With Pectin500 ml,$4.29ea,,$0.86/ 100ml,False
pantry,Suraj,Aged Basmati Rice,SurajAged Basmati Rice1.81 kg,$6.99ea,,$0.39/ 100g,False
pantry,Farkay,"Noodles, Steam Fried","FarkayNoodles, Steam Fried397 g",$4.29ea,,$1.08/ 100g,False
pantry,Pan,Pre-Cooked Yellow Corn Meal,PanPre-Cooked Yellow Corn Meal1 kg,$3.39ea,,$0.34/ 100g,False
pantry,Grace,Chopped In Salt Water Callaloo,GraceChopped In Salt Water Callaloo540 ml,$2.99ea,,$0.55/ 100ml,False
pantry,Betty Crocker,Creamy Scalloped Potatoes,Betty CrockerCreamy Scalloped Potatoes141 g,$2.99ea,,$2.12/ 100g,False
pantry,Bens,Garden Vegetable Style Rice,BensGarden Vegetable Style Rice132 g,$2.99ea,,$2.27/ 100g,False
pantry,President's Choice,Instant Oatmeal Variety Pack,President's ChoiceInstant Oatmeal Variety Pack380 g,$4.19ea,,$1.10/ 100g,False
pantry,PC Blue Menu,Green Lentils,PC Blue MenuGreen Lentils900 g,$3.49ea,,$0.39/ 100g,False
pantry,Tilda,Pure Original Basmati Rice,TildaPure Original Basmati Rice907 g,$6.99ea,,$0.77/ 100g,False
pantry,Jell-O,"Orange Jelly Powder Light, Gelatin Mix","Jell-OOrange Jelly Powder Light, Gelatin Mix10.2 g",$1.49ea,,$14.61/ 100g,False
pantry,Nutella,Hazelnut Spread with Cocoa,NutellaHazelnut Spread with Cocoa1 kg,$10.99ea,,$1.10/ 100g,False
pantry,Caesarstea,Organic Blond Sugar,CaesarsteaOrganic Blond Sugar1 kg,$5.99ea,,$0.60/ 100g,False
pantry,S&F,Riga Sprats,S&FRiga Sprats160 g,$3.29ea,,$2.06/ 100g,False
pantry,Maison Orphee,Extra Virgin Olive Oil Delicate,Maison OrpheeExtra Virgin Olive Oil Delicate750 ml,$17.99ea,,$2.40/ 100ml,False
pantry,Minute Rice,"Ready To Serve, Basmati Rice","Minute RiceReady To Serve, Basmati Rice250 g",$3.99ea,,$1.60/ 100g,False
pantry,Bicks,Sweet Green Relish,BicksSweet Green Relish375 ml,$2.99ea,,$0.80/ 100ml,False
pantry,Betty Crocker,"Frosting, Milk Chocolate","Betty CrockerFrosting, Milk Chocolate450 g",$3.29ea,,$0.73/ 100g,False
pantry,Suraj,"Red Chili Peppers, Lal Mirch","SurajRed Chili Peppers, Lal Mirch100 g",$1.79ea,$1.69ea,$1.69/ 100g,True
pantry,Kraft,Only Peanuts All Natural Peanut Butter with Sea Salt,KraftOnly Peanuts All Natural Peanut Butter with Sea Salt750 g,$7.49ea,,$1.00/ 100g,False
pantry,Pataks,Vindaloo Cooking Sauce,PataksVindaloo Cooking Sauce400 ml,$6.49ea,,$1.62/ 100ml,False
pantry,No Name,100% Pure Vegetable Oil,No Name100% Pure Vegetable Oil946 ml,$5.99ea,,$0.63/ 100ml,False
pantry,Club House,"Seasoning Mix, Shepherd's Pie","Club HouseSeasoning Mix, Shepherd's Pie47 g",$2.49ea,,$5.30/ 100g,False
pantry,Dole,Pineapple Tidbits in Pineapple Juice,DolePineapple Tidbits in Pineapple Juice398 ml,$2.79ea,,$0.70/ 100ml,False
pantry,Old Bay,Seasoning,Old BaySeasoning680 g,$15.99ea,,$2.35/ 100g,False
pantry,Brodie,Cake & Pastry Self-Raising Flour,BrodieCake & Pastry Self-Raising Flour2.5 kg,$9.49ea,,$0.38/ 100g,False
pantry,Kitchens of India,Butter Chicken Curry Paste,Kitchens of IndiaButter Chicken Curry Paste100 g,$2.29ea,,$2.29/ 100g,False
pantry,Hershey's,"Chipits Semi-Sweet Minis Chocolate Chips, 270G","Hershey'sChipits Semi-Sweet Minis Chocolate Chips, 270G270 g",$4.99ea,,$1.85/ 100g,False
pantry,San Ignacio,Caramel,San IgnacioCaramel450 g,$5.69ea,,$1.26/ 100g,False
pantry,No Name,Simple Check Pie Filling And Pudding Mix Vanilla,No NameSimple Check Pie Filling And Pudding Mix Vanilla136 g,$1.29ea,,$0.95/ 100g,False
pantry,Matouks,Calypso Hot Sauce,MatouksCalypso Hot Sauce300 ml,$3.79ea,,$1.26/ 100ml,False
pantry,Dole,No Sugar Added Sliced Peaches,DoleNo Sugar Added Sliced Peaches540 ml,$4.29ea,,$0.79/ 100ml,False
pantry,No Name,Unbleached All-Purpose Flour,No NameUnbleached All-Purpose Flour2.5 kg,$4.99ea,,$0.20/ 100g,False
pantry,Splenda,Stevia Liquid     ,SplendaStevia Liquid     50 ml,$6.49ea,,$12.98/ 100ml,False
pantry,No Name,Mild Salsa ,No NameMild Salsa 430 ml,$3.99ea,$2.79ea,$0.65/ 100ml,True
pantry,Suraj,Madras Curry Powder (Mild),SurajMadras Curry Powder (Mild)400 g,$3.49ea,,$0.87/ 100g,False
pantry,Woodman's,Regular Creamed Horseradish,Woodman'sRegular Creamed Horseradish250 ml,$4.49ea,,$1.80/ 100ml,False
pantry,Tilda,Lime & Cilantro Basmati Rice,TildaLime & Cilantro Basmati Rice250 g,$3.89ea,,$1.56/ 100g,False
pantry,Grace,Whole Grain Quinoa,GraceWhole Grain Quinoa500 g,$5.49ea,,$1.10/ 100g,False
pantry,Kriti Gold,Extra Virgin Olive Oil From Greece Organic,Kriti GoldExtra Virgin Olive Oil From Greece Organic750 ml,$11.99ea,,$1.60/ 100ml,False
pantry,The Keg,Steak Seasoning,The KegSteak Seasoning725 g,$9.99ea,,$1.38/ 100g,False
pantry,Suraj,Crispy Fried Onions,SurajCrispy Fried Onions400 g,$4.29ea,$3.99ea,$1.00/ 100g,True
pantry,President's Choice,Jasmine Rice ,President's ChoiceJasmine Rice 250 g,$3.49ea,,$1.40/ 100g,False
pantry,Unico,"Mixed Vegetables, Pickled, Mild","UnicoMixed Vegetables, Pickled, Mild750 ml",$4.49ea,,$0.60/ 100ml,False
pantry,VH,"Dipping Sauce, Sweet Thai Chili","VHDipping Sauce, Sweet Thai Chili341 ml",$4.99ea,,$1.46/ 100ml,False
pantry,Suraj,Coriander Seed ,SurajCoriander Seed 100 g,$1.49ea,,$1.49/ 100g,False
pantry,Swiss Chalet,Turkey Gravy Mix,Swiss ChaletTurkey Gravy Mix25 g,$2.79ea,,$11.16/ 100g,False
pantry,Cucina Antica,"Pasta Sauce, Tomato Basil","Cucina AnticaPasta Sauce, Tomato Basil670 ml",$10.99ea,,$1.64/ 100ml,False
pantry,Pope,Bread Crumbs Plain,PopeBread Crumbs Plain425 g,$4.29ea,,$1.01/ 100g,False
pantry,General Mills,Nesquik Cereal Jumbo,General MillsNesquik Cereal Jumbo900 g,$9.99ea,$8.99ea,$1.00/ 100g,True
pantry,Frenchs,Honey Dijon Mustard,FrenchsHoney Dijon Mustard325 ml,$3.49ea,,$1.07/ 100ml,False
pantry,Kuehne,Sauerkraut,KuehneSauerkraut796 ml,$4.99ea,,$0.63/ 100ml,False
pantry,Maison Orphee,Grapeseed Oil,Maison OrpheeGrapeseed Oil750 ml,$14.99ea,,$2.00/ 100ml,False
pantry,No Name,Dehydrated Chopped Onion,No NameDehydrated Chopped Onion300 g,$6.49ea,,$2.16/ 100g,False
pantry,Mr Noodles,"Instant Noodles, Chicken","Mr NoodlesInstant Noodles, Chicken12x85.0 g",$6.49ea,,$0.64/ 100g,False
pantry,Dole,Crushed Pineapple in Pineapple Juice,DoleCrushed Pineapple in Pineapple Juice398 ml,$2.79ea,,$0.70/ 100ml,False
pantry,T&T,Buckwheat Soba Noodles ,T&TBuckwheat Soba Noodles 363 g,$2.49ea,$1.99ea,$0.55/ 100g,True
pantry,President's Choice,Tangy Seafood Sauce,President's ChoiceTangy Seafood Sauce250 ml,$2.49ea,,$1.00/ 100ml,False
pantry,Lao Gan Ma,Chili Paste,Lao Gan MaChili Paste340 g,$3.49ea,,$1.66/ 100g,False
pantry,Club House,Fries Seasoning Mix Loaded,Club HouseFries Seasoning Mix Loaded27 g,$2.49ea,,$9.22/ 100g,False
pantry,Six Fortune,Udon Noodles ,Six FortuneUdon Noodles 200 g,$1.59ea,,$0.80/ 100g,False
pantry,Bens,Chinese Style Fried Rice,BensChinese Style Fried Rice132 g,$2.99ea,,$2.27/ 100g,False
pantry,No Name,Whipped Dressing,No NameWhipped Dressing890 ml,$5.99ea,,$0.67/ 100ml,False
pantry,,2X Spicy Hot Chicken Flavor Ramen,2X Spicy Hot Chicken Flavor Ramen700 g,$7.99ea,,$1.14/ 100g,False
pantry,Frenchs,Classic Yellow Mustard,FrenchsClassic Yellow Mustard550 ml,$3.99ea,,$0.73/ 100ml,False
pantry,Kikkoman,Stir Fry Sauce,KikkomanStir Fry Sauce285 ml,$7.49ea,,$2.63/ 100ml,False
pantry,President's Choice,7-Vegetable Primavera Pasta Sauce,President's Choice7-Vegetable Primavera Pasta Sauce650 ml,$3.99ea,,$0.61/ 100ml,False
pantry,Kelloggs,Chocolate Almond Special Edition Cereal,KelloggsChocolate Almond Special Edition Cereal377 g,$6.49ea,,$1.72/ 100g,False
pantry,Hershey's,"Chipits Pure Semi-Sweet Chocolate Chips, 925G","Hershey'sChipits Pure Semi-Sweet Chocolate Chips, 925G925 g",$13.99ea,,$1.51/ 100g,False
pantry,Kelloggs,Mini Wheat Frosted Cereal,KelloggsMini Wheat Frosted Cereal650 g,$5.99ea,,$0.92/ 100g,False
pantry,Swiss Chalet,Homestyle Gravy Mix Hot Chicken Sandwich,Swiss ChaletHomestyle Gravy Mix Hot Chicken Sandwich51 g,$2.79ea,,$5.47/ 100g,False
pantry,No Name,Semi-Sweet Chocolate Chips,No NameSemi-Sweet Chocolate Chips300 g,$3.99ea,,$1.33/ 100g,False
pantry,Arm & Hammer,Fridge-N-Freezer Baking Soda,Arm & HammerFridge-N-Freezer Baking Soda500 g,$2.29ea,,$0.46/ 100g,False
pantry,Kosa, Instant Green Curry,Kosa Instant Green Curry400 g,$3.49ea,,$0.87/ 100g,False
pantry,Suraj,"Cumin Seeds, Jeera","SurajCumin Seeds, Jeera400 g",$3.79ea,,$0.95/ 100g,False
pantry,Club House,"Slow Cooker Mix, Beef Stew","Club HouseSlow Cooker Mix, Beef Stew42 g",$2.49ea,,$5.93/ 100g,False
pantry,Bonne Maman,Raspberry Jam,Bonne MamanRaspberry Jam250 ml,$5.49ea,$4.99ea,$2.00/ 100ml,True
pantry,Pataks,Spicy Butter Chicken Cooking Sauce,PataksSpicy Butter Chicken Cooking Sauce400 ml,$6.49ea,,$1.62/ 100ml,False
pantry,President's Choice,Moroccan Shakshuka Cooking Sauce,President's ChoiceMoroccan Shakshuka Cooking Sauce400 ml,$5.99ea,,$1.50/ 100ml,False
pantry,Nong Shim,Noodles With Soup Mix Shin Vegan Gourmet Spicy,Nong ShimNoodles With Soup Mix Shin Vegan Gourmet Spicy75 g,$1.49ea,,$1.99/ 100g,False
pantry,Club House,"Dry Sauce Mix, Brown Gravy, Gluten-Free","Club HouseDry Sauce Mix, Brown Gravy, Gluten-Free25 g",$2.49ea,,$9.96/ 100g,False
pantry,Act II,Microwave Popcorn! Butter Lovers Flavour (14-78 G Bags),Act IIMicrowave Popcorn! Butter Lovers Flavour (14-78 G Bags)1092 g,$9.99ea,,$0.91/ 100g,False
pantry,President's Choice,Creamy Garlic Wing Sauce,President's ChoiceCreamy Garlic Wing Sauce350 ml,$4.49ea,,$1.28/ 100ml,False
pantry,Farkay,"Noodles, Chow Mein    ","FarkayNoodles, Chow Mein    397 g",$4.29ea,,$1.08/ 100g,False
pantry,Dainty,Royal Long Grain Rice,DaintyRoyal Long Grain Rice900 g,$5.99ea,,$0.67/ 100g,False
pantry,Hereford,Quality Vienna Sausage in Chicken Broth,HerefordQuality Vienna Sausage in Chicken Broth130 g,$1.79ea,,$1.38/ 100g,False
pantry,Quality,Kesar Mango Pulp,QualityKesar Mango Pulp850 g,$4.99ea,,$0.59/ 100g,False
pantry,Suraj,Channa Dal,SurajChanna Dal1.8 kg,$5.99ea,,$0.33/ 100g,False
pantry,Bicks,Pickles Polskie Ogórki Dill,BicksPickles Polskie Ogórki Dill1 l,$6.49ea,,$0.65/ 100ml,False
pantry,President's Choice,Extra Virgin Avocado Oil ,President's ChoiceExtra Virgin Avocado Oil 500 ml,$12.99ea,,$2.60/ 100ml,False
pantry,Mr Noodles,Kimchi Bowl Noodles,Mr NoodlesKimchi Bowl Noodles86 g,$1.99ea,,$2.31/ 100g,False
pantry,Marukan,Rice Vinegar,MarukanRice Vinegar355 ml,$4.29ea,,$1.21/ 100ml,False
pantry,Ocean Spray,Craisins Sweetened Dried Cranberries ,Ocean SprayCraisins Sweetened Dried Cranberries 340 g,$4.99ea,,$1.47/ 100g,False
pantry,Mama,"Oriental Style Instant Noodles, Chicken","MamaOriental Style Instant Noodles, Chicken55 g",$0.69ea,,$1.25/ 100g,False
pantry,Robin Hood,Organic Coconut Flour,Robin HoodOrganic Coconut Flour500 g,$6.99ea,,$1.40/ 100g,False
pantry,PC Blue Menu,Banana Nut Omega 3 Granola Boost Cereal,PC Blue MenuBanana Nut Omega 3 Granola Boost Cereal325 g,$3.49ea,,$1.07/ 100g,False
pantry,Tilda,Wholegrain Basmati Rice,TildaWholegrain Basmati Rice1.81 kg,$11.99ea,,$0.66/ 100g,False
pantry,No Name,Capers,No NameCapers100 ml,$3.29ea,,$3.29/ 100ml,False
pantry,Cool Runnings,Chicken Seasoning,Cool RunningsChicken Seasoning850 g,$6.19ea,,$0.73/ 100g,False
pantry,Campbell's,Franco American Mushroom Gravy,Campbell'sFranco American Mushroom Gravy284 ml,$1.99ea,,$0.70/ 100ml,False
pantry,President's Choice,Tomatoes First Original Tomato Sauce,President's ChoiceTomatoes First Original Tomato Sauce680 ml,$2.99ea,,$0.44/ 100ml,False
pantry,Del Monte,Very Cherry,Del MonteVery Cherry796 ml,$4.99ea,,$0.63/ 100ml,False
pantry,Suraj,Paprika,SurajPaprika400 g,$4.99ea,,$1.25/ 100g,False
pantry,No Name,Beef Bouillon Concentrate,No NameBeef Bouillon Concentrate250 ml,$4.99ea,,$2.00/ 100ml,False
pantry,Asif,Asian Dragon Sweet Rice,AsifAsian Dragon Sweet Rice2 kg,$9.99ea,,$0.44/ 100g,False
pantry,Basse,Bassé Island Mix,BasseBassé Island Mix415 g,$6.99ea,$6.49ea,$1.56/ 100g,True
pantry,Mutti,Finely Chopped Tomatoes    ,MuttiFinely Chopped Tomatoes    400 g,$3.29ea,$2.99ea,$0.75/ 100g,True
pantry,No Name,Sweet Gherkin Pickles,No NameSweet Gherkin Pickles1 l,$6.99ea,,$0.70/ 100ml,False
pantry,Diana,Sauce Honey Garlic,DianaSauce Honey Garlic500 ml,$4.49ea,,$0.90/ 100ml,False
pantry,Jif,Crunchy Peanut Butter,JifCrunchy Peanut Butter1 kg,$7.49ea,$5.99ea,$0.60/ 100g,True
pantry,No Name,Large Marshmallows,No NameLarge Marshmallows400 g,$3.49ea,,$0.87/ 100g,False
pantry,President's Choice,Cranberry Almond Crunch,President's ChoiceCranberry Almond Crunch475 g,$5.99ea,,$1.26/ 100g,False
pantry,Betty Crocker,Gluten Free Devil's Food Cake Mix,Betty CrockerGluten Free Devil's Food Cake Mix425 g,$7.99ea,,$1.88/ 100g,False
pantry,Quaker,One Minute Oats,QuakerOne Minute Oats900 g,$5.99ea,$4.00ea,$0.44/ 100g,True
pantry,No Name,Long Grain Parboiled Rice,No NameLong Grain Parboiled Rice8 kg,$14.49ea,,$0.18/ 100g,False
pantry,No Name,Seasoned Stuffing Mix,No NameSeasoned Stuffing Mix120 g,$1.79ea,,$1.49/ 100g,False
pantry,No Name,Graham Cracker Pie Crust,No NameGraham Cracker Pie Crust170 g,$1.99ea,,$1.17/ 100g,False
pantry,No Name,Stuffed Manzanilla Olives With Pimento Paste,No NameStuffed Manzanilla Olives With Pimento Paste375 ml,$1.99ea,,$0.53/ 100ml,False
pantry,Bens,Jasmine Rice,BensJasmine Rice1.6 kg,$13.99ea,,$0.87/ 100g,False
pantry,Bens,Quick Cook Perfection,BensQuick Cook Perfection1.6 kg,$10.49ea,,$0.66/ 100g,False
pantry,President's Choice,Memories of Seoul Gochujang Chili Sauce,President's ChoiceMemories of Seoul Gochujang Chili Sauce350 ml,$4.99ea,,$1.43/ 100ml,False
pantry,Unico,Long Grain Rice,UnicoLong Grain Rice750 g,$2.99ea,,$0.40/ 100g,False
pantry,PC Blue Menu,Five-Bean Medley ,PC Blue MenuFive-Bean Medley 900 g,$3.49ea,,$0.39/ 100g,False
pantry,Quaker,Regular Family Size Instant Oatmeal,QuakerRegular Family Size Instant Oatmeal504 g,$7.99ea,$6.99ea,$1.39/ 100g,True
pantry,Jell-O,Fat Free Vanilla Instant Pudding Mix,Jell-OFat Free Vanilla Instant Pudding Mix30 g,$2.29ea,,$7.63/ 100g,False
pantry,Jell-O,Fat Free White Chocolate Instant Pudding Mix,Jell-OFat Free White Chocolate Instant Pudding Mix32 g,$2.29ea,,$7.16/ 100g,False
pantry,VH,Soy Sauce Lite,VHSoy Sauce Lite380 ml,$4.99ea,,$1.31/ 100ml,False
pantry,Clic,Quinoa Grains Box,ClicQuinoa Grains Box500 g,$8.49ea,,$1.70/ 100g,False
pantry,No Name,Apple Cider Vinegar,No NameApple Cider Vinegar4 l,$6.49ea,,$0.16/ 100ml,False
pantry,President's Choice,Horseradish Dijon Mustard,President's ChoiceHorseradish Dijon Mustard325 ml,$3.29ea,,$1.01/ 100ml,False
pantry,Del Monte,Peach Slices in Fruit Juice From Concentrate,Del MontePeach Slices in Fruit Juice From Concentrate796 ml,$4.99ea,,$0.63/ 100ml,False
pantry,Post,Honey Cereal,PostHoney Cereal440 g,$5.49ea,,$1.25/ 100g,False
pantry,Tamam,Tahini Small     ,TamamTahini Small     454 g,$5.19ea,$4.99ea,$1.10/ 100g,True
pantry,VH,Soya Sauce,VHSoya Sauce380 ml,$4.99ea,,$1.31/ 100ml,False
pantry,Club House,"Pork Gravy Mix, Gluten-Free","Club HousePork Gravy Mix, Gluten-Free24 g",$2.49ea,,$10.37/ 100g,False
pantry,PC Blue Menu,Black Beans,PC Blue MenuBlack Beans540 ml,$1.89ea,,$0.35/ 100ml,False
pantry,Kraft,Only Peanuts All Natural Smooth Peanut Butter,KraftOnly Peanuts All Natural Smooth Peanut Butter750 g,$7.49ea,,$1.00/ 100g,False
pantry,Classico,Di Lombardia Rosée Pasta Sauce,ClassicoDi Lombardia Rosée Pasta Sauce410 ml,$4.99ea,,$1.22/ 100ml,False
pantry,Bens,Wholegrain Brown Rice 10 Minute,BensWholegrain Brown Rice 10 Minute1.4 kg,$10.49ea,,$0.75/ 100g,False
pantry,Dole,Fruit Cocktail With Extra Cherries In Water,DoleFruit Cocktail With Extra Cherries In Water540 ml,$3.99ea,,$0.74/ 100ml,False
pantry,Club House,Chicken Parmesan Seasoning Mix,Club HouseChicken Parmesan Seasoning Mix32 g,$2.49ea,,$7.78/ 100g,False
pantry,Cucina Antica,"Pasta Sauce, Garlic Marinara","Cucina AnticaPasta Sauce, Garlic Marinara670 ml",$10.99ea,,$1.64/ 100ml,False
pantry,No Name,Diced Tomatoes with Herbs and Spices,No NameDiced Tomatoes with Herbs and Spices796 ml,$1.49ea,,$0.19/ 100ml,False
pantry,Green Giant,"Corn Niblets, Whole Kernel","Green GiantCorn Niblets, Whole Kernel341 ml",$1.99ea,,$0.58/ 100ml,False
pantry,Colavita,"Oils, Extra Virgin Olive Oil, Mediterranean","ColavitaOils, Extra Virgin Olive Oil, Mediterranean750 ml",$16.99ea,,$2.27/ 100ml,False
pantry,Campbell's,Franco American Turkey Gravy,Campbell'sFranco American Turkey Gravy284 ml,$1.99ea,,$0.70/ 100ml,False
pantry,Swiss Chalet,Dipping Sauce Mix,Swiss ChaletDipping Sauce Mix36 g,$2.79ea,,$7.75/ 100g,False
pantry,No Name,Sliced Manzanilla Olives,No NameSliced Manzanilla Olives375 ml,$1.99ea,,$0.53/ 100ml,False
pantry,ED Smith,Cherry Pie Filling,ED SmithCherry Pie Filling540 ml,$7.49ea,,$1.39/ 100ml,False
pantry,President's Choice,Korma Cooking Sauce,President's ChoiceKorma Cooking Sauce400 ml,$4.29ea,,$1.07/ 100ml,False
pantry,Stefano Faita,Tomato Sauce Tomato Basil 648 ml,Stefano FaitaTomato Sauce Tomato Basil 648 ml648 ml,$7.29ea,,$1.13/ 100ml,False
pantry,Bens,Roasted Chicken Flavour & Wild Rice,BensRoasted Chicken Flavour & Wild Rice365 g,$5.49ea,,$1.50/ 100g,False
pantry,Suraj,Brown Basmati Rice,SurajBrown Basmati Rice1.81 kg,$6.99ea,,$0.39/ 100g,False
pantry,Stock and Barrel,Dried Apricots,Stock and BarrelDried Apricots250 g,$8.99ea,,$3.60/ 100g,False
pantry,President's Choice,Plant Based Pea Crumbs,President's ChoicePlant Based Pea Crumbs250 g,$2.99ea,,$1.20/ 100g,False
pantry,Quaker,High Protein Triple Berry Flavour Instant Oatmeal,QuakerHigh Protein Triple Berry Flavour Instant Oatmeal228 g,$6.49ea,,$2.85/ 100g,False
pantry,Post,Chips Ahoy,PostChips Ahoy340 g,$5.49ea,,$1.61/ 100g,False
pantry,Unico,"Queen Olives, Stuffed","UnicoQueen Olives, Stuffed375 ml",$3.99ea,,$1.06/ 100ml,False
pantry,No Name,Broken Mandarin Orange Segments in Light Syrup,No NameBroken Mandarin Orange Segments in Light Syrup284 ml,$1.29ea,,$0.45/ 100ml,False
pantry,Classico,Sweet Basil Marinara Spaghetti Pasta Sauce,ClassicoSweet Basil Marinara Spaghetti Pasta Sauce650 ml,$4.99ea,,$0.77/ 100ml,False
pantry,Betty Crocker,Frost Deluxe Whipped Milk Chocolate,Betty CrockerFrost Deluxe Whipped Milk Chocolate340 g,$3.29ea,,$0.97/ 100g,False
pantry,President's Choice,White Cheddar Deluxe Macaroni & Cheese Dinner,President's ChoiceWhite Cheddar Deluxe Macaroni & Cheese Dinner200 g,$2.49ea,,$1.25/ 100g,False
pantry,PC Blue Menu,Yellow Split Peas,PC Blue MenuYellow Split Peas900 g,$3.49ea,,$0.39/ 100g,False
pantry,Rooster,Thai Hom Mali Brown Jasmine Rice,RoosterThai Hom Mali Brown Jasmine Rice4.54 kg,$13.99ea,,$0.31/ 100g,False
pantry,VH,Honey Sriracha Hot,VHHoney Sriracha Hot341 ml,$4.99ea,,$1.46/ 100ml,False
pantry,Dainty,Rice Basmati Format Maxi,DaintyRice Basmati Format Maxi1.6 kg,$14.99ea,,$0.94/ 100g,False
pantry,Suraj,Almond Oil,SurajAlmond Oil237 ml,$5.49ea,,$2.32/ 100ml,False
pantry,Heinz,Original 57 Sauce,HeinzOriginal 57 Sauce500 ml,$6.49ea,,$1.30/ 100ml,False
pantry,Nupak,Green Split Peas,NupakGreen Split Peas900 g,$3.79ea,,$0.42/ 100g,False
pantry,Betty Crocker,"Mashed Potatoes, Homestyle","Betty CrockerMashed Potatoes, Homestyle180 g",$2.99ea,,$1.66/ 100g,False
pantry,Kraft,Dinner Jalapeno Macaroni & Cheese Snack Cup,KraftDinner Jalapeno Macaroni & Cheese Snack Cup58 g,$2.79ea,,$4.81/ 100g,False
pantry,Five Roses,Never Bleached All Purpose Flour,Five RosesNever Bleached All Purpose Flour2.5 kg,$7.99ea,,$0.32/ 100g,False
pantry,Lee Kum Kee,Hot Chili Oil,Lee Kum KeeHot Chili Oil207 ml,$4.29ea,,$2.07/ 100ml,False
pantry,Kraft,Russian Salad Dressing,KraftRussian Salad Dressing475 ml,$4.49ea,,$0.95/ 100ml,False
pantry,No Name,Unsweetened Fine Coconut,No NameUnsweetened Fine Coconut200 g,$2.29ea,,$1.15/ 100g,False
pantry,Kosa, Glutinous Rice Flour,Kosa Glutinous Rice Flour400 g,$1.59ea,,$0.40/ 100g,False
pantry,Classico,Bolognese Spaghetti Pasta Sauce,ClassicoBolognese Spaghetti Pasta Sauce650 ml,$4.99ea,,$0.77/ 100ml,False
pantry,President's Choice,Quinoa,President's ChoiceQuinoa1.8 kg,$14.49ea,,$0.81/ 100g,False
pantry,Royal Nuts,"Dry Roasted Mixed Nuts, Unsalted    ","Royal NutsDry Roasted Mixed Nuts, Unsalted    325 g",$13.99ea,,$4.30/ 100g,False
pantry,,Jinmailang Long Xu Noodle,Jinmailang Long Xu Noodle1 kg,$2.99ea,$2.49ea,$0.25/ 100g,True
pantry,PC Black Label,Wildflower Honey with Turkish Walnuts,PC Black LabelWildflower Honey with Turkish Walnuts250 g,$5.99ea,,$2.40/ 100g,False
pantry,Jet-Puffed, Marshmallow Creme,Jet-Puffed Marshmallow Creme198 g,$3.99ea,,$2.02/ 100g,False
pantry,Colavita,Balsamic Vinegar of Modena,ColavitaBalsamic Vinegar of Modena500 ml,$6.49ea,,$1.30/ 100ml,False
pantry,No Name,Mushrooms Pieces & Stems,No NameMushrooms Pieces & Stems284 ml,$1.39ea,$1.29ea,$0.45/ 100ml,True
pantry,Gelda,Noor Basmati Rice,GeldaNoor Basmati Rice4.54 kg,$13.99ea,,$0.31/ 100g,False
pantry,Fry's Cocoa,Premium Cocoa,Fry's CocoaPremium Cocoa227 g,$4.99ea,,$2.20/ 100g,False
pantry,Heiwa,Roasted Black Sesame Seeds,HeiwaRoasted Black Sesame Seeds227 g,$5.79ea,,$2.55/ 100g,False
pantry,No Name,"Peanut Butter, Smooth Light","No NamePeanut Butter, Smooth Light500 g",$3.49ea,,$0.70/ 100g,False
pantry,Unico,"Olives, Medium, Ripe, Pitted","UnicoOlives, Medium, Ripe, Pitted375 ml",$3.69ea,,$0.98/ 100ml,False
pantry,Organico Bello,OB Spicy Marinara,Organico BelloOB Spicy Marinara685 ml,$10.99ea,,$1.60/ 100ml,False
pantry,Heiwa,Japanese Bread Crumbs    ,HeiwaJapanese Bread Crumbs    227 g,$2.99ea,,$1.32/ 100g,False
pantry,Betty Crocker,Creamy Scalloped Potatoes,Betty CrockerCreamy Scalloped Potatoes141 g,$2.99ea,,$2.12/ 100g,False
pantry,Bens,Garden Vegetable Style Rice,BensGarden Vegetable Style Rice132 g,$2.99ea,,$2.27/ 100g,False
pantry,President's Choice,Instant Oatmeal Variety Pack,President's ChoiceInstant Oatmeal Variety Pack380 g,$4.19ea,,$1.10/ 100g,False
pantry,PC Blue Menu,Green Lentils,PC Blue MenuGreen Lentils900 g,$3.49ea,,$0.39/ 100g,False
pantry,Tilda,Pure Original Basmati Rice,TildaPure Original Basmati Rice907 g,$6.99ea,,$0.77/ 100g,False
pantry,Jell-O,"Orange Jelly Powder Light, Gelatin Mix","Jell-OOrange Jelly Powder Light, Gelatin Mix10.2 g",$1.49ea,,$14.61/ 100g,False
pantry,No Name,Sliced Blanched Almonds Club Size,No NameSliced Blanched Almonds Club Size1 kg,$19.49ea,,$1.95/ 100g,False
pantry,Quaker,High Fibre Wild Berry Medley Instant Oatmeal,QuakerHigh Fibre Wild Berry Medley Instant Oatmeal300 g,$6.49ea,,$2.16/ 100g,False
pantry,Wilton,Fondant Primary Colours Multipack,WiltonFondant Primary Colours Multipack499 g,$14.99ea,,$3.00/ 100g,False
pantry,Wilton,"Basic Decorating Tip Set, 4-Piece","WiltonBasic Decorating Tip Set, 4-Piece4 ea",$14.79ea,,$3.70/ 1ea,False
pantry,Club House,Signature Blends Cajun One Step Seasoning,Club HouseSignature Blends Cajun One Step Seasoning560 g,$14.49ea,,$2.59/ 100g,False
pantry,Nupak,Long Grain White Rice,NupakLong Grain White Rice2 kg,$5.49ea,,$0.27/ 100g,False
pantry,Jack Daniels,Sweet & Spicy Bbq Sauce,Jack DanielsSweet & Spicy Bbq Sauce473 ml,$7.49ea,,$1.58/ 100ml,False
pantry,Duncan Hines,Epic Cookie Kit Cookies & Cream Flavoured,Duncan HinesEpic Cookie Kit Cookies & Cream Flavoured625 g,$7.99ea,,$1.28/ 100g,False
pantry,President's Choice,Refrigerated Apple Cider Vinaigrette,President's ChoiceRefrigerated Apple Cider Vinaigrette350 ml,$4.99ea,,$1.43/ 100ml,False
pantry,David Rocco,Pasta Sauce Pomodoro & Basilico,David RoccoPasta Sauce Pomodoro & Basilico650 ml,$9.99ea,$8.99ea,$1.38/ 100ml,True
pantry,Haldiram,Minute Khana Dal Tadka Mild,HaldiramMinute Khana Dal Tadka Mild300 g,$3.29ea,,$1.10/ 100g,False
pantry,Le Grec,Creamy Dressing Cucumber,Le GrecCreamy Dressing Cucumber350 ml,$4.99ea,,$1.43/ 100ml,False
pantry,Jus' Better,Gummy Bears,Jus' BetterGummy Bears550 g,$4.99ea,,$0.91/ 100g,False
pantry,Kraft,Miracle Whip Original Spread,KraftMiracle Whip Original Spread475 ml,$5.79ea,,$1.22/ 100ml,False
pantry,President's Choice,Chimichurri Spread And Dip,President's ChoiceChimichurri Spread And Dip300 ml,$4.99ea,,$1.66/ 100ml,False
pantry,Macarico,Piri Piri Hot Sauce,MacaricoPiri Piri Hot Sauce200 g,$3.99ea,,$2.00/ 100g,False
pantry,President's Choice,Peach Chutney,President's ChoicePeach Chutney250 ml,$4.29ea,,$1.72/ 100ml,False
pantry,S&F,Acacia Honey,S&FAcacia Honey500 ml,$10.99ea,,$2.20/ 100ml,False
pantry,Basse,Bassé Peanut Lover's Mix,BasseBassé Peanut Lover's Mix600 g,$6.99ea,$6.49ea,$1.08/ 100g,True
pantry,Bens,Garlic & Butter Flavour Rice,BensGarlic & Butter Flavour Rice397 g,$5.49ea,,$1.38/ 100g,False
pantry,Stefano Faita,Tomato Sauce Meat Sauce,Stefano FaitaTomato Sauce Meat Sauce635 ml,$7.29ea,,$1.15/ 100ml,False
pantry,Bens,Mexican Style Rice,BensMexican Style Rice397 g,$5.49ea,,$1.38/ 100g,False
pantry,Heinz,Deep-Browned Beans with Pork & Molasses,HeinzDeep-Browned Beans with Pork & Molasses398 ml,$2.79ea,,$0.70/ 100ml,False
pantry,Kraft,Rancher's Choice Dressing,KraftRancher's Choice Dressing475 ml,$4.49ea,,$0.95/ 100ml,False
pantry,Bens,Tomato & Basil Flavour Rice,BensTomato & Basil Flavour Rice397 g,$5.49ea,,$1.38/ 100g,False
pantry,Knorr,Sidekicks Garlic Parmesan Rice & Vermicelli Side Dish ,KnorrSidekicks Garlic Parmesan Rice & Vermicelli Side Dish 147 g,$2.79ea,,$1.90/ 100g,False
pantry,No Name,Mushrooms Pieces & Stems,No NameMushrooms Pieces & Stems284 ml,$1.39ea,$1.29ea,$0.45/ 100ml,True
pantry,Gelda,Noor Basmati Rice,GeldaNoor Basmati Rice4.54 kg,$13.99ea,,$0.31/ 100g,False
pantry,Fry's Cocoa,Premium Cocoa,Fry's CocoaPremium Cocoa227 g,$4.99ea,,$2.20/ 100g,False
pantry,Heiwa,Roasted Black Sesame Seeds,HeiwaRoasted Black Sesame Seeds227 g,$5.79ea,,$2.55/ 100g,False
pantry,No Name,"Peanut Butter, Smooth Light","No NamePeanut Butter, Smooth Light500 g",$3.49ea,,$0.70/ 100g,False
pantry,Unico,"Olives, Medium, Ripe, Pitted","UnicoOlives, Medium, Ripe, Pitted375 ml",$3.69ea,,$0.98/ 100ml,False
pantry,Organico Bello,OB Spicy Marinara,Organico BelloOB Spicy Marinara685 ml,$10.99ea,,$1.60/ 100ml,False
pantry,Heiwa,Japanese Bread Crumbs    ,HeiwaJapanese Bread Crumbs    227 g,$2.99ea,,$1.32/ 100g,False
pantry,Farkay,"Noodles, Steam Fried","FarkayNoodles, Steam Fried397 g",$4.29ea,,$1.08/ 100g,False
pantry,Pan,Pre-Cooked Yellow Corn Meal,PanPre-Cooked Yellow Corn Meal1 kg,$3.39ea,,$0.34/ 100g,False
pantry,Grace,Chopped In Salt Water Callaloo,GraceChopped In Salt Water Callaloo540 ml,$2.99ea,,$0.55/ 100ml,False
pantry,Kokuho,Premium Rice,KokuhoPremium Rice2.26 kg,$13.99ea,,$0.62/ 100g,False
pantry,President's Choice,Whole Grain Instant Brown Rice,President's ChoiceWhole Grain Instant Brown Rice1.2 kg,$9.49ea,,$0.79/ 100g,False
pantry,VH,Stir-Fry Sauce -  Orange Ginger,VHStir-Fry Sauce -  Orange Ginger355 ml,$4.99ea,,$1.41/ 100ml,False
pantry,No Name,Yellow Mustard,No NameYellow Mustard400 ml,$2.49ea,,$0.62/ 100ml,False
pantry,Dole,Mandarin Oranges In Water,DoleMandarin Oranges In Water540 ml,$3.99ea,,$0.74/ 100ml,False
pantry,Primo,"Pasta Sauce, Thick & Zesty Original","PrimoPasta Sauce, Thick & Zesty Original680 ml",$4.49ea,,$0.66/ 100ml,False
pantry,Betty Crocker,Tuna Helper-Au Gratin - Pasta Kit,Betty CrockerTuna Helper-Au Gratin - Pasta Kit206 g,$3.19ea,,$1.55/ 100g,False
pantry,Robin Hood,Unbleached All Purpose Flour,Robin HoodUnbleached All Purpose Flour2.5 kg,$7.99ea,,$0.32/ 100g,False
pantry,President's Choice,Roasted Red Pepper Pasta Sauce,President's ChoiceRoasted Red Pepper Pasta Sauce650 ml,$3.99ea,,$0.61/ 100ml,False
pantry,Kraft,Spread Hazelnut with Cocoa 45% Less Sugar ,KraftSpread Hazelnut with Cocoa 45% Less Sugar 725 g,$7.49ea,,$1.03/ 100g,False
pantry,Cake Mate,"Décors, Imitation Chocolate","Cake MateDécors, Imitation Chocolate113 g",$3.29ea,,$2.91/ 100g,False
pantry,H and H,Coconut,H and HCoconut500 g,$10.99ea,,$2.20/ 100g,False
pantry,A Taste of Thai,Lite Coconut Milk,A Taste of ThaiLite Coconut Milk398 ml,$4.29ea,,$1.08/ 100ml,False
pantry,Peace River Honey,Pineapple Jalapeno Honey,Peace River HoneyPineapple Jalapeno Honey375 g,$10.99ea,$8.99ea,$2.40/ 100g,True
pantry,No Name,Long Grain White Rice,No NameLong Grain White Rice900 g,$4.49ea,,$0.50/ 100g,False
pantry,Frontera,Original Guacamole Mix    ,FronteraOriginal Guacamole Mix    127 g,$4.89ea,,$3.98/ 100ml,False
pantry,Wilton,Tall Gold Birthday Candles,WiltonTall Gold Birthday Candles12 ea,$2.99ea,,$0.25/ 1ea,False
pantry,Gefen,"Ramen Noodles, Chicken","GefenRamen Noodles, Chicken85 g",$0.89ea,,$1.05/ 100g,False
pantry,Stock and Barrel,Sultana Raisins,Stock and BarrelSultana Raisins325 g,$5.99ea,,$1.84/ 100g,False
pantry,General Mills,Oats and Dark Chocolate Protein Bar,General MillsOats and Dark Chocolate Protein Bar311.84 g,$5.49ea,,$1.76/ 100g,False
pantry,,Golden Phoenix Thai Jasmine Rice,Golden Phoenix Thai Jasmine Rice8 kg,$27.99ea,,$0.34/ 100g,False
pantry,Club House,"Seasoning, Cajun","Club HouseSeasoning, Cajun675 g",$13.99ea,,$2.07/ 100g,False
pantry,No Name,Sliced Blanched Almonds Club Size,No NameSliced Blanched Almonds Club Size1 kg,$19.49ea,,$1.95/ 100g,False
pantry,Quaker,High Fibre Wild Berry Medley Instant Oatmeal,QuakerHigh Fibre Wild Berry Medley Instant Oatmeal300 g,$6.49ea,,$2.16/ 100g,False
pantry,Wilton,Fondant Primary Colours Multipack,WiltonFondant Primary Colours Multipack499 g,$14.99ea,,$3.00/ 100g,False
pantry,Duncan Hines,Epic Cookie Kit Cookie Dough,Duncan HinesEpic Cookie Kit Cookie Dough629 g,$7.99ea,,$1.27/ 100g,False
pantry,President's Choice,Raw Sunflower Seeds,President's ChoiceRaw Sunflower Seeds350 g,$2.99ea,,$0.85/ 100g,False
pantry,Wilton,"Basic Decorating Tip Set, 4-Piece","WiltonBasic Decorating Tip Set, 4-Piece4 ea",$14.79ea,,$3.70/ 1ea,False
pantry,Club House,Signature Blends Cajun One Step Seasoning,Club HouseSignature Blends Cajun One Step Seasoning560 g,$14.49ea,,$2.59/ 100g,False
pantry,Nupak,Long Grain White Rice,NupakLong Grain White Rice2 kg,$5.49ea,,$0.27/ 100g,False
pantry,Jack Daniels,Sweet & Spicy Bbq Sauce,Jack DanielsSweet & Spicy Bbq Sauce473 ml,$7.49ea,,$1.58/ 100ml,False
pantry,Tamam,Green Lentils,TamamGreen Lentils540 ml,$1.29ea,,$0.24/ 100ml,False
pantry,Pepper North,Hot Sauce Momento De Muerte Extra Hot,Pepper NorthHot Sauce Momento De Muerte Extra Hot148 ml,$8.99ea,,$6.07/ 100ml,False
pantry,President's Choice,Pitted California Dates,President's ChoicePitted California Dates200 g,$4.29ea,,$2.15/ 100g,False
pantry,President's Choice,Orchard Dried Fruit Blend,President's ChoiceOrchard Dried Fruit Blend700 g,$17.99ea,,$2.57/ 100g,False
pantry,Clic,"Red Beans, Small","ClicRed Beans, Small907 g",$3.99ea,,$0.44/ 100g,False
pantry,Nature's Nuts,Cranberry Trail Mix,Nature's NutsCranberry Trail Mix500 g,$9.99ea,,$2.00/ 100g,False
pantry,President's Choice,Chimichurri Spread And Dip,President's ChoiceChimichurri Spread And Dip300 ml,$4.99ea,,$1.66/ 100ml,False
pantry,Altra Food,Ferencz's Mama Farfel,Altra FoodFerencz's Mama Farfel225 g,$2.29ea,,$1.02/ 100g,False
pantry,Thai Kitchen,Yellow Curry Paste,Thai KitchenYellow Curry Paste112 g,$5.99ea,,$5.35/ 100g,False
pantry,Hunt's,Tomato Sauce,Hunt'sTomato Sauce680 ml,$2.89ea,,$0.43/ 100ml,False
pantry,No Name,Rich & Chunky New England-Style Clam Chowder,No NameRich & Chunky New England-Style Clam Chowder540 ml,$2.79ea,$2.59ea,$0.48/ 100ml,True
pantry,MTR,Channa Masala,MTRChanna Masala300 g,$3.29ea,,$1.10/ 100g,False
pantry,BeeMaid,1 Canadian Pure Creamed Honey  ,BeeMaid1 Canadian Pure Creamed Honey  1 kg,$18.49ea,,$1.85/ 100g,False
pantry,Duncan Hines,Epic Cookie Kit Cookies & Cream Flavoured,Duncan HinesEpic Cookie Kit Cookies & Cream Flavoured625 g,$7.99ea,,$1.28/ 100g,False
pantry,President's Choice,Refrigerated Apple Cider Vinaigrette,President's ChoiceRefrigerated Apple Cider Vinaigrette350 ml,$4.99ea,,$1.43/ 100ml,False
pantry,Heinz,Tomato Ketchup Low Sodium,HeinzTomato Ketchup Low Sodium750 ml,$5.99ea,,$0.80/ 100ml,False
pantry,Suraj,Kalonji Seed ,SurajKalonji Seed 200 g,$2.49ea,,$1.25/ 100g,False
pantry,Freddo,Milk Chocolate Chips,FreddoMilk Chocolate Chips800 g,$12.99ea,,$1.62/ 100g,False
pantry,Stefano Faita,Sauce Rosée,Stefano FaitaSauce Rosée648 ml,$7.29ea,,$1.13/ 100ml,False
pantry,Jell-O,Cooked Vanilla Pudding & Pie Filling,Jell-OCooked Vanilla Pudding & Pie Filling135 g,$4.79ea,,$3.55/ 100g,False
pantry,Ocean's Halo,Sauce Authentica Arrabiata,Ocean's HaloSauce Authentica Arrabiata530 ml,$4.49ea,,$0.85/ 100ml,False
pantry,President's Choice,Roasted Garlic Olive Oil,President's ChoiceRoasted Garlic Olive Oil250 ml,$7.49ea,,$3.00/ 100ml,False
pantry,MDH,Chana Masala,MDHChana Masala100 g,$2.79ea,,$2.79/ 100g,False
pantry,Franks,Frank's RedHot Cayenne Pepper Sauce Original,FranksFrank's RedHot Cayenne Pepper Sauce Original148 ml,$4.49ea,,$3.03/ 100ml,False
pantry,Hunt's,"Tomato Sauce, Onion, Herbs & Spices","Hunt'sTomato Sauce, Onion, Herbs & Spices398 ml",$2.39ea,,$0.60/ 100ml,False
pantry,O Olive Oil,Vinegar California Fig Balsamic,O Olive OilVinegar California Fig Balsamic300 ml,$14.99ea,,$5.00/ 100ml,False
pantry,Mutti,Cherry Tomatoes Pasta Sauce,MuttiCherry Tomatoes Pasta Sauce398 ml,$4.29ea,,$1.08/ 100ml,False
pantry,Kitchens of India,Butter Chicken,Kitchens of IndiaButter Chicken335 ml,$5.29ea,,$1.58/ 100ml,False
pantry,Lidia's,Marinara,Lidia'sMarinara708 g,$10.99ea,,$1.55/ 100g,False
pantry,Silani,Date Syrup,SilaniDate Syrup900 g,$6.99ea,,$0.78/ 100g,False
pantry,Grace,Johnny Cake Mix,GraceJohnny Cake Mix270 g,$2.19ea,,$0.81/ 100g,False
pantry,Cake Mate,"Scribblers, Fashion Colours","Cake MateScribblers, Fashion Colours4x19.0 g",$5.99ea,,$7.88/ 100g,False
pantry,President's Choice,Kimchi,President's ChoiceKimchi400 g,$5.49ea,,$1.37/ 100g,False
pantry,Clic,Chick Peas Flour,ClicChick Peas Flour907 g,$4.39ea,,$0.48/ 100g,False
pantry,Century,Tuna Flakes in Calamansi,CenturyTuna Flakes in Calamansi180 g,$2.49ea,$1.99ea,$1.11/ 100g,True
pantry,Macarico,Piri Piri Hot Sauce,MacaricoPiri Piri Hot Sauce200 g,$3.99ea,,$2.00/ 100g,False
pantry,President's Choice,Peach Chutney,President's ChoicePeach Chutney250 ml,$4.29ea,,$1.72/ 100ml,False
pantry,S&F,Acacia Honey,S&FAcacia Honey500 ml,$10.99ea,,$2.20/ 100ml,False
pantry,President's Choice,Chocolate Hazelnut Spread,President's ChoiceChocolate Hazelnut Spread375 g,$3.79ea,,$1.01/ 100g,False
pantry,Kozlik's,"Canadian Mustard, Sweet & Smokey  ","Kozlik'sCanadian Mustard, Sweet & Smokey  250 ml",$6.49ea,,$2.60/ 100ml,False
pantry,Skinnygirl,Raspberry Vinaigrette,SkinnygirlRaspberry Vinaigrette237 ml,$3.99ea,,$1.68/ 100ml,False
pantry,T&T,10 Multigrain Rice,T&T10 Multigrain Rice1.5 kg,$8.99ea,$8.49ea,$0.57/ 100g,True
pantry,Unico,"Eggplants in Oil, Hot","UnicoEggplants in Oil, Hot375 ml",$4.89ea,,$1.30/ 100ml,False
pantry,Manny's,Corn Tortillas Soft Taco Size,Manny'sCorn Tortillas Soft Taco Size255 g,$3.79ea,,$1.49/ 100g,False
pantry,Hunt's,"Thick & Rich, Original Sauce","Hunt'sThick & Rich, Original Sauce680 ml",$2.89ea,,$0.43/ 100ml,False
pantry,Stock and Barrel,Mixed Nuts,Stock and BarrelMixed Nuts175 g,$8.99ea,,$5.14/ 100g,False
pantry,M'Lord,"Palm Hearts, Diced","M'LordPalm Hearts, Diced398 ml",$4.29ea,$3.69ea,$0.93/ 100ml,True
pantry,Haddar,Ground Black Pepper ,HaddarGround Black Pepper 37 g,$1.99ea,,$5.38/ 100g,False
pantry,PC Black Label,Farina For Pasta,PC Black LabelFarina For Pasta1 kg,$5.49ea,,$0.55/ 100g,False
pantry,Franks,Redhot Thick Sauce Garlic Parmesan,FranksRedhot Thick Sauce Garlic Parmesan354 ml,$5.29ea,,$1.49/ 100ml,False
pantry,Cock,Green Curry Paste,CockGreen Curry Paste400 g,$3.99ea,,$1.00/ 100g,False
pantry,Bertolli,Extra Light Taste Olive Oil,BertolliExtra Light Taste Olive Oil500 ml,$8.99ea,,$1.80/ 100ml,False
pantry,Tilda,"Steamed Basmati Rice, Wholegrain","TildaSteamed Basmati Rice, Wholegrain250 g",$3.89ea,,$1.56/ 100g,False
pantry,Wilton,Black Sparkle Gel,WiltonBlack Sparkle Gel99 g,$3.49ea,,$3.53/ 100g,False
pantry,Quaker,Quick Cook Steel Cut Oats,QuakerQuick Cook Steel Cut Oats709 g,$5.99ea,$4.00ea,$0.56/ 100g,True
pantry,Betty Crocker,Hamburger Helper Cheesy Shells,Betty CrockerHamburger Helper Cheesy Shells240 g,$3.19ea,,$1.33/ 100g,False
pantry,Nong Shim,Shin Brand Shin Big Bowl,Nong ShimShin Brand Shin Big Bowl114 g,$1.99ea,,$1.75/ 100g,False
pantry,Club House,"Slow Cooker Mix, Beef Stew","Club HouseSlow Cooker Mix, Beef Stew42 g",$2.49ea,,$5.93/ 100g,False
pantry,Ocean Spray,"Cranberry Sauce, Jellied","Ocean SprayCranberry Sauce, Jellied348 ml",$3.29ea,,$0.95/ 100ml,False
pantry,Garofalo,Fusilli Lunghi,GarofaloFusilli Lunghi500 g,$4.29ea,,$0.86/ 100g,False
pantry,Truvia, Calorie-Free Sweetener from the Stevia Leaf Spoonable Jar,Truvia Calorie-Free Sweetener from the Stevia Leaf Spoonable Jar270 g,$8.49ea,,$3.14/ 100g,False
pantry,Club House,One Step Seasonings Rotisserie Chicken,Club HouseOne Step Seasonings Rotisserie Chicken161 g,$7.49ea,,$4.65/ 100g,False
pantry,Dececco,Pasta Bucatini No. 15,DececcoPasta Bucatini No. 15450 g,$3.49ea,,$0.77/ 100g,False
pantry,,Bbq Flavored  Toasted Corn,Bbq Flavored  Toasted Corn,$2.11/125 g,,$1.69/ 100g,False
pantry,Molisana,Fusilli,MolisanaFusilli450 g,$3.29ea,,$0.73/ 100g,False
pantry,President's Choice,Pure Raspberry Jam,President's ChoicePure Raspberry Jam500 ml,$5.49ea,,$1.10/ 100ml,False
pantry,President's Choice,Dry Roasted Cashews with Sea Salt,President's ChoiceDry Roasted Cashews with Sea Salt680 g,$13.99ea,,$2.06/ 100g,False
pantry,Knorr,"Dry Soup Mix, Or Flavour Boost Cream Of Broccoli","KnorrDry Soup Mix, Or Flavour Boost Cream Of Broccoli52 g",$2.29ea,,$4.40/ 100g,False
pantry,Post,"Post, Spoon Size Shredded Wheat Original","PostPost, Spoon Size Shredded Wheat Original525 g",$5.49ea,,$1.05/ 100g,False
pantry,,Roasted Unsalted  Almonds,Roasted Unsalted  Almonds,$2.99/100 g,$2.89/100 g,$2.89/ 100g,True
pantry,Billy Bee,"Pure Natural Honey, Liquid White, Squeeze","Billy BeePure Natural Honey, Liquid White, Squeeze500 g",$11.49ea,,$2.30/ 100g,False
pantry,Lancia,Egg Noodles Broad,LanciaEgg Noodles Broad375 g,$3.79ea,,$1.01/ 100g,False
pantry,Delverde,Filing,DelverdeFiling450 g,$2.99ea,,$0.66/ 100g,False
pantry,Natursource,Weekend Tamari Snack Mix   ,NatursourceWeekend Tamari Snack Mix   550 g,$16.99ea,,$3.09/ 100g,False
pantry,No Yolks,Cholesterol-Free Egg White Noodles Fine,No YolksCholesterol-Free Egg White Noodles Fine340 g,$3.49ea,,$1.03/ 100g,False
pantry,Dececco,Pasta Pennoni No. 38,DececcoPasta Pennoni No. 38454 g,$3.49ea,,$0.77/ 100g,False
pantry,Basse,Bassé Mix Edamame Power,BasseBassé Mix Edamame Power440 g,$6.99ea,$6.49ea,$1.48/ 100g,True
pantry,President's Choice,Light Table Syrup,President's ChoiceLight Table Syrup750 ml,$5.49ea,,$0.73/ 100ml,False
pantry,Natursource,Crunchy Coconut,NatursourceCrunchy Coconut500 g,$16.99ea,,$3.40/ 100g,False
pantry,Kelloggs,Crispix Cereal,KelloggsCrispix Cereal350 g,$5.99ea,,$1.71/ 100g,False
pantry,Kraft,BBQ Sauce with Garlic,KraftBBQ Sauce with Garlic455 ml,$3.79ea,,$0.83/ 100ml,False
pantry,Fire In The Kitchen,Rib Rub Sauce,Fire In The KitchenRib Rub Sauce120 g,$10.99ea,,$9.16/ 100g,False
pantry,Heinz,Original Beans in Tomato Sauce,HeinzOriginal Beans in Tomato Sauce398 ml,$2.79ea,,$0.70/ 100ml,False
pantry,President's Choice,100% Pure Maple Syrup (Dark),President's Choice100% Pure Maple Syrup (Dark)375 ml,$11.99ea,,$3.20/ 100ml,False
pantry,Maple Leaf,Vienna Sausage by Maple Leaf,Maple LeafVienna Sausage by Maple Leaf113 g,$2.49ea,,$2.20/ 100g,False
pantry,General Mills,Cheerios Oat Crunch Cinnamon Cereal,General MillsCheerios Oat Crunch Cinnamon Cereal516 g,$5.99ea,,$1.16/ 100g,False
pantry,Club House,Minced Onion,Club HouseMinced Onion105 g,$6.99ea,,$6.66/ 100g,False
pantry,Vlasic,Pickles Dill,VlasicPickles Dill1 l,$4.99ea,,$0.50/ 100ml,False
pantry,No Name,Clingstone Peach Halves in Juice from Concentrate,No NameClingstone Peach Halves in Juice from Concentrate796 ml,$4.29ea,,$0.54/ 100ml,False
pantry,Baxters, Lentil & Smoked Bacon Soup,Baxters Lentil & Smoked Bacon Soup540 ml,$3.79ea,,$0.70/ 100ml,False
pantry,Tim Hortons,Cream of Broccoli Soup,Tim HortonsCream of Broccoli Soup540 ml,$4.49ea,,$0.83/ 100ml,False
pantry,Post,With Almonds Cereal,PostWith Almonds Cereal340 g,$5.49ea,,$1.61/ 100g,False
pantry,Clover Leaf,Wild Pacific Pink Salmon,Clover LeafWild Pacific Pink Salmon213 g,$4.79ea,,$2.25/ 100g,False
pantry,Stock and Barrel,"Cranberries, Dried","Stock and BarrelCranberries, Dried350 g",$8.99ea,,$2.57/ 100g,False
pantry,President's Choice,Asian Sesame Dressing,President's ChoiceAsian Sesame Dressing475 ml,$3.99ea,,$0.84/ 100ml,False
pantry,Old El Paso,Fajita Seasoning,Old El PasoFajita Seasoning24 g,$1.99ea,,$8.29/ 100g,False
pantry,Chef Boyardee,Beefaroni,Chef BoyardeeBeefaroni425 g,$2.49ea,,$0.59/ 100g,False
pantry,,Seasoning Steak,Seasoning Steak170 g,$7.49ea,,$4.41/ 100g,False
pantry,President's Choice,Caesar Dressing,President's ChoiceCaesar Dressing475 ml,$3.99ea,,$0.84/ 100ml,False
pantry,La Dee Da,Sweet Potato Minestrone,La Dee DaSweet Potato Minestrone475 ml,$6.99ea,$6.49ea,$1.37/ 100ml,True
pantry,President's Choice,Bay Leaves,President's ChoiceBay Leaves7 g,$6.49ea,,$92.71/ 100g,False
pantry,Jus' Better,Sour Coated Berries,Jus' BetterSour Coated Berries650 g,$4.99ea,,$0.77/ 100g,False
pantry,Campbell's,No Salt Added Chicken Broth,Campbell'sNo Salt Added Chicken Broth900 ml,$3.49ea,,$0.39/ 100ml,False
pantry,,Roasted Salted  Deluxe Mixed Nuts  40% Cashews,Roasted Salted  Deluxe Mixed Nuts  40% Cashews,$3.89/100 g,,$3.89/ 100g,False
pantry,Natursource,So Smart,NatursourceSo Smart550 g,$16.99ea,,$3.09/ 100g,False
pantry,No Name,Beef Flavour Instant Noodle Soup,No NameBeef Flavour Instant Noodle Soup85 g,$0.59ea,,$0.69/ 100g,False
pantry,Lepoque,Pure Maple Syrup,LepoquePure Maple Syrup540 ml,$13.99ea,,$2.59/ 100ml,False
pantry,No Name,Dehydrated Minced Onion,No NameDehydrated Minced Onion105 g,$3.99ea,,$3.80/ 100g,False
pantry,Palm,Corned Beef,PalmCorned Beef326 g,$5.99ea,,$1.84/ 100g,False
pantry,No Yolks,Extra Broad Cholesterol-Free Egg White Noodles,No YolksExtra Broad Cholesterol-Free Egg White Noodles340 g,$3.49ea,,$1.03/ 100g,False
pantry,Knorr,Stock Mix Vegetable,KnorrStock Mix Vegetable150 g,$4.79ea,$4.59ea,$3.06/ 100g,True
pantry,Renees,Mighty Caesar Salad Dressing,ReneesMighty Caesar Salad Dressing750 ml,$8.99ea,,$1.20/ 100ml,False
pantry,Dececco,Pasta Farfalline No. 95,DececcoPasta Farfalline No. 95454 g,$3.49ea,,$0.77/ 100g,False
pantry,Club House,La Grille Montreal Chicken Wet Rub,Club HouseLa Grille Montreal Chicken Wet Rub200 ml,$7.49ea,,$3.75/ 100ml,False
pantry,Casa Bonita,Roasted Jalapeño Salsa Mild,Casa BonitaRoasted Jalapeño Salsa Mild300 ml,$5.99ea,,$2.00/ 100ml,False
pantry,,Raw  Walnut Crumbs,Raw  Walnut Crumbs,$2.99/100 g,,$2.99/ 100g,False
pantry,,Roasted Unsalted  Sunflower Kernels,Roasted Unsalted  Sunflower Kernels,$1.29/100 g,,$1.29/ 100g,False
pantry,Quaker,Harvest Crunch Apple Crumble Granola Cereal,QuakerHarvest Crunch Apple Crumble Granola Cereal470 g,$6.99ea,,$1.49/ 100g,False
pantry,,Raw  Cashews,Raw  Cashews,$3.49/100 g,,$3.49/ 100g,False
pantry,President's Choice,Ramen Broth,President's ChoiceRamen Broth900 ml,$2.39ea,,$0.27/ 100ml,False
pantry,Catelli,"Whole Grains, Macaroni Pasta","CatelliWhole Grains, Macaroni Pasta375 g",$3.29ea,,$0.88/ 100g,False
pantry,Frontier Soup,Soup Mix Chicken Noodle,Frontier SoupSoup Mix Chicken Noodle127.5 g,$8.99ea,,$7.05/ 100g,False
pantry,General Mills,Reese Puffs Cereal,General MillsReese Puffs Cereal601 g,$5.99ea,,$1.00/ 100g,False
pantry,President's Choice,Mediterranean Sea Salts,President's ChoiceMediterranean Sea Salts360 g,$9.49ea,,$2.64/ 100g,False
pantry,Club House,"Signature Blends, Salt Free Garlic","Club HouseSignature Blends, Salt Free Garlic142 g",$7.49ea,,$5.27/ 100g,False
pantry,Flourish,Pancake & Waffle Mix Blueberry Keto,FlourishPancake & Waffle Mix Blueberry Keto283 g,$12.99ea,,$4.59/ 100g,False
pantry,Campbell's,Concentrated Vegetable Broth,Campbell'sConcentrated Vegetable Broth250 ml,$3.49ea,,$1.40/ 100ml,False
pantry,Old El Paso,Chili Seasoning Mix,Old El PasoChili Seasoning Mix24 g,$1.99ea,,$8.29/ 100g,False
pantry,Catelli,"Whole Grains, Penne Rigate Pasta","CatelliWhole Grains, Penne Rigate Pasta375 g",$3.29ea,,$0.88/ 100g,False
pantry,La Costena,Green Mexican Sauce,La CostenaGreen Mexican Sauce455 ml,$3.79ea,$3.49ea,$0.77/ 100ml,True
pantry,,Dark Chocolate  Yummies,Dark Chocolate  Yummies,$2.09/100 g,,$2.09/ 100g,False
pantry,Old El Paso,Tacos For 2 - Soft Taco Kit,Old El PasoTacos For 2 - Soft Taco Kit155 g,$3.99ea,,$2.57/ 100g,False
pantry,Mott's,"Fruitsations Apple Sauce, Original","Mott'sFruitsations Apple Sauce, Original620 ml",$3.19ea,,$0.51/ 100ml,False
pantry,President's Choice,Ground Ginger,President's ChoiceGround Ginger37 g,$6.49ea,,$17.54/ 100g,False
pantry,Dececco,Pasta Orecchiette No. 91,DececcoPasta Orecchiette No. 91454 g,$3.49ea,,$0.77/ 100g,False
pantry,McCormicks,"Cooking Stock, Beef","McCormicksCooking Stock, Beef946 ml",$3.79ea,,$0.40/ 100ml,False
pantry,President's Choice,Marjoram Leaves,President's ChoiceMarjoram Leaves11 g,$6.49ea,,$59.00/ 100g,False
pantry,General Mills,"Oatmeal Crisp Maple Nut Flavour Cereal, Family Size","General MillsOatmeal Crisp Maple Nut Flavour Cereal, Family Size619 g",$7.99ea,,$1.29/ 100g,False
pantry,Club House,"Signature Blends, Parmesan & Herbs","Club HouseSignature Blends, Parmesan & Herbs135 g",$7.49ea,,$5.55/ 100g,False
pantry,Mr Noodles,Instant Noodles Oriental Flavour,Mr NoodlesInstant Noodles Oriental Flavour85 g,$0.69ea,,$0.81/ 100g,False
pantry,President's Choice,Smoked Paprika,President's ChoiceSmoked Paprika41 g,$6.49ea,,$15.83/ 100g,False
pantry,Dececco,Pasta Cornetti No. 81,DececcoPasta Cornetti No. 81454 g,$3.49ea,,$0.77/ 100g,False
pantry,Knorr,Bouillon Cubes for Rich Deep Chicken Flavour Chicken,KnorrBouillon Cubes for Rich Deep Chicken Flavour Chicken69 g,$2.99ea,$2.79ea,$4.04/ 100g,True
pantry,Club House,"La Grille, No Salt Added Steak Spice Seasoning","Club HouseLa Grille, No Salt Added Steak Spice Seasoning130 g",$7.49ea,,$5.76/ 100g,False
pantry,Jell-O,"Raspberry Jelly Powder Light, Gelatin Mix","Jell-ORaspberry Jelly Powder Light, Gelatin Mix10 g",$1.49ea,,$14.90/ 100g,False
pantry,Flourish,Protein Pancake & Waffle Mix Chocolate,FlourishProtein Pancake & Waffle Mix Chocolate430 g,$9.49ea,,$2.21/ 100g,False
pantry,McCormicks,Dill Weed ,McCormicksDill Weed 14 g,$8.99ea,,$64.21/ 100g,False
pantry,Bar Harbor,Crab & Lobster Bisque,Bar HarborCrab & Lobster Bisque284 ml,$6.49ea,,$2.29/ 100ml,False
pantry,Rio Mare,Solid Light Tuna in Olive Oil with Italian Chilli,Rio MareSolid Light Tuna in Olive Oil with Italian Chilli3x80.0 g,$6.99ea,,$2.91/ 100g,False
pantry,Unico,"Sauce, Passata Cucina Fresca","UnicoSauce, Passata Cucina Fresca680 ml",$3.99ea,,$0.59/ 100ml,False
pantry,Fire In The Kitchen,Burger Batter,Fire In The KitchenBurger Batter120 g,$10.99ea,,$9.16/ 100g,False
pantry,Brunswick,"Seafood Snacks, Golden Smoked","BrunswickSeafood Snacks, Golden Smoked92 g",$2.29ea,,$2.49/ 100g,False
pantry,Jell-O,"Berry Blue Jelly Powder, Gelatin Mix","Jell-OBerry Blue Jelly Powder, Gelatin Mix85 g",$1.49ea,,$1.75/ 100g,False
pantry,Knorr,Concentrated Bouillon Vegetable No Preservatives,KnorrConcentrated Bouillon Vegetable No Preservatives250 ml,$7.29ea,,$2.92/ 100ml,False
pantry,PC Black Label,Fiorelli,PC Black LabelFiorelli500 g,$4.99ea,,$1.00/ 100g,False
pantry,Rogers,Demerara Brown Sugar,RogersDemerara Brown Sugar1 kg,$3.79ea,,$0.38/ 100g,False
pantry,Club House,"Signature Blends, Lemon and Herbs","Club HouseSignature Blends, Lemon and Herbs134 g",$7.49ea,,$5.59/ 100g,False
pantry,President's Choice,Whole Baby Clams,President's ChoiceWhole Baby Clams142 g,$3.49ea,,$1.23/ 100g,False
pantry,No Name,Spaghettini Pasta,No NameSpaghettini Pasta900 g,$2.49ea,,$0.28/ 100g,False
pantry,Catelli,"Gluten Free, Fusilli Pasta","CatelliGluten Free, Fusilli Pasta340 g",$3.49ea,,$1.03/ 100g,False
pantry,,Raw  Pumpkin Kernels,Raw  Pumpkin Kernels,$2.49/100 g,,$2.49/ 100g,False
pantry,Post,Honeycomb Cereal,PostHoneycomb Cereal400 g,$5.49ea,,$1.37/ 100g,False
pantry,President's Choice,Rainbow Peppercorn Blend,President's ChoiceRainbow Peppercorn Blend45 g,$5.49ea,,$12.20/ 100g,False
pantry,No Name,Minced Ginger,No NameMinced Ginger120 g,$3.99ea,,$3.33/ 100g,False
pantry,Mutti,Tomato & Basil    ,MuttiTomato & Basil    688 ml,$3.79ea,,$0.56/ 100ml,False
pantry,PC Black Label,Linguine,PC Black LabelLinguine500 g,$4.99ea,,$1.00/ 100g,False
pantry,Campbell's,Concentrated Beef Broth,Campbell'sConcentrated Beef Broth250 ml,$3.49ea,,$1.40/ 100ml,False
pantry,Italpasta,"Artisan Pasta, Penne Rigate","ItalpastaArtisan Pasta, Penne Rigate450 g",$2.29ea,,$0.51/ 100g,False
pantry,President's Choice,Dill Weed,President's ChoiceDill Weed21 g,$6.49ea,,$30.90/ 100g,False
pantry,PC Blue Menu,Whole Grain Spaghetti Pasta,PC Blue MenuWhole Grain Spaghetti Pasta375 g,$3.79ea,$1.29ea,$0.34/ 100g,True
pantry,Stock and Barrel,"Roasted Cashews, Salted    ","Stock and BarrelRoasted Cashews, Salted    350 g",$13.99ea,,$4.00/ 100g,False
pantry,President's Choice,Taco Seasoning Mix,President's ChoiceTaco Seasoning Mix24 g,$1.39ea,,$5.79/ 100g,False
pantry,No Name,Southern Fried-Style Coating Mix ,No NameSouthern Fried-Style Coating Mix 142 g,$2.49ea,,$1.75/ 100g,False
pantry,President's Choice,Crispy Jalapenos ,President's ChoiceCrispy Jalapenos 142 g,$4.99ea,,$3.51/ 100g,False
pantry,Catelli,"Gluten Free, Spaghetti Pasta","CatelliGluten Free, Spaghetti Pasta340 g",$3.49ea,,$1.03/ 100g,False
pantry,Splenda,Sugar Packets      ,SplendaSugar Packets      200 g,$11.99ea,,$6.00/ 100g,False
pantry,Catelli,"Smart Veggie, Spaghetti Pasta","CatelliSmart Veggie, Spaghetti Pasta340 g",$3.29ea,,$0.97/ 100g,False
pantry,Kelloggs,Corn Pops Cereal,KelloggsCorn Pops Cereal320 g,$5.99ea,,$1.87/ 100g,False
pantry,Catelli,"Whole Grains, Rotini Pasta","CatelliWhole Grains, Rotini Pasta375 g",$3.29ea,,$0.88/ 100g,False
pantry,Tostitos,Dip - Spinach 432g,TostitosDip - Spinach 432g432 g,$6.49ea,,$1.50/ 100g,False
pantry,PC Blue Menu,Fajita Seasoning Mix ,PC Blue MenuFajita Seasoning Mix 24 g,$1.39ea,,$5.79/ 100g,False
pantry,Stagg,Dynamite Hot Chili With Beans,StaggDynamite Hot Chili With Beans425 g,$4.29ea,,$1.01/ 100g,False
pantry,PC Black Label,Orecchiette,PC Black LabelOrecchiette500 g,$4.99ea,,$1.00/ 100g,False
pantry,Campbell's,Franco American Chicken Gravy,Campbell'sFranco American Chicken Gravy284 ml,$1.99ea,,$0.70/ 100ml,False
pantry,Knorr,Soup Mix Onion,KnorrSoup Mix Onion55 g,$2.29ea,,$4.16/ 100g,False
pantry,Molisana,Rigatoni,MolisanaRigatoni450 g,$3.29ea,,$0.73/ 100g,False
pantry,President's Choice,Celery Seeds,President's ChoiceCelery Seeds50 g,$6.49ea,,$12.98/ 100g,False
pantry,Catelli,"Smart, Spaghetti Pasta","CatelliSmart, Spaghetti Pasta375 g",$3.29ea,,$0.88/ 100g,False
pantry,Post,Tim Hortons Naturally Flavoured Cereal Apple Fritter,PostTim Hortons Naturally Flavoured Cereal Apple Fritter354 g,$5.49ea,,$1.55/ 100g,False
pantry,McCormicks,Ground Nutmeg ,McCormicksGround Nutmeg 37 g,$9.99ea,,$27.00/ 100g,False
pantry,KODIAK CAKES,"Power Cakes Flapjack & Waffle Mix, Chocolate Chip","KODIAK CAKESPower Cakes Flapjack & Waffle Mix, Chocolate Chip621 g",$6.99ea,,$1.13/ 100g,False
pantry,Campbell's,Beef with Vegetables & Barley,Campbell'sBeef with Vegetables & Barley284 ml,$2.99ea,,$1.05/ 100ml,False
pantry,President's Choice,Original Table Syrup,President's ChoiceOriginal Table Syrup750 ml,$5.49ea,,$0.73/ 100ml,False
pantry,President's Choice,Ranch Dressing,President's ChoiceRanch Dressing475 ml,$3.99ea,,$0.84/ 100ml,False
pantry,Maison Orphee,Vinaigrette Maple & Dijon,Maison OrpheeVinaigrette Maple & Dijon250 ml,$5.99ea,,$2.40/ 100ml,False
pantry,Frenchs,Bold & Spicy Deli Mustard,FrenchsBold & Spicy Deli Mustard325 ml,$3.49ea,,$1.07/ 100ml,False
pantry,President's Choice,Mild Curry Powder ,President's ChoiceMild Curry Powder 42 g,$6.49ea,,$15.45/ 100g,False
pantry,Club House,Smoked Paprika,Club HouseSmoked Paprika116 g,$8.99ea,,$7.75/ 100g,False
pantry,,Salted  Flax Corn Chips,Salted  Flax Corn Chips,$1.99/100 g,,$1.99/ 100g,False
pantry,,100% Pure Maple Syrup,100% Pure Maple Syrup1 l,$19.49ea,$16.99ea,$1.70/ 100ml,True
pantry,President's Choice,Guacamole Mix,President's ChoiceGuacamole Mix215 ml,$2.99ea,,$1.39/ 100ml,False
pantry,Palm,Corned Beef with Juices,PalmCorned Beef with Juices326 g,$5.99ea,,$1.84/ 100g,False
pantry,President's Choice,Unsalted Mixed Nuts,President's ChoiceUnsalted Mixed Nuts680 g,$13.99ea,,$2.06/ 100g,False
pantry,President's Choice,Hot Chili Flavoured Honey,President's ChoiceHot Chili Flavoured Honey250 g,$2.94ea,,$1.18/ 100g,False
pantry,Clover Leaf,"Solid Light Tuna, In Olive Oil","Clover LeafSolid Light Tuna, In Olive Oil85 g",$2.29ea,,$2.69/ 100g,False
pantry,Hellmanns,Mayonnaise Type Dressing Avocado Oil with a hint of Lime gluten free condiment 710 ml,HellmannsMayonnaise Type Dressing Avocado Oil with a hint of Lime gluten free condiment 710 ml710 ml,$7.99ea,,$1.13/ 100ml,False
pantry,President's Choice,Poultry Rub Seasoning,President's ChoicePoultry Rub Seasoning100 g,$5.49ea,,$5.49/ 100g,False
pantry,Knorr,Sidekicks Side Dishes Mexican Rice,KnorrSidekicks Side Dishes Mexican Rice133 g,$2.79ea,,$2.10/ 100g,False
pantry,Chef Woo,Roasted Chicken Ramen Cups,Chef WooRoasted Chicken Ramen Cups71 g,$2.49ea,,$3.51/ 100g,False
pantry,La Dee Da,Cauliflower Garlic Ginger Soup,La Dee DaCauliflower Garlic Ginger Soup475 ml,$6.99ea,$6.49ea,$1.37/ 100ml,True
pantry,Clover Leaf,Solid White Tuna Albacore in Water,Clover LeafSolid White Tuna Albacore in Water170 g,$3.49ea,,$2.05/ 100g,False
pantry,Kelloggs,Froot Loops Cereal,KelloggsFroot Loops Cereal345 g,$5.99ea,,$1.74/ 100g,False
pantry,Renees,Italian Spring Herb Vinaigrette Salad Dressing,ReneesItalian Spring Herb Vinaigrette Salad Dressing350 ml,$6.49ea,,$1.85/ 100ml,False
pantry,Vigo,Mexican Rice,VigoMexican Rice226 g,$4.49ea,,$1.99/ 100g,False
pantry,Campbell's,Herbed Chicken with Rice Ready to Serve Soup,Campbell'sHerbed Chicken with Rice Ready to Serve Soup515 ml,$3.00ea,$2.79ea,$0.54/ 100ml,True
pantry,Aurora,Tomato Puree,AuroraTomato Puree660 ml,$2.59ea,,$0.39/ 100ml,False
pantry,PC Black Label,Pure Almond Extract,PC Black LabelPure Almond Extract59 ml,$5.49ea,,$9.31/ 100ml,False
pantry,PC Black Label,Madagascar Bourbon Vanilla Bean Paste,PC Black LabelMadagascar Bourbon Vanilla Bean Paste118 g,$12.99ea,,$11.01/ 100g,False
pantry,No Name,Condensed Tomato Soup,No NameCondensed Tomato Soup284 ml,$1.19ea,,$0.42/ 100ml,False
pantry,No Name,Crushed Red Pepper,No NameCrushed Red Pepper350 g,$7.49ea,,$2.14/ 100g,False
pantry,No Name,Condensed Chicken Noodle Soup,No NameCondensed Chicken Noodle Soup284 ml,$1.19ea,,$0.42/ 100ml,False
pantry,Blue Dragon,Rice Noodles,Blue DragonRice Noodles300 g,$4.69ea,$4.19ea,$1.40/ 100g,True
pantry,President's Choice,Cinnamon Sugar ,President's ChoiceCinnamon Sugar 82 g,$6.49ea,,$7.91/ 100g,False
pantry,Delverde,Instant Lasagna,DelverdeInstant Lasagna500 g,$7.99ea,,$1.60/ 100g,False
pantry,KODIAK CAKES,"Power Cakes Flapjack & Waffle Mix, Buttermilk","KODIAK CAKESPower Cakes Flapjack & Waffle Mix, Buttermilk567 g",$6.99ea,,$1.23/ 100g,False
pantry,Mutti,Pizza Sauce,MuttiPizza Sauce398 ml,$3.99ea,,$1.00/ 100ml,False
pantry,Natursource,Worcestershire Almonds,NatursourceWorcestershire Almonds500 g,$16.99ea,,$3.40/ 100g,False
pantry,Betty Crocker,Bisquick Gluten Free Variety Baking Mix,Betty CrockerBisquick Gluten Free Variety Baking Mix454 g,$6.79ea,,$1.50/ 100g,False
pantry,President's Choice,Chunk Crabmeat,President's ChoiceChunk Crabmeat120 g,$6.99ea,,$5.83/ 100g,False
pantry,Caesarstea,Crystal Rock Sugar,CaesarsteaCrystal Rock Sugar375 g,$4.99ea,,$1.33/ 100g,False
pantry,President's Choice,Memories Of Sicilia Coarse Sea Salts,President's ChoiceMemories Of Sicilia Coarse Sea Salts750 g,$5.49ea,,$0.73/ 100g,False
pantry,McCormicks,"Kitchen Basics Cooking Stock, Chicken","McCormicksKitchen Basics Cooking Stock, Chicken946 ml",$3.79ea,,$0.40/ 100ml,False
pantry,Vlasic,"Kosher Dill Pickles, Whole","VlasicKosher Dill Pickles, Whole1 l",$4.99ea,,$0.50/ 100ml,False
pantry,Club House,Cayenne Pepper,Club HouseCayenne Pepper81 g,$8.49ea,,$10.48/ 100g,False
pantry,,Sweet  Peach Slices,Sweet  Peach Slices,$1.29/100 g,,$1.29/ 100g,False
pantry,Aurora,"Egg Pasta, Pappardelle","AuroraEgg Pasta, Pappardelle250 g",$3.49ea,,$1.40/ 100g,False
pantry,Catelli,"Gluten Free, Macaroni Pasta","CatelliGluten Free, Macaroni Pasta340 g",$3.49ea,,$1.03/ 100g,False
pantry,No Name,Onion Salt,No NameOnion Salt200 g,$3.99ea,,$2.00/ 100g,False
pantry,President's Choice,Penne Rigate Pasta,President's ChoicePenne Rigate Pasta454 g,$2.79ea,,$0.61/ 100g,False
pantry,Dececco,Pasta Rigatoni No. 24,DececcoPasta Rigatoni No. 24450 g,$3.49ea,,$0.77/ 100g,False
pantry,Campbell's,30% Less Sodium Roasted Garlic Chicken Broth,Campbell's30% Less Sodium Roasted Garlic Chicken Broth900 ml,$3.49ea,,$0.39/ 100ml,False
pantry,Catelli,"Spinach, Lasagna Pasta","CatelliSpinach, Lasagna Pasta375 g",$3.99ea,,$1.06/ 100g,False
pantry,Habitant,Chicken Soup with Egg Noodles,HabitantChicken Soup with Egg Noodles796 ml,$3.59ea,,$0.45/ 100ml,False
pantry,Swiss Chalet,Chicken Noodle  Soup,Swiss ChaletChicken Noodle  Soup540 ml,$3.99ea,$2.79ea,$0.52/ 100ml,True
pantry,McCormicks,Smoked Paprika ,McCormicksSmoked Paprika 40 g,$8.99ea,,$22.48/ 100g,False
pantry,Club House,All Purpose Seasoning Everything Bagel,Club HouseAll Purpose Seasoning Everything Bagel141 g,$7.49ea,,$5.31/ 100g,False
pantry,GoldSeal,Salmon Sockeye,GoldSealSalmon Sockeye213 g,$6.29ea,,$2.95/ 100g,False
pantry,President's Choice,Soft Taco Kit,President's ChoiceSoft Taco Kit427 g,$4.79ea,,$1.12/ 100g,False
pantry,Club House,"La Grille, Montreal Chicken Seasoning","Club HouseLa Grille, Montreal Chicken Seasoning170 g",$7.49ea,,$4.41/ 100g,False
pantry,President's Choice,Plant Based Beefless Broth,President's ChoicePlant Based Beefless Broth1 l,$2.99ea,,$0.30/ 100ml,False
pantry,President's Choice,Blue Cheese Dressing,President's ChoiceBlue Cheese Dressing355 ml,$4.99ea,,$1.41/ 100ml,False
pantry,President's Choice,Tricolour Rotini Pasta,President's ChoiceTricolour Rotini Pasta454 g,$2.79ea,,$0.61/ 100g,False
pantry,Clover Leaf,"Tuna Salad Kit, Lemon & Pepper","Clover LeafTuna Salad Kit, Lemon & Pepper90 g",$2.79ea,,$3.10/ 100g,False
pantry,Heinz,"Tomato Soup, Condensed","HeinzTomato Soup, Condensed284 ml",$1.49ea,,$0.52/ 100ml,False
pantry,PC Black Label,Bacon Marmalade Spread,PC Black LabelBacon Marmalade Spread370 ml,$7.49ea,,$2.02/ 100ml,False
pantry,PC Blue Menu,100% Whole Grain Whole Wheat Penne Rigate,PC Blue Menu100% Whole Grain Whole Wheat Penne Rigate375 g,$3.79ea,$1.29ea,$0.34/ 100g,True
pantry,Old El Paso,Soft Taco Dinner Kit,Old El PasoSoft Taco Dinner Kit400 g,$4.99ea,,$1.25/ 100g,False
pantry,Clover Leaf,Sockeye Salmon Wild Red Pacific,Clover LeafSockeye Salmon Wild Red Pacific142 g,$5.99ea,,$4.22/ 100g,False
pantry,Old El Paso,Hard & Soft Taco Dinner Kit,Old El PasoHard & Soft Taco Dinner Kit340 g,$4.99ea,,$1.47/ 100g,False
pantry,Just Soup,Butternut Squash & Sweet Potato ,Just SoupButternut Squash & Sweet Potato 580 ml,$7.99ea,,$1.38/ 100ml,False
pantry,Barilla,Pasta Linguine,BarillaPasta Linguine410 g,$3.49ea,,$0.85/ 100g,False
pantry,Sugar Twin,Calorie-Free Stevia Sweetener,Sugar TwinCalorie-Free Stevia Sweetener100 ea,$8.49ea,,$0.08/ 1ea,False
pantry,Natursource,Maple Almonds     ,NatursourceMaple Almonds     600 g,$16.99ea,,$2.83/ 100g,False
pantry,Lantic,Coconut Sugar,LanticCoconut Sugar450 g,$5.99ea,,$1.33/ 100g,False
pantry,President's Choice,Maple Balsamic Vinaigrette,President's ChoiceMaple Balsamic Vinaigrette350 ml,$4.29ea,,$1.23/ 100ml,False
pantry,Splenda,Keto Sweetener,SplendaKeto Sweetener540 g,$11.99ea,,$2.22/ 100g,False
pantry,President's Choice,Texas Caviar Mild Bean Salsa,President's ChoiceTexas Caviar Mild Bean Salsa300 ml,$4.49ea,,$1.50/ 100ml,False
pantry,Campbell's,Cream of Mushroom Ready to Serve Soup,Campbell'sCream of Mushroom Ready to Serve Soup515 ml,$3.00ea,$2.79ea,$0.54/ 100ml,True
pantry,President's Choice,Chunk Crabmeat,President's ChoiceChunk Crabmeat120 g,$6.99ea,,$5.83/ 100g,False
pantry,Catelli,"Gluten Free, Spaghetti Pasta","CatelliGluten Free, Spaghetti Pasta340 g",$3.49ea,,$1.03/ 100g,False
pantry,Splenda,Sugar Packets      ,SplendaSugar Packets      200 g,$11.99ea,,$6.00/ 100g,False
pantry,Catelli,"Smart Veggie, Spaghetti Pasta","CatelliSmart Veggie, Spaghetti Pasta340 g",$3.29ea,,$0.97/ 100g,False
pantry,Kelloggs,Corn Pops Cereal,KelloggsCorn Pops Cereal320 g,$5.99ea,,$1.87/ 100g,False
pantry,Catelli,"Whole Grains, Rotini Pasta","CatelliWhole Grains, Rotini Pasta375 g",$3.29ea,,$0.88/ 100g,False
pantry,Tostitos,Dip - Spinach 432g,TostitosDip - Spinach 432g432 g,$6.49ea,,$1.50/ 100g,False
pantry,PC Blue Menu,Fajita Seasoning Mix ,PC Blue MenuFajita Seasoning Mix 24 g,$1.39ea,,$5.79/ 100g,False
pantry,Stagg,Dynamite Hot Chili With Beans,StaggDynamite Hot Chili With Beans425 g,$4.29ea,,$1.01/ 100g,False
pantry,PC Black Label,Orecchiette,PC Black LabelOrecchiette500 g,$4.99ea,,$1.00/ 100g,False
pantry,Campbell's,Franco American Chicken Gravy,Campbell'sFranco American Chicken Gravy284 ml,$1.99ea,,$0.70/ 100ml,False
pantry,Knorr,Soup Mix Onion,KnorrSoup Mix Onion55 g,$2.29ea,,$4.16/ 100g,False
pantry,Molisana,Rigatoni,MolisanaRigatoni450 g,$3.29ea,,$0.73/ 100g,False
pantry,President's Choice,Celery Seeds,President's ChoiceCelery Seeds50 g,$6.49ea,,$12.98/ 100g,False
pantry,Catelli,"Smart, Spaghetti Pasta","CatelliSmart, Spaghetti Pasta375 g",$3.29ea,,$0.88/ 100g,False
pantry,Post,Tim Hortons Naturally Flavoured Cereal Apple Fritter,PostTim Hortons Naturally Flavoured Cereal Apple Fritter354 g,$5.49ea,,$1.55/ 100g,False
pantry,McCormicks,Ground Nutmeg ,McCormicksGround Nutmeg 37 g,$9.99ea,,$27.00/ 100g,False
pantry,McCormicks,Ground Cayenne Pepper ,McCormicksGround Cayenne Pepper 33 g,$6.99ea,,$21.18/ 100g,False
pantry,Knorr,Soup Mix Vegetable,KnorrSoup Mix Vegetable40 g,$2.29ea,,$5.73/ 100g,False
pantry,Club House,Cinnamon Ground Organic,Club HouseCinnamon Ground Organic40 g,$3.79ea,,$9.48/ 100g,False
pantry,,Raw  Pistachio Kernels,Raw  Pistachio Kernels,$3.35/50 g,,$6.69/ 100g,False
pantry,Club House,"Salad N Dip Dressing Mix, Ranch Style","Club HouseSalad N Dip Dressing Mix, Ranch Style28 g",$1.99ea,,$7.11/ 100g,False
pantry,Ocean Spray,"Cranberry Sauce, Jellied","Ocean SprayCranberry Sauce, Jellied348 ml",$3.29ea,,$0.95/ 100ml,False
pantry,Garofalo,Fusilli Lunghi,GarofaloFusilli Lunghi500 g,$4.29ea,,$0.86/ 100g,False
pantry,Truvia, Calorie-Free Sweetener from the Stevia Leaf Spoonable Jar,Truvia Calorie-Free Sweetener from the Stevia Leaf Spoonable Jar270 g,$8.49ea,,$3.14/ 100g,False
pantry,Club House,One Step Seasonings Rotisserie Chicken,Club HouseOne Step Seasonings Rotisserie Chicken161 g,$7.49ea,,$4.65/ 100g,False
pantry,Dececco,Pasta Bucatini No. 15,DececcoPasta Bucatini No. 15450 g,$3.49ea,,$0.77/ 100g,False
pantry,,Bbq Flavored  Toasted Corn,Bbq Flavored  Toasted Corn,$2.11/125 g,,$1.69/ 100g,False
pantry,Molisana,Fusilli,MolisanaFusilli450 g,$3.29ea,,$0.73/ 100g,False
pantry,President's Choice,Pure Raspberry Jam,President's ChoicePure Raspberry Jam500 ml,$5.49ea,,$1.10/ 100ml,False
pantry,President's Choice,Dry Roasted Cashews with Sea Salt,President's ChoiceDry Roasted Cashews with Sea Salt680 g,$13.99ea,,$2.06/ 100g,False
pantry,Knorr,"Dry Soup Mix, Or Flavour Boost Cream Of Broccoli","KnorrDry Soup Mix, Or Flavour Boost Cream Of Broccoli52 g",$2.29ea,,$4.40/ 100g,False
pantry,Post,"Post, Spoon Size Shredded Wheat Original","PostPost, Spoon Size Shredded Wheat Original525 g",$5.49ea,,$1.05/ 100g,False
pantry,,Roasted Unsalted  Almonds,Roasted Unsalted  Almonds,$2.99/100 g,$2.89/100 g,$2.89/ 100g,True
pantry,Billy Bee,"Pure Natural Honey, Liquid White, Squeeze","Billy BeePure Natural Honey, Liquid White, Squeeze500 g",$11.49ea,,$2.30/ 100g,False
pantry,Lancia,Egg Noodles Broad,LanciaEgg Noodles Broad375 g,$3.79ea,,$1.01/ 100g,False
pantry,Delverde,Filing,DelverdeFiling450 g,$2.99ea,,$0.66/ 100g,False
pantry,Natursource,Weekend Tamari Snack Mix   ,NatursourceWeekend Tamari Snack Mix   550 g,$16.99ea,,$3.09/ 100g,False
pantry,No Yolks,Cholesterol-Free Egg White Noodles Fine,No YolksCholesterol-Free Egg White Noodles Fine340 g,$3.49ea,,$1.03/ 100g,False
pantry,Dececco,Pasta Pennoni No. 38,DececcoPasta Pennoni No. 38454 g,$3.49ea,,$0.77/ 100g,False
pantry,Basse,Bassé Mix Edamame Power,BasseBassé Mix Edamame Power440 g,$6.99ea,$6.49ea,$1.48/ 100g,True
pantry,President's Choice,Light Table Syrup,President's ChoiceLight Table Syrup750 ml,$5.49ea,,$0.73/ 100ml,False
pantry,Natursource,Crunchy Coconut,NatursourceCrunchy Coconut500 g,$16.99ea,,$3.40/ 100g,False
pantry,Kelloggs,Crispix Cereal,KelloggsCrispix Cereal350 g,$5.99ea,,$1.71/ 100g,False
pantry,Kraft,BBQ Sauce with Garlic,KraftBBQ Sauce with Garlic455 ml,$3.79ea,,$0.83/ 100ml,False
pantry,Fire In The Kitchen,Rib Rub Sauce,Fire In The KitchenRib Rub Sauce120 g,$10.99ea,,$9.16/ 100g,False
pantry,Heinz,Original Beans in Tomato Sauce,HeinzOriginal Beans in Tomato Sauce398 ml,$2.79ea,,$0.70/ 100ml,False
pantry,President's Choice,100% Pure Maple Syrup (Dark),President's Choice100% Pure Maple Syrup (Dark)375 ml,$11.99ea,,$3.20/ 100ml,False
pantry,Aurora,Tomato Puree,AuroraTomato Puree660 ml,$2.59ea,,$0.39/ 100ml,False
pantry,PC Black Label,Pure Almond Extract,PC Black LabelPure Almond Extract59 ml,$5.49ea,,$9.31/ 100ml,False
pantry,PC Black Label,Madagascar Bourbon Vanilla Bean Paste,PC Black LabelMadagascar Bourbon Vanilla Bean Paste118 g,$12.99ea,,$11.01/ 100g,False
pantry,No Name,Condensed Tomato Soup,No NameCondensed Tomato Soup284 ml,$1.19ea,,$0.42/ 100ml,False
pantry,No Name,Crushed Red Pepper,No NameCrushed Red Pepper350 g,$7.49ea,,$2.14/ 100g,False
pantry,Wright's,Liquid Smoke Concentrated Seasoning Hickory Slow Smoked Flavour ,Wright'sLiquid Smoke Concentrated Seasoning Hickory Slow Smoked Flavour 103 ml,$2.99ea,,$2.90/ 100ml,False
pantry,No Name,Fruit Cocktail in Mixed Fruit Juice from Concentrate,No NameFruit Cocktail in Mixed Fruit Juice from Concentrate796 ml,$4.29ea,,$0.54/ 100ml,False
pantry,Club House,La Grille All Purpose Seasoning Cracked Pepper & Garlic With Sea Salt,Club HouseLa Grille All Purpose Seasoning Cracked Pepper & Garlic With Sea Salt171 g,$7.49ea,,$4.38/ 100g,False
pantry,Watkins,Pure Orange Extract,WatkinsPure Orange Extract59 ml,$6.79ea,,$11.51/ 100ml,False
pantry,Kraft,Miracle Whip Calorie Wise Spread,KraftMiracle Whip Calorie Wise Spread650 ml,$7.99ea,,$1.23/ 100ml,False
pantry,Club House,"La Grille Wet Rubs, Montréal Steak Spice","Club HouseLa Grille Wet Rubs, Montréal Steak Spice200 ml",$7.49ea,,$3.75/ 100ml,False
pantry,Knorr,Noodles Side Dish quick and easy to prepare Honey Garlic ,KnorrNoodles Side Dish quick and easy to prepare Honey Garlic 162 g,$2.79ea,,$1.72/ 100g,False
pantry,,Raw  Pecan Halves,Raw  Pecan Halves,$4.59/100 g,,$4.59/ 100g,False
pantry,Knorr,Pasta Side Dish that's easy to prepare Creamy Chicken Fusilli ,KnorrPasta Side Dish that's easy to prepare Creamy Chicken Fusilli 133 g,$2.79ea,,$2.10/ 100g,False
pantry,Rio Mare,Salmon Fillet In Extra Virgin Olive Oil,Rio MareSalmon Fillet In Extra Virgin Olive Oil125 g,$8.99ea,,$7.19/ 100g,False
pantry,Lipton,"Classic Chicken Noodle Dry Soup Mix  Soup, Low Fat & No Artificial Flavours","LiptonClassic Chicken Noodle Dry Soup Mix  Soup, Low Fat & No Artificial Flavours338 g",$3.99ea,,$1.18/ 100g,False
pantry,President's Choice,Balsamic Dressing,President's ChoiceBalsamic Dressing475 ml,$3.99ea,,$0.84/ 100ml,False
pantry,Catelli,Tri-Colour Rotini Pasta,CatelliTri-Colour Rotini Pasta375 g,$3.29ea,,$0.88/ 100g,False
pantry,The Keg,Steak Seasoning,The KegSteak Seasoning180 g,$4.79ea,,$2.66/ 100g,False
pantry,McCormicks,Ground Cayenne Pepper ,McCormicksGround Cayenne Pepper 33 g,$6.99ea,,$21.18/ 100g,False
pantry,Knorr,Soup Mix Vegetable,KnorrSoup Mix Vegetable40 g,$2.29ea,,$5.73/ 100g,False
pantry,Club House,Cinnamon Ground Organic,Club HouseCinnamon Ground Organic40 g,$3.79ea,,$9.48/ 100g,False
pantry,,Raw  Pistachio Kernels,Raw  Pistachio Kernels,$3.35/50 g,,$6.69/ 100g,False
pantry,Club House,"Salad N Dip Dressing Mix, Ranch Style","Club HouseSalad N Dip Dressing Mix, Ranch Style28 g",$1.99ea,,$7.11/ 100g,False
pantry,Bush's Best,Baked Beans - Maple ,Bush's BestBaked Beans - Maple 398 ml,$2.79ea,$2.69ea,$0.68/ 100ml,True
pantry,Heinz,Chili Style Pinto & Red Kidney Beans,HeinzChili Style Pinto & Red Kidney Beans398 ml,$2.79ea,,$0.70/ 100ml,False
pantry,No Name,Unsweetened Apple Sauce,No NameUnsweetened Apple Sauce620 ml,$2.59ea,,$0.42/ 100ml,False
pantry,PC Blue Menu,Lemon Poppy Seed Dressing,PC Blue MenuLemon Poppy Seed Dressing475 ml,$3.99ea,,$0.84/ 100ml,False
pantry,General Mills,Cinnamon Toast Crunch Churros Cereal,General MillsCinnamon Toast Crunch Churros Cereal337 g,$5.49ea,,$1.63/ 100g,False
pantry,Robin Hood,Original All Purpose Flour,Robin HoodOriginal All Purpose Flour2.5 kg,$7.99ea,,$0.32/ 100g,False
pantry,Ruffles,Ranch Flavoured Dip,RufflesRanch Flavoured Dip425 g,$5.79ea,,$1.36/ 100g,False
pantry,No Name,Small Shells Pasta,No NameSmall Shells Pasta900 g,$2.49ea,,$0.28/ 100g,False
pantry,Bens,Long Grain & Wild Rice Fine Herbs,BensLong Grain & Wild Rice Fine Herbs250 g,$3.99ea,,$1.60/ 100g,False
pantry,Bens,Fried Style Rice,BensFried Style Rice250 g,$3.99ea,,$1.60/ 100g,False
pantry,Manischewitz,"Soup Mix, Split Pea with Barley","ManischewitzSoup Mix, Split Pea with Barley170 g",$2.49ea,,$1.46/ 100g,False
pantry,Grace,Guava Jelly,GraceGuava Jelly340 g,$4.39ea,,$1.29/ 100g,False
pantry,Bens,Butter & Garlic Flavour,BensButter & Garlic Flavour250 g,$3.99ea,,$1.60/ 100g,False
pantry,Italpasta,Spaghettini,ItalpastaSpaghettini900 g,$3.49ea,,$0.39/ 100g,False
pantry,General Mills,Honey Nut Cheerios,General MillsHoney Nut Cheerios430 g,$5.49ea,,$1.28/ 100g,False
pantry,Italpasta,Penne Lisce,ItalpastaPenne Lisce900 g,$3.49ea,,$0.39/ 100g,False
pantry,Prego,"Pasta Sauce, Original","PregoPasta Sauce, Original645 ml",$4.49ea,,$0.70/ 100ml,False
pantry,General Mills,Oatmeal Crisp Triple Berry Cereal,General MillsOatmeal Crisp Triple Berry Cereal399 g,$5.49ea,,$1.38/ 100g,False
pantry,Italpasta,Fusilli,ItalpastaFusilli900 g,$3.49ea,,$0.39/ 100g,False
pantry,Bens,Vegetable Medley Rice,BensVegetable Medley Rice250 g,$3.99ea,,$1.60/ 100g,False
pantry,Bens,Creamy Cheddar Cheese Flavour,BensCreamy Cheddar Cheese Flavour240 g,$3.99ea,,$1.66/ 100g,False
pantry,Achva,Tahini,AchvaTahini500 g,$5.99ea,,$1.20/ 100g,False
pantry,Kitchens of India,Chick Pea Curry,Kitchens of IndiaChick Pea Curry270 ml,$4.99ea,$4.49ea,$1.66/ 100ml,True
pantry,President's Choice,Mint Sauce,President's ChoiceMint Sauce250 ml,$6.49ea,,$2.60/ 100ml,False
pantry,President's Choice,Mint Sauce,President's ChoiceMint Sauce250 ml,$6.49ea,,$2.60/ 100ml,False
pantry,T&T,Fine Dry Noodles,T&TFine Dry Noodles1.81 kg,$6.99ea,,$0.39/ 100g,False
pantry,Spam,Classic Fully Cooked Luncheon Meat,SpamClassic Fully Cooked Luncheon Meat340 g,$5.49ea,$5.29ea,$1.56/ 100g,True
pantry,Terra,Delyssa Premium Extra Virgin Olive Oil,TerraDelyssa Premium Extra Virgin Olive Oil1 l,$17.99ea,,$1.80/ 100ml,False
pantry,Windsor,"Sea Salt, Fine","WindsorSea Salt, Fine500 g",$5.49ea,,$1.10/ 100g,False
pantry,Unico,"Black Beans, No Salt Added","UnicoBlack Beans, No Salt Added540 ml",$1.99ea,,$0.37/ 100ml,False
pantry,Unico,"Diced Tomatoes, Herbs & Spices","UnicoDiced Tomatoes, Herbs & Spices796 ml",$1.99ea,,$0.25/ 100ml,False
pantry,Mama Sita,Barbecue Marinade,Mama SitaBarbecue Marinade350 ml,$4.19ea,,$1.20/ 100ml,False
pantry,Nissin,Instant Noodle With Soup Base Demae Ramen Black Garlic Oil And Artificial Pork Flavour,NissinInstant Noodle With Soup Base Demae Ramen Black Garlic Oil And Artificial Pork Flavour500 g,$4.99ea,,$1.00/ 100g,False
pantry,Club House,"Almond Extract, Pure","Club HouseAlmond Extract, Pure43 ml",$4.99ea,,$11.60/ 100ml,False
pantry,Campbell's,Butter Chicken Ready to Serve Soup ,Campbell'sButter Chicken Ready to Serve Soup 515 ml,$3.49ea,,$0.68/ 100ml,False
pantry,Spam,Less Sodium 25% Less Sodium Than Our Regular Luncheon Meat,SpamLess Sodium 25% Less Sodium Than Our Regular Luncheon Meat340 g,$5.49ea,$5.29ea,$1.56/ 100g,True
pantry,No Name,Chicken Broth,No NameChicken Broth900 ml,$1.50ea,$0.99ea,$0.11/ 100ml,True
pantry,Kraft,"Zesty Italian Dressing, Calorie Wise","KraftZesty Italian Dressing, Calorie Wise475 ml",$4.49ea,,$0.95/ 100ml,False
pantry,Club House,"Signature, Blends Italiano","Club HouseSignature, Blends Italiano123 g",$7.49ea,,$6.09/ 100g,False
pantry,Windsor,Coarse Sea Salt,WindsorCoarse Sea Salt500 g,$5.49ea,,$1.10/ 100g,False
pantry,Blue Dragon,Thai Red Curry Paste,Blue DragonThai Red Curry Paste270 ml,$5.79ea,$4.49ea,$1.66/ 100ml,True
pantry,Muskoka,French Onion Dip Mix ,MuskokaFrench Onion Dip Mix 58 g,$4.49ea,,$7.74/ 100g,False
pantry,Club House,"Signature Blend, Cajun","Club HouseSignature Blend, Cajun120 g",$7.49ea,,$6.24/ 100g,False
pantry,No Name,Cinnamon Sticks,No NameCinnamon Sticks100 g,$3.99ea,,$3.99/ 100g,False
pantry,Dr Oetker,"Pudding Supreme, English Toffee","Dr OetkerPudding Supreme, English Toffee90 g",$2.99ea,,$3.32/ 100g,False
pantry,No Name,"Ground Cinnamon, Club Size","No NameGround Cinnamon, Club Size560 g",$9.99ea,,$1.78/ 100g,False
pantry,Aylmer,Accents Diced Tomatoes with Green Pepper,AylmerAccents Diced Tomatoes with Green Pepper540 ml,$2.79ea,,$0.52/ 100ml,False
pantry,Bens,Organic Brown & Wild Rice Tomato & Roasted Garlic Flavour ,BensOrganic Brown & Wild Rice Tomato & Roasted Garlic Flavour 240 g,$4.49ea,,$1.87/ 100g,False
pantry,Mr Noodles,"Noodles in a Cup, Chicken","Mr NoodlesNoodles in a Cup, Chicken64 g",$1.49ea,,$2.33/ 100g,False
pantry,No Name,Poultry Seasoning,No NamePoultry Seasoning70 g,$3.99ea,,$5.70/ 100g,False
pantry,No Name,Black Peppercorns,No NameBlack Peppercorns575 g,$19.99ea,,$3.48/ 100g,False
pantry,No Name,Paprika,No NamePaprika150 g,$3.99ea,,$2.66/ 100g,False
pantry,No Name,Ground Black Pepper,No NameGround Black Pepper150 g,$3.99ea,,$2.66/ 100g,False
pantry,No Name,Onion Powder,No NameOnion Powder150 g,$3.99ea,,$2.66/ 100g,False
pantry,No Name,"Artificial Vanilla Extract, Club Size","No NameArtificial Vanilla Extract, Club Size1 l",$8.99ea,,$0.90/ 100ml,False
pantry,GoldSeal,Wild Smoked Mackerel in Sunflower Oil,GoldSealWild Smoked Mackerel in Sunflower Oil110 g,$4.29ea,,$3.90/ 100g,False
pantry,817 Elephant,Pure Basmati Rice,817 ElephantPure Basmati Rice4 kg,$16.99ea,$15.99ea,$0.40/ 100g,True
pantry,No Name,Slivered Almonds ,No NameSlivered Almonds 100 g,$4.49ea,,$4.49/ 100g,False
pantry,Maille,Crunchy Gherkins,MailleCrunchy Gherkins375 ml,$6.49ea,,$1.73/ 100ml,False
pantry,No Name,Miniature Cobs of Corn,No NameMiniature Cobs of Corn398 ml,$1.99ea,,$0.50/ 100ml,False
pantry,Bull's-Eye,Chicken & Rib Renegade BBQ Sauce,Bull's-EyeChicken & Rib Renegade BBQ Sauce425 ml,$4.49ea,,$1.06/ 100ml,False
pantry,President's Choice,Spinach & Cheese Pasta Sauce,President's ChoiceSpinach & Cheese Pasta Sauce650 ml,$3.99ea,,$0.61/ 100ml,False
pantry,Golden Temple,Flour,Golden TempleFlour9 kg,$23.99ea,,$0.27/ 100g,False
pantry,Fleischmanns,Pizza Yeast,FleischmannsPizza Yeast113 g,$5.99ea,,$5.30/ 100g,False
pantry,Brar's,Desi Ghee,Brar'sDesi Ghee1600 g,$31.99ea,,$2.00/ 100g,False
pantry,Club House,"Dry Sauce Mix, Chicken Gravy, Gluten-Free","Club HouseDry Sauce Mix, Chicken Gravy, Gluten-Free25 g",$2.49ea,,$9.96/ 100g,False
pantry,Twinkle Baker Decor,"Frosting Tube Baby Blue, Vanilla","Twinkle Baker DecorFrosting Tube Baby Blue, Vanilla80 g",$2.79ea,,$3.49/ 100g,False
pantry,Kriti Gold,Extra Virgin Olive Oil,Kriti GoldExtra Virgin Olive Oil750 ml,$11.99ea,,$1.60/ 100ml,False
pantry,KFI,Premium Cooking Sauce,KFIPremium Cooking Sauce375 ml,$5.79ea,,$1.54/ 100ml,False
pantry,Kelloggs,Corn Flakes Family Size,KelloggsCorn Flakes Family Size600 g,$5.99ea,,$1.00/ 100g,False
pantry,No Name,Spanish Cocktail Olives,No NameSpanish Cocktail Olives375 ml,$1.99ea,,$0.53/ 100ml,False
pantry,Ocean Spray,Craisins Sweetened Dried Cranberries ,Ocean SprayCraisins Sweetened Dried Cranberries 1.36 kg,$11.99ea,,$0.88/ 100g,False
pantry,No Name,Honey Graham Crumbs,No NameHoney Graham Crumbs400 g,$3.29ea,,$0.82/ 100g,False
pantry,VH,Pineapple Jerk Medium,VHPineapple Jerk Medium341 ml,$4.99ea,,$1.46/ 100ml,False
pantry,Del Monte,"No Sugar Added, Pear, Halves, in Water","Del MonteNo Sugar Added, Pear, Halves, in Water398 ml",$3.29ea,,$0.83/ 100ml,False
pantry,President's Choice,Steak Spice Marinade,President's ChoiceSteak Spice Marinade375 ml,$4.99ea,,$1.33/ 100ml,False
pantry,No Name,Strawberry Jelly Powder,No NameStrawberry Jelly Powder85 g,$1.29ea,,$1.52/ 100g,False
pantry,Lee Kum Kee,Black Bean Garlic Sauce,Lee Kum KeeBlack Bean Garlic Sauce368 g,$5.49ea,,$1.49/ 100g,False
pantry,President's Choice,The Decadent Chocolate Chip Cookie Mix,President's ChoiceThe Decadent Chocolate Chip Cookie Mix900 g,$4.79ea,,$0.53/ 100g,False
pantry,President's Choice,Tomatoes First Tomato Sauce With Basil,President's ChoiceTomatoes First Tomato Sauce With Basil680 ml,$2.99ea,,$0.44/ 100ml,False
pantry,Clover Leaf,"Sardines, Skinless Boneless Low Sodium In Sunflower Oil","Clover LeafSardines, Skinless Boneless Low Sodium In Sunflower Oil125 g",$2.99ea,,$2.49/ 100g,False
pantry,No Name,Chopped Pecan,No NameChopped Pecan400 g,$16.99ea,,$4.25/ 100g,False
pantry,President's Choice,100% Pure First-Pressed Canola Oil,President's Choice100% Pure First-Pressed Canola Oil1.42 l,$7.99ea,$7.49ea,$0.53/ 100ml,True
pantry,No Name,Light Mayonnaise Type Dressing,No NameLight Mayonnaise Type Dressing890 ml,$6.99ea,,$0.79/ 100ml,False
pantry,Classico,Roasted Red Pepper Alfredo Spaghetti Pasta Sauce,ClassicoRoasted Red Pepper Alfredo Spaghetti Pasta Sauce410 ml,$4.99ea,,$1.22/ 100ml,False
pantry,No Name,Light Whipped Dressing,No NameLight Whipped Dressing890 ml,$5.99ea,,$0.67/ 100ml,False
pantry,No Name,All-Purpose Flour,No NameAll-Purpose Flour1 kg,$2.99ea,,$0.30/ 100g,False
pantry,Joy's Kitchen,Pepper Powder Jamaican Scotch Bonnet Hot,Joy's KitchenPepper Powder Jamaican Scotch Bonnet Hot41 g,$5.39ea,,$13.15/ 100g,False
pantry,Lee Kum Kee,Panda Brand Oyster Sauce,Lee Kum KeePanda Brand Oyster Sauce510 ml,$3.79ea,,$0.74/ 100g,False
pantry,Unico,White Balsamic Vinegar,UnicoWhite Balsamic Vinegar500 ml,$4.99ea,,$1.00/ 100ml,False
pantry,Bertolli,Rich Taste-Organic Extra Virgin Olive Oil,BertolliRich Taste-Organic Extra Virgin Olive Oil750 ml,$9.99ea,,$1.33/ 100ml,False
pantry,Pataks,Butter Chickpeas Ready to Eat,PataksButter Chickpeas Ready to Eat285 ml,$3.99ea,,,False
pantry,H and H,Honey Mango,H and HHoney Mango500 g,$10.99ea,,$2.20/ 100g,False
pantry,President's Choice,Pure Concord Grape Jelly,President's ChoicePure Concord Grape Jelly500 ml,$5.49ea,,$1.10/ 100ml,False
pantry,No Name,Pure White Vinegar,No NamePure White Vinegar1 l,$2.29ea,,$0.23/ 100ml,False
pantry,PC Organics,Organics Passata,PC OrganicsOrganics Passata660 ml,$3.99ea,,$0.60/ 100ml,False
pantry,Kikkoman,Less Sodium Soy Sauce,KikkomanLess Sodium Soy Sauce295 ml,$5.99ea,,$2.02/ 100ml,False
pantry,No Name,White Kidney Beans,No NameWhite Kidney Beans540 ml,$1.49ea,,$0.28/ 100ml,False
pantry,Minute Rice,Ready To Serve Oriental Style Rice,Minute RiceReady To Serve Oriental Style Rice250 g,$3.99ea,,$1.60/ 100g,False
pantry,La Costena, Diced Chipotle Peppers,La Costena Diced Chipotle Peppers230 g,$4.39ea,,$1.91/ 100g,False
pantry,Lucky Me!,"Supreme Instant Noodles, Artificial Bone Marrow Flavour","Lucky Me!Supreme Instant Noodles, Artificial Bone Marrow Flavour65 g",$1.79ea,,$2.75/ 100g,False
pantry,President's Choice,Plum Sauce,President's ChoicePlum Sauce350 ml,$4.49ea,,$1.28/ 100ml,False
pantry,Primo,"Pasta Sauce, Thick & Zesty Tomato Basil","PrimoPasta Sauce, Thick & Zesty Tomato Basil680 ml",$4.49ea,,$0.66/ 100ml,False
pantry,VH,Simmering Sauce - Butter Chicken,VHSimmering Sauce - Butter Chicken341 ml,$4.99ea,,$1.46/ 100ml,False
pantry,President's Choice,Tomato Olive Bruschetta Topping,President's ChoiceTomato Olive Bruschetta Topping410 ml,$5.99ea,,$1.46/ 100ml,False
pantry,President's Choice,Plant Based Vegetable and Bean Chili,President's ChoicePlant Based Vegetable and Bean Chili400 g,$3.79ea,,$0.95/ 100g,False
pantry,Basse,Bassé Omega Mix,BasseBassé Omega Mix415 g,$6.99ea,$6.49ea,$1.56/ 100g,True
pantry,Bull's-Eye,Guinness Beer Blend BBQ Sauce,Bull's-EyeGuinness Beer Blend BBQ Sauce425 ml,$4.49ea,,$1.06/ 100ml,False
pantry,Mcilhenny Co.,Tabasco Hot Sauce,Mcilhenny Co.Tabasco Hot Sauce57 ml,$3.99ea,,$7.00/ 100ml,False
pantry,Colavita,Extra Virgin Olive Oil,ColavitaExtra Virgin Olive Oil1 l,$19.99ea,,$2.00/ 100ml,False
pantry,President's Choice,1 Leaf Balsamic Vinegar of Modena,President's Choice1 Leaf Balsamic Vinegar of Modena500 ml,$4.99ea,,$1.00/ 100ml,False
pantry,President's Choice,Teriyaki Marinade,President's ChoiceTeriyaki Marinade375 ml,$4.99ea,,$1.33/ 100ml,False
pantry,Campbell's,Chicken Broth with White Wine,Campbell'sChicken Broth with White Wine900 ml,$3.49ea,,$0.39/ 100ml,False
pantry,Bicks,Sweet Corn Relish,BicksSweet Corn Relish375 ml,$3.99ea,,$1.06/ 100ml,False
pantry,No Name,Crispy Rice Marshmallow Squares,No NameCrispy Rice Marshmallow Squares528 g,$7.49ea,,$1.42/ 100g,False
pantry,No Name,Basmati Rice,No NameBasmati Rice3.63 kg,$12.99ea,,$0.36/ 100g,False
pantry,Kraft,Golden Italian Dressing,KraftGolden Italian Dressing475 ml,$4.49ea,,$0.95/ 100ml,False
pantry,Betty Crocker,Hamburger Helper Lasagne,Betty CrockerHamburger Helper Lasagne220 g,$3.19ea,,$1.45/ 100g,False
pantry,No Name,Six Bean Blend,No NameSix Bean Blend540 ml,$1.49ea,,$0.28/ 100ml,False
pantry,Unico,"Black Olives, Sliced Ripe","UnicoBlack Olives, Sliced Ripe200 ml",$1.99ea,,$1.00/ 100ml,False
pantry,St Hubert,"Poutine Gravy, Smoked Bacon","St HubertPoutine Gravy, Smoked Bacon398 ml",$2.79ea,,$0.70/ 100ml,False
pantry,Portugallo,Spicy Garlic Sauce,PortugalloSpicy Garlic Sauce355 ml,$6.99ea,,$1.97/ 100ml,False
pantry,Muskoka,Jalapeno Garlic Sauce,MuskokaJalapeno Garlic Sauce250 ml,$7.49ea,,$3.00/ 100ml,False
pantry,M'Lord,Fish & Chip Vinegar Old English,M'LordFish & Chip Vinegar Old English250 ml,$4.99ea,,$2.00/ 100ml,False
pantry,Parachute,Coconut Oil,ParachuteCoconut Oil1000 ml,$11.99ea,,$1.20/ 100ml,False
pantry,The Keg,BBQ Sauce Chicken Rib   ,The KegBBQ Sauce Chicken Rib   355 ml,$5.49ea,,$1.55/ 100ml,False
pantry,Arva Flour Mill,Beer Bread Cheddar & Chives,Arva Flour MillBeer Bread Cheddar & Chives500 g,$9.99ea,,$2.00/ 100g,False
pantry,No Name,Pure Tomato Paste,No NamePure Tomato Paste369 ml,$2.29ea,,$0.62/ 100ml,False
pantry,Knorr,Sidekicks Butter & Herb Rice & Vermicelli Side Dis,KnorrSidekicks Butter & Herb Rice & Vermicelli Side Dis153 g,$2.79ea,,$1.82/ 100g,False
pantry,Classico,Tomato & Basil Spaghetti Pasta Sauce,ClassicoTomato & Basil Spaghetti Pasta Sauce650 ml,$4.99ea,,$0.77/ 100ml,False
pantry,4C,Plain Bread Crumbs,4CPlain Bread Crumbs425 g,$3.99ea,,$0.94/ 100g,False
pantry,Bush's Best,Baked Beans - Molasses with Pork,Bush's BestBaked Beans - Molasses with Pork398 ml,$2.79ea,$2.69ea,$0.68/ 100ml,True
pantry,Royal Nuts,"Dry Roasted Cashews, Unsalted","Royal NutsDry Roasted Cashews, Unsalted350 g",$13.99ea,,$4.00/ 100g,False
pantry,Basse,Bassé Ultimate Bar Mix,BasseBassé Ultimate Bar Mix550 g,$6.99ea,$6.49ea,$1.18/ 100g,True
pantry,Smuckers,Pure Strawberry Jam,SmuckersPure Strawberry Jam500 ml,$6.99ea,,$1.40/ 100ml,False
pantry,Royal Nuts,Dry Roasted Almonds,Royal NutsDry Roasted Almonds325 g,$13.99ea,,$4.30/ 100g,False
pantry,Bens,Roasted Olive Oil,BensRoasted Olive Oil365 g,$5.49ea,,$1.50/ 100g,False
pantry,Classico,Italian Sausage,ClassicoItalian Sausage650 ml,$4.99ea,,$0.77/ 100ml,False
pantry,Kosa, Baby Corn Cut In Brine,Kosa Baby Corn Cut In Brine425 g,$1.99ea,,$0.47/ 100g,False
pantry,President's Choice,Moroccan Tajine Cooking Sauce,President's ChoiceMoroccan Tajine Cooking Sauce400 ml,$5.99ea,,$1.50/ 100ml,False
pantry,Blue Dragon,Pad Thai Cooking Kit 3 Step,Blue DragonPad Thai Cooking Kit 3 Step220 g,$5.00ea,$4.49ea,$2.04/ 100g,True
pantry,Cock,Red Curry Paste,CockRed Curry Paste400 g,$3.99ea,,$1.00/ 100g,False
pantry,Unico,"Pizza Sauce, Hot & Spicy","UnicoPizza Sauce, Hot & Spicy213 ml",$1.79ea,,$0.84/ 100ml,False
pantry,Lipton,"Classic Beef Vegetable Dry Soup Mix, No Artificial Flavours","LiptonClassic Beef Vegetable Dry Soup Mix, No Artificial Flavours94 g",$2.69ea,,$2.86/ 100g,False
pantry,PC Blue Menu,Pearl Barley,PC Blue MenuPearl Barley450 g,$2.99ea,,$0.66/ 100g,False
pantry,Cholula,Original Hot Sauce,CholulaOriginal Hot Sauce150 ml,$7.29ea,$4.99ea,$3.33/ 100ml,True
pantry,Heinz,Tomato Ketchup,HeinzTomato Ketchup1.5 l,$8.99ea,,$0.60/ 100ml,False
pantry,PC Blue Menu,Low Sodium Ketchup Style Sauce,PC Blue MenuLow Sodium Ketchup Style Sauce750 ml,$4.49ea,$3.99ea,$0.53/ 100ml,True
pantry,PC Black Label,Seasoned Panko Bread Crumbs,PC Black LabelSeasoned Panko Bread Crumbs227 g,$4.29ea,,$1.89/ 100g,False
pantry,Shreddies,Family Size Honey,ShreddiesFamily Size Honey710 g,$6.99ea,$3.99ea,$0.56/ 100g,True
pantry,PC Blue Menu,Dark Red Kidney Beans,PC Blue MenuDark Red Kidney Beans540 ml,$1.89ea,,$0.35/ 100ml,False
pantry,Unico,"Manzanilla Olives, Stuffed","UnicoManzanilla Olives, Stuffed375 ml",$3.99ea,,$1.06/ 100ml,False
pantry,ED Smith,"Pie Filling, Blueberry","ED SmithPie Filling, Blueberry540 ml",$7.49ea,,$1.39/ 100ml,False
pantry,Maggi,Seasoning (Red Cap),MaggiSeasoning (Red Cap)200 ml,$4.49ea,,$2.25/ 100ml,False
pantry,Quaker,Peaches & Cream Flavour Instant Oatmeal,QuakerPeaches & Cream Flavour Instant Oatmeal264 g,$4.79ea,,$1.81/ 100g,False
pantry,No Name,Medium Salsa,No NameMedium Salsa430 ml,$3.99ea,$2.79ea,$0.65/ 100ml,True
pantry,President's Choice,Mild Seafood Sauce,President's ChoiceMild Seafood Sauce250 ml,$2.49ea,,$1.00/ 100ml,False
pantry,Yves,Organic Black Beans    ,YvesOrganic Black Beans    398 ml,$3.29ea,,$0.83/ 100ml,False
pantry,Dole,Sliced Peaches In Water,DoleSliced Peaches In Water540 ml,$3.99ea,,$0.74/ 100ml,False
pantry,Pope,Bread Crumbs Italian Seasoned,PopeBread Crumbs Italian Seasoned425 g,$4.29ea,,$1.01/ 100g,False
pantry,Betty Crocker,SuperMoist Butter Pecan Cake Mix,Betty CrockerSuperMoist Butter Pecan Cake Mix432 g,$3.29ea,,$0.76/ 100g,False
pantry,No Name,Original syrup,No NameOriginal syrup750 ml,$3.79ea,,$0.51/ 100ml,False
pantry,Dr Oetker,"Shirriff Mousse Mix, Strawberry","Dr OetkerShirriff Mousse Mix, Strawberry69 g",$2.49ea,,$3.61/ 100g,False
pantry,Nissin,Demae Ramen Instant Noodles With Sesame Oil,NissinDemae Ramen Instant Noodles With Sesame Oil100 g,$1.09ea,,$1.09/ 100g,False
pantry,PC Blue Menu,Apple Cinnamon Flavour Protein Pancake Mix,PC Blue MenuApple Cinnamon Flavour Protein Pancake Mix340 g,$4.49ea,$2.99ea,$0.88/ 100g,True
pantry,Kelloggs,Corn Flake Crumbs,KelloggsCorn Flake Crumbs575 g,$5.49ea,,$0.95/ 100g,False
pantry,Grace,Virgin Coconut Oil,GraceVirgin Coconut Oil500 ml,$7.79ea,,$1.56/ 100ml,False
pantry,St Hubert,Hot Chicken Sauce,St HubertHot Chicken Sauce398 ml,$2.79ea,,$0.70/ 100ml,False
pantry,Suraj,Wheat Semolina Sooji,SurajWheat Semolina Sooji2 kg,$5.99ea,,$0.30/ 100g,False
pantry,No Name,Soy Sauce,No NameSoy Sauce450 ml,$2.49ea,,$0.55/ 100ml,False
pantry,McCormicks,"International Sauce Mix, Green Peppercorn","McCormicksInternational Sauce Mix, Green Peppercorn38 g",$2.49ea,,$6.55/ 100g,False
pantry,President's Choice,Bacon and Maple Barbecue Sauce,President's ChoiceBacon and Maple Barbecue Sauce500 ml,$3.99ea,,$0.80/ 100ml,False
pantry,Robin Hood,Whole Wheat All Purpose Flour,Robin HoodWhole Wheat All Purpose Flour2.5 kg,$7.99ea,,$0.32/ 100g,False
pantry,Kelloggs,Rice Krispies Cinnamon Cereal,KelloggsRice Krispies Cinnamon Cereal320 g,$5.99ea,,$1.87/ 100g,False
pantry,President's Choice,Sweetened Dried Mangoes,President's ChoiceSweetened Dried Mangoes120 g,$3.99ea,,$3.33/ 100g,False
pantry,No Name,Red Wine Vinegar,No NameRed Wine Vinegar500 ml,$3.49ea,,$0.70/ 100ml,False
pantry,No Name,"Breadsticks and Cheese, Processed Cheese Product","No NameBreadsticks and Cheese, Processed Cheese Product3x29.0 g",$1.49ea,,$1.71/ 100g,False
pantry,President's Choice,Pepperpot Cooking Sauce ,President's ChoicePepperpot Cooking Sauce 400 ml,$5.99ea,,$1.50/ 100ml,False
pantry,Grace,Organic Coconut Sugar,GraceOrganic Coconut Sugar500 g,$7.69ea,,$1.54/ 100g,False
pantry,Betty Crocker,Brownies Mix - Frosted,Betty CrockerBrownies Mix - Frosted550 g,$4.99ea,,$0.91/ 100g,False
pantry,Bonne Maman,Jam Four Fruits,Bonne MamanJam Four Fruits250 ml,$5.49ea,$4.99ea,$2.00/ 100ml,True
pantry,Crown,Crown Corn Syrup,CrownCrown Corn Syrup500 ml,$5.49ea,,$1.10/ 100ml,False
pantry,Al Shifa,Natural Honey,Al ShifaNatural Honey500 g,$8.99ea,,$1.80/ 100g,False
pantry,Unico,Capers,UnicoCapers125 ml,$3.99ea,,$3.19/ 100ml,False
pantry,PC Organics,Bean Medley,PC OrganicsBean Medley398 ml,$1.99ea,,$0.50/ 100ml,False
pantry,No Name,Long Grain White Rice,No NameLong Grain White Rice8 kg,$14.49ea,,$0.18/ 100g,False
pantry,Betty Crocker,Hamburger Helper Beef Taco,Betty CrockerHamburger Helper Beef Taco210 g,$3.19ea,,$1.52/ 100g,False
pantry,Betty Crocker,Reese Dessert Bar Kit,Betty CrockerReese Dessert Bar Kit503 g,$4.99ea,,$0.99/ 100g,False
pantry,Kraft,Original Coating Mix,KraftOriginal Coating Mix142 g,$4.99ea,,$3.51/ 100g,False
pantry,PC Organics,Organic Fruit Spread Apricot,PC OrganicsOrganic Fruit Spread Apricot235 ml,$3.99ea,,$1.70/ 100ml,False
pantry,McCormicks,"International Sauce Mix, Roast Gravy For Poultry","McCormicksInternational Sauce Mix, Roast Gravy For Poultry30 g",$2.49ea,,$8.30/ 100g,False
pantry,St Hubert,"Gravy Mix, Brown","St HubertGravy Mix, Brown46 g",$2.79ea,,$6.07/ 100g,False
pantry,Green Giant,Sweetlet Peas ,Green GiantSweetlet Peas 398 ml,$1.99ea,,$0.50/ 100ml,False
pantry,Nupak,White Kidney Beans,NupakWhite Kidney Beans900 g,$4.79ea,,$0.53/ 100g,False
pantry,Betty Crocker,SuperMoist Carrot Cake Mix,Betty CrockerSuperMoist Carrot Cake Mix432 g,$3.29ea,,$0.76/ 100g,False
pantry,PC Organics,"Organic Pasta Sauce, Primavera","PC OrganicsOrganic Pasta Sauce, Primavera700 ml",$5.99ea,,$0.86/ 100ml,False
pantry,Stove Top,Chicken Stuffing Mix,Stove TopChicken Stuffing Mix120 g,$2.79ea,,$2.33/ 100g,False
pantry,Cool Runnings,Runnings Pineapple Jam    ,Cool RunningsRunnings Pineapple Jam    250 ml,$4.19ea,,$1.68/ 100ml,False
pantry,Dr Oetker,Pizzaiolo Kits,Dr OetkerPizzaiolo Kits700 g,$5.99ea,,$0.86/ 100g,False
pantry,Green Giant,Peas & Carrots,Green GiantPeas & Carrots398 ml,$1.99ea,,$0.50/ 100ml,False
pantry,Hershey's,Chipits Butterscotch Baking Chips,Hershey'sChipits Butterscotch Baking Chips270 g,$4.99ea,,$1.85/ 100g,False
pantry,President's Choice,"Memories of Backyard Grilling Apple, Maple and Ale Sauce","President's ChoiceMemories of Backyard Grilling Apple, Maple and Ale Sauce350 ml",$4.99ea,,$1.43/ 100ml,False
pantry,PC Splendido,Tomato Pesto,PC SplendidoTomato Pesto270 ml,$3.99ea,$3.49ea,$1.29/ 100ml,True
pantry,President's Choice,World of Flavours Thai Chicken Soup,President's ChoiceWorld of Flavours Thai Chicken Soup540 ml,$3.49ea,,$0.65/ 100ml,False
pantry,President's Choice,Roasted Garlic Alfredo Pasta Sauce,President's ChoiceRoasted Garlic Alfredo Pasta Sauce410 ml,$3.99ea,,$0.97/ 100ml,False
pantry,President's Choice,Instant Oatmeal Cinnamon,President's ChoiceInstant Oatmeal Cinnamon380 g,$4.19ea,,$1.10/ 100g,False
pantry,Swiss Chalet,SwissChalet Sauce Dipping,Swiss ChaletSwissChalet Sauce Dipping284 ml,$2.39ea,,$0.84/ 100ml,False
pantry,Suraj,Ground Turmeric ,SurajGround Turmeric 400 g,$3.49ea,,$0.87/ 100g,False
pantry,President's Choice,Plant Based Chocolate Chips Semi-Sweet,President's ChoicePlant Based Chocolate Chips Semi-Sweet300 g,$4.99ea,,$1.66/ 100g,False
pantry,Frooti,Sweetened Kesar Mango Pulp,FrootiSweetened Kesar Mango Pulp850 g,$4.99ea,,$0.59/ 100g,False
pantry,Club House,"Seasoning Mix, Pasta Salad","Club HouseSeasoning Mix, Pasta Salad28 g",$2.49ea,,$8.89/ 100g,False
pantry,Pataks,Hot Curry Paste,PataksHot Curry Paste284 ml,$6.49ea,,$2.29/ 100ml,False
pantry,Cool Runnings,Guava Jam,Cool RunningsGuava Jam250 ml,$4.19ea,,$1.68/ 100ml,False
pantry,Quaker,Life Multigrains Cereal,QuakerLife Multigrains Cereal425 g,$6.99ea,,$1.64/ 100g,False
pantry,La Costena,Chipotle Pepper Sauce,La CostenaChipotle Pepper Sauce200 ml,$1.79ea,,$0.81/ 100ml,False
pantry,Unico,"Mixed Vegetables, Pickled, Hot","UnicoMixed Vegetables, Pickled, Hot750 ml",$4.49ea,,$0.60/ 100ml,False
pantry,Betty Crocker,Spicy Cake Mix,Betty CrockerSpicy Cake Mix432 g,$4.99ea,,$1.16/ 100g,False
pantry,PC Blue Menu,Red Chili Beans,PC Blue MenuRed Chili Beans900 g,$3.49ea,,$0.39/ 100g,False
pantry,Hershey's,"Chipits Milk Chocolate Chips, 835G","Hershey'sChipits Milk Chocolate Chips, 835G835 g",$13.99ea,,$1.68/ 100g,False
pantry,Wilton,"Candy Melts, Cocoa","WiltonCandy Melts, Cocoa340 g",$4.99ea,,$1.47/ 100g,False
pantry,Basse,Bassé Coconut Mix,BasseBassé Coconut Mix510 g,$6.99ea,$6.49ea,$1.27/ 100g,True
pantry,Tastie,Star Anise,TastieStar Anise80 g,$4.99ea,,$6.24/ 100g,False
pantry,President's Choice,Plant Based Vanilla Marshmallows,President's ChoicePlant Based Vanilla Marshmallows284 g,$5.49ea,,$1.93/ 100g,False
pantry,No Name,Sultana Raisins,No NameSultana Raisins750 g,$7.49ea,$6.49ea,$0.87/ 100g,True
pantry,Brar's,Desi Ghee Cooking Oil   ,Brar'sDesi Ghee Cooking Oil   800 g,$16.99ea,,$2.12/ 100g,False
pantry,Suraj,"Ground Black Pepper, Kali Mirch","SurajGround Black Pepper, Kali Mirch400 g",$9.99ea,,$2.50/ 100g,False
pantry,Arm & Hammer,Baking Soda,Arm & HammerBaking Soda2 kg,$6.99ea,,$0.35/ 100g,False
pantry,No Name,Garlic Pasta Sauce,No NameGarlic Pasta Sauce680 ml,$2.49ea,,$0.37/ 100ml,False
pantry,Governor's Choice,Govenor's Choice Jamaican Callaloo,Governor's ChoiceGovenor's Choice Jamaican Callaloo540 ml,$2.99ea,,$0.55/ 100ml,False
pantry,PC Organics,Bean Medley,PC OrganicsBean Medley398 ml,$1.99ea,,$0.50/ 100ml,False
pantry,No Name,Long Grain White Rice,No NameLong Grain White Rice8 kg,$14.49ea,,$0.18/ 100g,False
pantry,Betty Crocker,Hamburger Helper Beef Taco,Betty CrockerHamburger Helper Beef Taco210 g,$3.19ea,,$1.52/ 100g,False
pantry,Betty Crocker,Reese Dessert Bar Kit,Betty CrockerReese Dessert Bar Kit503 g,$4.99ea,,$0.99/ 100g,False
pantry,Kraft,Original Coating Mix,KraftOriginal Coating Mix142 g,$4.99ea,,$3.51/ 100g,False
pantry,PC Organics,Organic Fruit Spread Apricot,PC OrganicsOrganic Fruit Spread Apricot235 ml,$3.99ea,,$1.70/ 100ml,False
pantry,McCormicks,"International Sauce Mix, Roast Gravy For Poultry","McCormicksInternational Sauce Mix, Roast Gravy For Poultry30 g",$2.49ea,,$8.30/ 100g,False
pantry,St Hubert,"Gravy Mix, Brown","St HubertGravy Mix, Brown46 g",$2.79ea,,$6.07/ 100g,False
pantry,Green Giant,Sweetlet Peas ,Green GiantSweetlet Peas 398 ml,$1.99ea,,$0.50/ 100ml,False
pantry,BeeMaid,Amber Honey Liquid,BeeMaidAmber Honey Liquid500 g,$12.49ea,,$2.50/ 100g,False
pantry,Nupak,White Kidney Beans,NupakWhite Kidney Beans900 g,$4.79ea,,$0.53/ 100g,False
pantry,No Name,Teriyaki Sauce,No NameTeriyaki Sauce350 ml,$3.49ea,$2.49ea,$0.71/ 100ml,True
pantry,Betty Crocker,SuperMoist Carrot Cake Mix,Betty CrockerSuperMoist Carrot Cake Mix432 g,$3.29ea,,$0.76/ 100g,False
pantry,PC Organics,"Organic Pasta Sauce, Primavera","PC OrganicsOrganic Pasta Sauce, Primavera700 ml",$5.99ea,,$0.86/ 100ml,False
pantry,Stove Top,Chicken Stuffing Mix,Stove TopChicken Stuffing Mix120 g,$2.79ea,,$2.33/ 100g,False
pantry,Cool Runnings,Runnings Pineapple Jam    ,Cool RunningsRunnings Pineapple Jam    250 ml,$4.19ea,,$1.68/ 100ml,False
pantry,Dr Oetker,Pizzaiolo Kits,Dr OetkerPizzaiolo Kits700 g,$5.99ea,,$0.86/ 100g,False
pantry,Green Giant,Peas & Carrots,Green GiantPeas & Carrots398 ml,$1.99ea,,$0.50/ 100ml,False
pantry,Hershey's,Chipits Butterscotch Baking Chips,Hershey'sChipits Butterscotch Baking Chips270 g,$4.99ea,,$1.85/ 100g,False
pantry,President's Choice,"Memories of Backyard Grilling Apple, Maple and Ale Sauce","President's ChoiceMemories of Backyard Grilling Apple, Maple and Ale Sauce350 ml",$4.99ea,,$1.43/ 100ml,False
pantry,PC Splendido,Tomato Pesto,PC SplendidoTomato Pesto270 ml,$3.99ea,$3.49ea,$1.29/ 100ml,True
pantry,Lee Kum Kee,Chow Style Chili,Lee Kum KeeChow Style Chili205 g,$5.99ea,,$2.92/ 100g,False
pantry,Betty Crocker,White Cake Mix,Betty CrockerWhite Cake Mix430 g,$4.99ea,,$1.16/ 100g,False
pantry,Pataks,Butter Chicken Cooking Sauce,PataksButter Chicken Cooking Sauce400 ml,$6.49ea,,$1.62/ 100ml,False
pantry,Dole,In Light Fruit Juice Syrup Pineapple Chunks,DoleIn Light Fruit Juice Syrup Pineapple Chunks540 ml,$4.29ea,,$0.79/ 100ml,False
pantry,Primo,Tomato Sauce,PrimoTomato Sauce680 ml,$4.49ea,,$0.66/ 100ml,False
pantry,Kraft,"BBQ Sauce, Onion","KraftBBQ Sauce, Onion455 ml",$3.79ea,,$0.83/ 100ml,False
pantry,HP,Sauce,HPSauce1 l,$9.99ea,,$1.00/ 100ml,False
pantry,President's Choice,Roasted Garlic Alfredo Pasta Sauce,President's ChoiceRoasted Garlic Alfredo Pasta Sauce410 ml,$3.99ea,,$0.97/ 100ml,False
pantry,President's Choice,Instant Oatmeal Cinnamon,President's ChoiceInstant Oatmeal Cinnamon380 g,$4.19ea,,$1.10/ 100g,False
pantry,Swiss Chalet,SwissChalet Sauce Dipping,Swiss ChaletSwissChalet Sauce Dipping284 ml,$2.39ea,,$0.84/ 100ml,False
pantry,Suraj,Ground Turmeric ,SurajGround Turmeric 400 g,$3.49ea,,$0.87/ 100g,False
pantry,President's Choice,Plant Based Chocolate Chips Semi-Sweet,President's ChoicePlant Based Chocolate Chips Semi-Sweet300 g,$4.99ea,,$1.66/ 100g,False
pantry,Frooti,Sweetened Kesar Mango Pulp,FrootiSweetened Kesar Mango Pulp850 g,$4.99ea,,$0.59/ 100g,False
pantry,Club House,"Seasoning Mix, Pasta Salad","Club HouseSeasoning Mix, Pasta Salad28 g",$2.49ea,,$8.89/ 100g,False
pantry,Molisana,Penne Ziti Rigate,MolisanaPenne Ziti Rigate450 g,$3.29ea,,$0.73/ 100g,False
pantry,No Name,Condensed Vegetable Soup,No NameCondensed Vegetable Soup284 ml,$1.19ea,,$0.42/ 100ml,False
pantry,No Name,Ground Sage,No NameGround Sage80 g,$3.99ea,,$4.99/ 100g,False
pantry,President's Choice,Italian-Style Wedding Soup,President's ChoiceItalian-Style Wedding Soup540 ml,$3.49ea,,$0.65/ 100ml,False
pantry,Rio Mare,"Tuna, Solid Light In Olive Oil","Rio MareTuna, Solid Light In Olive Oil3x80.0 g",$6.99ea,,$2.91/ 100g,False
pantry,Clover Leaf,"Flaked Light Tuna, Sundried Tomato & Basil","Clover LeafFlaked Light Tuna, Sundried Tomato & Basil85 g",$2.29ea,,$2.69/ 100g,False
pantry,Bar Harbor,Seafood Stock,Bar HarborSeafood Stock398 ml,$5.29ea,,$1.33/ 100ml,False
pantry,Kalas,Iodized Sea Salt    ,KalasIodized Sea Salt    750 g,$2.19ea,,$0.29/ 100g,False
pantry,Catelli,"Classic, Lasagne Pasta","CatelliClassic, Lasagne Pasta750 g",$6.89ea,,$0.92/ 100g,False
pantry,Italpasta,Gluten Free Spaghetti,ItalpastaGluten Free Spaghetti340 g,$4.39ea,,$1.29/ 100g,False
pantry,Catelli,"Ancient Grains, Spaghettini Pasta","CatelliAncient Grains, Spaghettini Pasta340 g",$3.49ea,,$1.03/ 100g,False
pantry,Strubs,Baby Dill Pickles,StrubsBaby Dill Pickles1 l,$7.99ea,,$0.80/ 100ml,False
pantry,Knorr,Recipe Soup Mix  Onion No Artificial Flavour,KnorrRecipe Soup Mix  Onion No Artificial Flavour56 g,$2.69ea,,$4.80/ 100g,False
pantry,President's Choice,Cranberry Vinaigrette,President's ChoiceCranberry Vinaigrette350 ml,$4.29ea,,$1.23/ 100ml,False
pantry,Quaker,Bran Muffin Mix,QuakerBran Muffin Mix900 g,$5.49ea,,$0.61/ 100g,False
pantry,Clover Leaf,"Mussels, Smoked","Clover LeafMussels, Smoked85 g",$2.99ea,,$3.52/ 100g,False
pantry,Club House,"La Grille, Salt Free Salmon Seasoning","Club HouseLa Grille, Salt Free Salmon Seasoning140 g",$7.49ea,,$5.35/ 100g,False
pantry,Wafu,"Japanese Dressing, Original Sesame Light","WafuJapanese Dressing, Original Sesame Light290 ml",$6.99ea,,$2.41/ 100ml,False
pantry,President's Choice,Turmeric Seasoned Mixed Nuts,President's ChoiceTurmeric Seasoned Mixed Nuts275 g,$5.99ea,,$2.18/ 100g,False
pantry,Rummo,Durum Wheat Semolina Pasta,RummoDurum Wheat Semolina Pasta500 g,$3.99ea,,$0.80/ 100g,False
pantry,,Roasted Unsalted  Cashews,Roasted Unsalted  Cashews,$3.49/100 g,,$3.49/ 100g,False
pantry,No Name,"Soup Cups, Chicken","No NameSoup Cups, Chicken65 g",$1.39ea,,$2.14/ 100g,False
pantry,PC Black Label,Spice Blend Spanish Paella,PC Black LabelSpice Blend Spanish Paella90 g,$5.49ea,,$6.10/ 100g,False
pantry,Capn Crunch,Sweetened Corn & Oat Cereal,Capn CrunchSweetened Corn & Oat Cereal350 g,$6.99ea,,$2.00/ 100g,False
pantry,,Reese'S  Pieces  Peanut Butter In A Candy Shell,Reese'S  Pieces  Peanut Butter In A Candy Shell,$2.69/100 g,,$2.69/ 100g,False
pantry,President's Choice,Mayonnaise,President's ChoiceMayonnaise890 ml,$6.99ea,,$0.79/ 100ml,False
pantry,President's Choice,French Dressing,President's ChoiceFrench Dressing475 ml,$3.99ea,,$0.84/ 100ml,False
pantry,President's Choice,Himalayan Rock Salts ,President's ChoiceHimalayan Rock Salts 100 g,$5.49ea,,$5.49/ 100g,False
pantry,,Milk Chocolate  Almonds,Milk Chocolate  Almonds,$2.19/100 g,,$2.19/ 100g,False
pantry,Barilla,Pasta Ditali,BarillaPasta Ditali410 g,$3.49ea,,$0.85/ 100g,False
pantry,PC Black Label,Smoky Chipotle Salsa,PC Black LabelSmoky Chipotle Salsa430 ml,$4.99ea,$3.49ea,$0.81/ 100ml,True
pantry,Quaker,Blueberry Buttermilk Flavour Muffin Mix,QuakerBlueberry Buttermilk Flavour Muffin Mix900 g,$5.49ea,,$0.61/ 100g,False
pantry,No Name,Oven-ready Lasagna Pasta,No NameOven-ready Lasagna Pasta375 g,$3.29ea,,$0.88/ 100g,False
pantry,Clark,Beans in Maple Syrup,ClarkBeans in Maple Syrup398 ml,$1.99ea,,$0.50/ 100ml,False
pantry,Maple Leaf,Flakes of Turkey by Maple Leaf,Maple LeafFlakes of Turkey by Maple Leaf156 g,$3.99ea,,$2.56/ 100g,False
pantry,Catelli,"Smart, Bows Pasta","CatelliSmart, Bows Pasta340 g",$3.29ea,,$0.97/ 100g,False
pantry,Kuehne,Classic Ranch Yogurt Salad Dressing,KuehneClassic Ranch Yogurt Salad Dressing250 ml,$4.99ea,,$2.00/ 100ml,False
pantry,Rio Mare,Tuna Salad with Corn,Rio MareTuna Salad with Corn160 g,$4.79ea,,$2.99/ 100g,False
pantry,Clover Leaf,Albacore Tuna White Flake in Water,Clover LeafAlbacore Tuna White Flake in Water170 g,$3.49ea,,$2.05/ 100g,False
pantry,KFI,Butter Chicken Sauce,KFIButter Chicken Sauce375 ml,$5.79ea,,$1.54/ 100ml,False
pantry,Indomie,Instant Mi Goreng Fried Noodles,IndomieInstant Mi Goreng Fried Noodles5x85.0 g,$4.49ea,,$1.06/ 100g,False
pantry,Rummo,Durum Wheat Semolina Pasta,RummoDurum Wheat Semolina Pasta500 g,$3.99ea,,$0.80/ 100g,False
pantry,Clover Leaf,"Brisling Sardines, Olive Oil","Clover LeafBrisling Sardines, Olive Oil106 g",$3.69ea,,$3.48/ 100g,False
pantry,President's Choice,Red Enchilada Sauce,President's ChoiceRed Enchilada Sauce215 ml,$2.99ea,,$1.39/ 100ml,False
pantry,PC Blue Menu,White Spaghetti Pasta With Fibre,PC Blue MenuWhite Spaghetti Pasta With Fibre375 g,$3.79ea,,$1.01/ 100g,False
pantry,President's Choice,100% Pure Maple Syrup (Amber),President's Choice100% Pure Maple Syrup (Amber)500 ml,$14.99ea,,$3.00/ 100ml,False
pantry,Catelli,"Smart, Fettuccine Pasta","CatelliSmart, Fettuccine Pasta375 g",$3.29ea,,$0.88/ 100g,False
pantry,Clover Leaf,Solid White Tuna Low Sodium Albacore in Water,Clover LeafSolid White Tuna Low Sodium Albacore in Water170 g,$3.49ea,,$2.05/ 100g,False
pantry,President's Choice,Dill Seeds,President's ChoiceDill Seeds50 g,$6.49ea,,$12.98/ 100g,False
pantry,Habitant,Pea Soup with Smoked Ham,HabitantPea Soup with Smoked Ham796 ml,$3.59ea,,$0.45/ 100ml,False
pantry,President's Choice,Mediterranean Blend Salad Topping,President's ChoiceMediterranean Blend Salad Topping100 g,$3.99ea,,$3.99/ 100g,False
pantry,General Mills,Cheerios Cereal Apple Cinnamon Family Size,General MillsCheerios Cereal Apple Cinnamon Family Size778 g,$5.99ea,,$0.77/ 100g,False
pantry,Pure Via,Granulated Stevia,Pure ViaGranulated Stevia275 g,$11.49ea,,$4.18/ 100g,False
pantry,No Name,Cavatappi Pasta,No NameCavatappi Pasta900 g,$2.49ea,,$0.28/ 100g,False
pantry,Club House,Celery Salt,Club HouseCelery Salt190 g,$8.49ea,,$4.47/ 100g,False
pantry,No Name,Extra Broad Egg Noodles,No NameExtra Broad Egg Noodles340 g,$2.99ea,,$0.88/ 100g,False
pantry,Knorr,Pasta Side Dish Butter & Herb ,KnorrPasta Side Dish Butter & Herb 133 g,$2.79ea,,$2.10/ 100g,False
pantry,Royal Nuts,Brazil Nuts Raw,Royal NutsBrazil Nuts Raw325 g,$13.99ea,,$4.30/ 100g,False
pantry,No Name,Spaghetti Pasta,No NameSpaghetti Pasta900 g,$2.49ea,,$0.28/ 100g,False
pantry,Suraj,"Fenugreek Seeds, Methi Dana","SurajFenugreek Seeds, Methi Dana400 g",$2.49ea,,$0.62/ 100g,False
pantry,Tim Hortons,Ready To Serve Soup Minestrone,Tim HortonsReady To Serve Soup Minestrone540 ml,$4.49ea,,$0.83/ 100ml,False
pantry,Royal Nuts,Dried Cranberries,Royal NutsDried Cranberries300 g,$6.99ea,,$2.33/ 100g,False
pantry,La Costena,Green Pickled Jalapeño Peppers,La CostenaGreen Pickled Jalapeño Peppers200 ml,$1.59ea,$1.49ea,$0.75/ 100ml,True
pantry,Italpasta,"Shells, Large","ItalpastaShells, Large900 g",$3.49ea,,$0.39/ 100g,False
pantry,Unico,Elbows,UnicoElbows750 g,$3.29ea,,$0.44/ 100g,False
pantry,Mr Noodles,Instant Noodles Vegetable Flavour,Mr NoodlesInstant Noodles Vegetable Flavour85 g,$0.69ea,,$0.81/ 100g,False
pantry,Kraft,Miracle Whip Olive Oil Spread,KraftMiracle Whip Olive Oil Spread890 ml,$7.99ea,,$0.90/ 100ml,False
pantry,Club House,"Allspice, Ground","Club HouseAllspice, Ground35 g",$6.49ea,,$18.54/ 100g,False
pantry,Knorr,Oxo Selects™ Bouillon Cubes enhance the flavour of your recipes Chicken,KnorrOxo Selects™ Bouillon Cubes enhance the flavour of your recipes Chicken66 g,$3.99ea,,$6.05/ 100g,False
pantry,President's Choice,Sustainably Sourced Wild Albacore Flaked White Tuna,President's ChoiceSustainably Sourced Wild Albacore Flaked White Tuna170 g,$3.39ea,,$1.99/ 100g,False
pantry,President's Choice,Mole Verde Simmer Sauce,President's ChoiceMole Verde Simmer Sauce236 ml,$2.99ea,,$1.27/ 100ml,False
pantry,Hellmanns,Vegan Dressing Classic Ranch Plant-Based And Made In Canada,HellmannsVegan Dressing Classic Ranch Plant-Based And Made In Canada250 ml,$5.99ea,$5.49ea,$2.20/ 100ml,True
pantry,President's Choice,"Wild Pacific Pink Salmon, Sustainably Sourced ","President's ChoiceWild Pacific Pink Salmon, Sustainably Sourced 170 g",$4.49ea,,$2.64/ 100g,False
pantry,Clover Leaf,Solid Tuna in Light Olive Oil,Clover LeafSolid Tuna in Light Olive Oil240 g,$6.99ea,,$2.91/ 100g,False
pantry,Rio Mare,Tuna in Water,Rio MareTuna in Water3x80.0 g,$6.99ea,,$2.91/ 100g,False
pantry,PC Blue Menu,Caesar Salad Dressing,PC Blue MenuCaesar Salad Dressing475 ml,$3.99ea,,$0.84/ 100ml,False
pantry,Old El Paso,Chopped Green Chilies,Old El PasoChopped Green Chilies127 ml,$2.99ea,,$2.35/ 100ml,False
pantry,Dececco,Pasta Penne Rigate No. 41,DececcoPasta Penne Rigate No. 41450 g,$3.49ea,,$0.77/ 100g,False
pantry,PC Black Label,Garam Masala Spice Blend,PC Black LabelGaram Masala Spice Blend70 g,$6.49ea,,$9.27/ 100g,False
pantry,Unico,Farfalle,UnicoFarfalle700 g,$3.29ea,,$0.47/ 100g,False
pantry,Garofalo,Fusilli Pasta,GarofaloFusilli Pasta500 g,$2.69ea,,$0.54/ 100g,False
pantry,Heinz,Deep-Browned Beans with Tomato Sauce,HeinzDeep-Browned Beans with Tomato Sauce398 ml,$2.79ea,,$0.70/ 100ml,False
pantry,Royal Nuts,Dry Roasted Sea Salt Almonds,Royal NutsDry Roasted Sea Salt Almonds325 g,$13.99ea,,$4.30/ 100g,False
pantry,Stock and Barrel,"Roasted Pepitas, Salted","Stock and BarrelRoasted Pepitas, Salted325 g",$9.99ea,,$3.07/ 100g,False
pantry,No Name,Baking Powder,No NameBaking Powder450 g,$5.49ea,,$1.22/ 100g,False
pantry,President's Choice,Cacciatore Cooking Sauce,President's ChoiceCacciatore Cooking Sauce400 ml,$4.29ea,,$1.07/ 100ml,False
pantry,President's Choice,Creamy Cucumber Dressing,President's ChoiceCreamy Cucumber Dressing475 ml,$3.99ea,,$0.84/ 100ml,False
pantry,Basse,Bassé Earth Mix,BasseBassé Earth Mix445 g,$6.99ea,$6.49ea,$1.46/ 100g,True
pantry,President's Choice,Pad Thaï Cooking Sauce,President's ChoicePad Thaï Cooking Sauce400 ml,$4.29ea,,$1.07/ 100ml,False
pantry,Pam,"Cooking Spray, Butter Flavour","PamCooking Spray, Butter Flavour141 g",$6.49ea,,$4.60/ 100g,False
pantry,Stock and Barrel,Choc-O-Macs,Stock and BarrelChoc-O-Macs375 g,$5.99ea,,$1.60/ 100g,False
pantry,La Costena,"Salsa, Hot","La CostenaSalsa, Hot453 g",$4.39ea,,$0.97/ 100g,False
pantry,Stock and Barrel,"Raw Sunflower Seeds, Hulled","Stock and BarrelRaw Sunflower Seeds, Hulled400 g",$5.99ea,,$1.50/ 100g,False
pantry,No Name,Pure Tomato Paste,No NamePure Tomato Paste369 ml,$2.29ea,,$0.62/ 100ml,False
pantry,Matt & Steve's,Pickle Spears Garlic & Dill,Matt & Steve'sPickle Spears Garlic & Dill750 ml,$5.99ea,,$0.80/ 100ml,False
pantry,Kraft,Creamy Caesar Dressing,KraftCreamy Caesar Dressing475 ml,$4.49ea,,$0.95/ 100ml,False
pantry,President's Choice,Creamy Cucumber Dressing,President's ChoiceCreamy Cucumber Dressing475 ml,$3.99ea,,$0.84/ 100ml,False
pantry,Basse,Bassé Earth Mix,BasseBassé Earth Mix445 g,$6.99ea,$6.49ea,$1.46/ 100g,True
pantry,President's Choice,Pad Thaï Cooking Sauce,President's ChoicePad Thaï Cooking Sauce400 ml,$4.29ea,,$1.07/ 100ml,False
pantry,Kelloggs,Poptarts Frosted Blueberry Flavour Family Size Mini Pastries,KelloggsPoptarts Frosted Blueberry Flavour Family Size Mini Pastries400 g,$7.99ea,$5.99ea,$1.50/ 100g,True
pantry,St Hubert,"Sauce Mix, BBQ","St HubertSauce Mix, BBQ57 g",$2.79ea,,$4.89/ 100g,False
pantry,No Name,Shrimp Flavour Instant Noodle Soup,No NameShrimp Flavour Instant Noodle Soup65 g,$1.39ea,,$2.14/ 100g,False
pantry,Heinz,Chili Sauce,HeinzChili Sauce455 ml,$6.49ea,,$1.43/ 100ml,False
pantry,No Name,Diced White Potatoes,No NameDiced White Potatoes540 ml,$1.49ea,$1.39ea,$0.26/ 100ml,True
pantry,Pataks,Light Butter Chicken Cooking Sauce,PataksLight Butter Chicken Cooking Sauce400 ml,$6.49ea,,$1.62/ 100ml,False
pantry,No Name,Slivered Almonds ,No NameSlivered Almonds 100 g,$4.49ea,,$4.49/ 100g,False
pantry,Maille,Crunchy Gherkins,MailleCrunchy Gherkins375 ml,$6.49ea,,$1.73/ 100ml,False
pantry,No Name,Miniature Cobs of Corn,No NameMiniature Cobs of Corn398 ml,$1.99ea,,$0.50/ 100ml,False
pantry,Bull's-Eye,Chicken & Rib Renegade BBQ Sauce,Bull's-EyeChicken & Rib Renegade BBQ Sauce425 ml,$4.49ea,,$1.06/ 100ml,False
pantry,President's Choice,Spinach & Cheese Pasta Sauce,President's ChoiceSpinach & Cheese Pasta Sauce650 ml,$3.99ea,,$0.61/ 100ml,False
pantry,Golden Temple,Flour,Golden TempleFlour9 kg,$23.99ea,,$0.27/ 100g,False
pantry,Fleischmanns,Pizza Yeast,FleischmannsPizza Yeast113 g,$5.99ea,,$5.30/ 100g,False
pantry,Brar's,Desi Ghee,Brar'sDesi Ghee1600 g,$31.99ea,,$2.00/ 100g,False
pantry,Club House,"Dry Sauce Mix, Chicken Gravy, Gluten-Free","Club HouseDry Sauce Mix, Chicken Gravy, Gluten-Free25 g",$2.49ea,,$9.96/ 100g,False
pantry,Twinkle Baker Decor,"Frosting Tube Baby Blue, Vanilla","Twinkle Baker DecorFrosting Tube Baby Blue, Vanilla80 g",$2.79ea,,$3.49/ 100g,False
pantry,Kriti Gold,Extra Virgin Olive Oil,Kriti GoldExtra Virgin Olive Oil750 ml,$11.99ea,,$1.60/ 100ml,False
pantry,KFI,Premium Cooking Sauce,KFIPremium Cooking Sauce375 ml,$5.79ea,,$1.54/ 100ml,False
pantry,Kelloggs,Corn Flakes Family Size,KelloggsCorn Flakes Family Size600 g,$5.99ea,,$1.00/ 100g,False
pantry,No Name,Spanish Cocktail Olives,No NameSpanish Cocktail Olives375 ml,$1.99ea,,$0.53/ 100ml,False
pantry,Ocean Spray,Craisins Sweetened Dried Cranberries ,Ocean SprayCraisins Sweetened Dried Cranberries 1.36 kg,$11.99ea,,$0.88/ 100g,False
pantry,No Name,Honey Graham Crumbs,No NameHoney Graham Crumbs400 g,$3.29ea,,$0.82/ 100g,False
pantry,VH,Pineapple Jerk Medium,VHPineapple Jerk Medium341 ml,$4.99ea,,$1.46/ 100ml,False
pantry,Del Monte,"No Sugar Added, Pear, Halves, in Water","Del MonteNo Sugar Added, Pear, Halves, in Water398 ml",$3.29ea,,$0.83/ 100ml,False
pantry,President's Choice,Steak Spice Marinade,President's ChoiceSteak Spice Marinade375 ml,$4.99ea,,$1.33/ 100ml,False
pantry,No Name,Strawberry Jelly Powder,No NameStrawberry Jelly Powder85 g,$1.29ea,,$1.52/ 100g,False
pantry,Lee Kum Kee,Black Bean Garlic Sauce,Lee Kum KeeBlack Bean Garlic Sauce368 g,$5.49ea,,$1.49/ 100g,False
pantry,President's Choice,The Decadent Chocolate Chip Cookie Mix,President's ChoiceThe Decadent Chocolate Chip Cookie Mix900 g,$4.79ea,,$0.53/ 100g,False
pantry,President's Choice,Tomatoes First Tomato Sauce With Basil,President's ChoiceTomatoes First Tomato Sauce With Basil680 ml,$2.99ea,,$0.44/ 100ml,False
pantry,Clover Leaf,"Sardines, Skinless Boneless Low Sodium In Sunflower Oil","Clover LeafSardines, Skinless Boneless Low Sodium In Sunflower Oil125 g",$2.99ea,,$2.49/ 100g,False
pantry,No Name,Chopped Pecan,No NameChopped Pecan400 g,$16.99ea,,$4.25/ 100g,False
pantry,President's Choice,100% Pure First-Pressed Canola Oil,President's Choice100% Pure First-Pressed Canola Oil1.42 l,$7.99ea,$7.49ea,$0.53/ 100ml,True
pantry,No Name,Light Mayonnaise Type Dressing,No NameLight Mayonnaise Type Dressing890 ml,$6.99ea,,$0.79/ 100ml,False
pantry,Classico,Roasted Red Pepper Alfredo Spaghetti Pasta Sauce,ClassicoRoasted Red Pepper Alfredo Spaghetti Pasta Sauce410 ml,$4.99ea,,$1.22/ 100ml,False
pantry,No Name,Light Whipped Dressing,No NameLight Whipped Dressing890 ml,$5.99ea,,$0.67/ 100ml,False
pantry,No Name,All-Purpose Flour,No NameAll-Purpose Flour1 kg,$2.99ea,,$0.30/ 100g,False
pantry,Joy's Kitchen,Pepper Powder Jamaican Scotch Bonnet Hot,Joy's KitchenPepper Powder Jamaican Scotch Bonnet Hot41 g,$5.39ea,,$13.15/ 100g,False
pantry,Lee Kum Kee,Panda Brand Oyster Sauce,Lee Kum KeePanda Brand Oyster Sauce510 ml,$3.79ea,,$0.74/ 100g,False
pantry,Unico,White Balsamic Vinegar,UnicoWhite Balsamic Vinegar500 ml,$4.99ea,,$1.00/ 100ml,False
pantry,Bertolli,Rich Taste-Organic Extra Virgin Olive Oil,BertolliRich Taste-Organic Extra Virgin Olive Oil750 ml,$9.99ea,,$1.33/ 100ml,False
pantry,Pataks,Butter Chickpeas Ready to Eat,PataksButter Chickpeas Ready to Eat285 ml,$3.99ea,,,False
pantry,H and H,Honey Mango,H and HHoney Mango500 g,$10.99ea,,$2.20/ 100g,False
pantry,President's Choice,Pure Concord Grape Jelly,President's ChoicePure Concord Grape Jelly500 ml,$5.49ea,,$1.10/ 100ml,False
pantry,No Name,Pure White Vinegar,No NamePure White Vinegar1 l,$2.29ea,,$0.23/ 100ml,False
pantry,PC Organics,Organics Passata,PC OrganicsOrganics Passata660 ml,$3.99ea,,$0.60/ 100ml,False
pantry,Lipton,"Classic Beef Vegetable Dry Soup Mix, No Artificial Flavours","LiptonClassic Beef Vegetable Dry Soup Mix, No Artificial Flavours94 g",$2.69ea,,$2.86/ 100g,False
pantry,PC Blue Menu,Pearl Barley,PC Blue MenuPearl Barley450 g,$2.99ea,,$0.66/ 100g,False
pantry,Cholula,Original Hot Sauce,CholulaOriginal Hot Sauce150 ml,$7.29ea,$4.99ea,$3.33/ 100ml,True
pantry,Heinz,Tomato Ketchup,HeinzTomato Ketchup1.5 l,$8.99ea,,$0.60/ 100ml,False
pantry,PC Blue Menu,Low Sodium Ketchup Style Sauce,PC Blue MenuLow Sodium Ketchup Style Sauce750 ml,$4.49ea,$3.99ea,$0.53/ 100ml,True
pantry,PC Black Label,Seasoned Panko Bread Crumbs,PC Black LabelSeasoned Panko Bread Crumbs227 g,$4.29ea,,$1.89/ 100g,False
pantry,Del Monte,"No Sugar Added, Pear, Halves, in Water","Del MonteNo Sugar Added, Pear, Halves, in Water398 ml",$3.29ea,,$0.83/ 100ml,False
pantry,President's Choice,Steak Spice Marinade,President's ChoiceSteak Spice Marinade375 ml,$4.99ea,,$1.33/ 100ml,False
pantry,No Name,Strawberry Jelly Powder,No NameStrawberry Jelly Powder85 g,$1.29ea,,$1.52/ 100g,False
pantry,Lee Kum Kee,Black Bean Garlic Sauce,Lee Kum KeeBlack Bean Garlic Sauce368 g,$5.49ea,,$1.49/ 100g,False
pantry,President's Choice,The Decadent Chocolate Chip Cookie Mix,President's ChoiceThe Decadent Chocolate Chip Cookie Mix900 g,$4.79ea,,$0.53/ 100g,False
pantry,President's Choice,Tomatoes First Tomato Sauce With Basil,President's ChoiceTomatoes First Tomato Sauce With Basil680 ml,$2.99ea,,$0.44/ 100ml,False
pantry,Clover Leaf,"Sardines, Skinless Boneless Low Sodium In Sunflower Oil","Clover LeafSardines, Skinless Boneless Low Sodium In Sunflower Oil125 g",$2.99ea,,$2.49/ 100g,False
pantry,No Name,Chopped Pecan,No NameChopped Pecan400 g,$16.99ea,,$4.25/ 100g,False
pantry,President's Choice,100% Pure First-Pressed Canola Oil,President's Choice100% Pure First-Pressed Canola Oil1.42 l,$7.99ea,$7.49ea,$0.53/ 100ml,True
pantry,No Name,Light Mayonnaise Type Dressing,No NameLight Mayonnaise Type Dressing890 ml,$6.99ea,,$0.79/ 100ml,False
pantry,Classico,Roasted Red Pepper Alfredo Spaghetti Pasta Sauce,ClassicoRoasted Red Pepper Alfredo Spaghetti Pasta Sauce410 ml,$4.99ea,,$1.22/ 100ml,False
pantry,No Name,Light Whipped Dressing,No NameLight Whipped Dressing890 ml,$5.99ea,,$0.67/ 100ml,False
pantry,No Name,All-Purpose Flour,No NameAll-Purpose Flour1 kg,$2.99ea,,$0.30/ 100g,False
pantry,Joy's Kitchen,Pepper Powder Jamaican Scotch Bonnet Hot,Joy's KitchenPepper Powder Jamaican Scotch Bonnet Hot41 g,$5.39ea,,$13.15/ 100g,False
pantry,Lee Kum Kee,Panda Brand Oyster Sauce,Lee Kum KeePanda Brand Oyster Sauce510 ml,$3.79ea,,$0.74/ 100g,False
pantry,Unico,White Balsamic Vinegar,UnicoWhite Balsamic Vinegar500 ml,$4.99ea,,$1.00/ 100ml,False
pantry,Bertolli,Rich Taste-Organic Extra Virgin Olive Oil,BertolliRich Taste-Organic Extra Virgin Olive Oil750 ml,$9.99ea,,$1.33/ 100ml,False
pantry,Pataks,Butter Chickpeas Ready to Eat,PataksButter Chickpeas Ready to Eat285 ml,$3.99ea,,,False
pantry,H and H,Honey Mango,H and HHoney Mango500 g,$10.99ea,,$2.20/ 100g,False
pantry,President's Choice,Pure Concord Grape Jelly,President's ChoicePure Concord Grape Jelly500 ml,$5.49ea,,$1.10/ 100ml,False
pantry,No Name,Pure White Vinegar,No NamePure White Vinegar1 l,$2.29ea,,$0.23/ 100ml,False
pantry,PC Organics,Organics Passata,PC OrganicsOrganics Passata660 ml,$3.99ea,,$0.60/ 100ml,False
pantry,Kikkoman,Less Sodium Soy Sauce,KikkomanLess Sodium Soy Sauce295 ml,$5.99ea,,$2.02/ 100ml,False
pantry,No Name,White Kidney Beans,No NameWhite Kidney Beans540 ml,$1.49ea,,$0.28/ 100ml,False
pantry,Minute Rice,Ready To Serve Oriental Style Rice,Minute RiceReady To Serve Oriental Style Rice250 g,$3.99ea,,$1.60/ 100g,False
pantry,La Costena, Diced Chipotle Peppers,La Costena Diced Chipotle Peppers230 g,$4.39ea,,$1.91/ 100g,False
pantry,Lucky Me!,"Supreme Instant Noodles, Artificial Bone Marrow Flavour","Lucky Me!Supreme Instant Noodles, Artificial Bone Marrow Flavour65 g",$1.79ea,,$2.75/ 100g,False
pantry,President's Choice,Plum Sauce,President's ChoicePlum Sauce350 ml,$4.49ea,,$1.28/ 100ml,False
pantry,Primo,"Pasta Sauce, Thick & Zesty Tomato Basil","PrimoPasta Sauce, Thick & Zesty Tomato Basil680 ml",$4.49ea,,$0.66/ 100ml,False
pantry,VH,Simmering Sauce - Butter Chicken,VHSimmering Sauce - Butter Chicken341 ml,$4.99ea,,$1.46/ 100ml,False
pantry,President's Choice,Tomato Olive Bruschetta Topping,President's ChoiceTomato Olive Bruschetta Topping410 ml,$5.99ea,,$1.46/ 100ml,False
pantry,President's Choice,Plant Based Vegetable and Bean Chili,President's ChoicePlant Based Vegetable and Bean Chili400 g,$3.79ea,,$0.95/ 100g,False
pantry,Basse,Bassé Omega Mix,BasseBassé Omega Mix415 g,$6.99ea,$6.49ea,$1.56/ 100g,True
pantry,Bull's-Eye,Guinness Beer Blend BBQ Sauce,Bull's-EyeGuinness Beer Blend BBQ Sauce425 ml,$4.49ea,,$1.06/ 100ml,False
pantry,Mcilhenny Co.,Tabasco Hot Sauce,Mcilhenny Co.Tabasco Hot Sauce57 ml,$3.99ea,,$7.00/ 100ml,False
pantry,Colavita,Extra Virgin Olive Oil,ColavitaExtra Virgin Olive Oil1 l,$19.99ea,,$2.00/ 100ml,False
pantry,President's Choice,1 Leaf Balsamic Vinegar of Modena,President's Choice1 Leaf Balsamic Vinegar of Modena500 ml,$4.99ea,,$1.00/ 100ml,False
pantry,Renees,Ranch Dressing,ReneesRanch Dressing355 ml,$6.49ea,,$1.83/ 100ml,False
pantry,No Name,Sultana Raisins,No NameSultana Raisins750 g,$7.49ea,$6.49ea,$0.87/ 100g,True
pantry,Brar's,Desi Ghee Cooking Oil   ,Brar'sDesi Ghee Cooking Oil   800 g,$16.99ea,,$2.12/ 100g,False
pantry,Suraj,"Ground Black Pepper, Kali Mirch","SurajGround Black Pepper, Kali Mirch400 g",$9.99ea,,$2.50/ 100g,False
pantry,Arm & Hammer,Baking Soda,Arm & HammerBaking Soda2 kg,$6.99ea,,$0.35/ 100g,False
pantry,President's Choice,Salted Cashews Almonds and Macadamia Nuts,President's ChoiceSalted Cashews Almonds and Macadamia Nuts200 g,$6.99ea,,$3.50/ 100g,False
pantry,Rao's,Marinara Sauce,Rao'sMarinara Sauce680 ml,$12.49ea,,$1.89/ 100ml,False
pantry,Streit's,"Matzo Meal, Easy Pour","Streit'sMatzo Meal, Easy Pour354 g",$3.99ea,,$1.13/ 100g,False
pantry,No Name,Miniature Cut Cobs of Corn,No NameMiniature Cut Cobs of Corn398 ml,$1.99ea,,$0.50/ 100ml,False
pantry,No Name,Tomato Sauce,No NameTomato Sauce213 ml,$1.49ea,,$0.70/ 100ml,False
pantry,NO.7,Hot Sauce Ghost,NO.7Hot Sauce Ghost350 g,$7.99ea,,$2.28/ 100g,False
pantry,Skinnygirl,Balsamic Vinaigrette,SkinnygirlBalsamic Vinaigrette237 ml,$3.99ea,,$1.68/ 100ml,False
pantry,Wilton,"Diamond Sprinkles Mix, 10 oz.","WiltonDiamond Sprinkles Mix, 10 oz.285 g",$13.49ea,,$4.73/ 100g,False
pantry,O Olive Oil,Citrus Champagne Vinegar,O Olive OilCitrus Champagne Vinegar300 ml,$14.99ea,,$5.00/ 100ml,False
pantry,President's Choice,Sliced Sweet Red Peppers,President's ChoiceSliced Sweet Red Peppers300 ml,$3.99ea,,$1.33/ 100ml,False
pantry,Knorr,Selects Four Cheese Risotto,KnorrSelects Four Cheese Risotto175 g,$3.49ea,,$1.99/ 100g,False
pantry,Paesana,"Pasta Sauce, Fra Diavolo","PaesanaPasta Sauce, Fra Diavolo750 ml",$8.49ea,,$1.13/ 100ml,False
pantry,Marie Sharp's,Original Hot Habanero Pepper Sauce,Marie Sharp'sOriginal Hot Habanero Pepper Sauce148 ml,$6.99ea,,$4.72/ 100ml,False
pantry,G Hughes Smokehouse,Bbq Sauce Sweet & Spicy,G Hughes SmokehouseBbq Sauce Sweet & Spicy490 ml,$6.99ea,,$1.43/ 100ml,False
pantry,Inca's Gold,Organic Chia Black,Inca's GoldOrganic Chia Black454 g,$12.99ea,,$2.86/ 100g,False
pantry,Crown,Cut Baby Corn    ,CrownCut Baby Corn    410 g,$2.29ea,,$0.56/ 100g,False
pantry,Dagim,"Light Tuna, Chunk In Water","DagimLight Tuna, Chunk In Water170 g",$2.49ea,$2.39ea,$1.41/ 100g,True
pantry,PC Black Label,Maple Butter Spread,PC Black LabelMaple Butter Spread158 g,$4.99ea,,$3.16/ 100g,False
pantry,General Mills,"Granola, Oats and Honey Flavoured","General MillsGranola, Oats and Honey Flavoured481 g",$10.49ea,,$2.18/ 100g,False
pantry,Gefen,"Instant Noodle Soup, Chicken","GefenInstant Noodle Soup, Chicken66 g",$1.99ea,,$3.02/ 100g,False
pantry,Kraft,Baker's Premium 70% Dark Chocolate Baking Bar,KraftBaker's Premium 70% Dark Chocolate Baking Bar170 g,$5.99ea,,$3.52/ 100g,False
pantry,Shreddies,Shreddies Cereal Original Jumbo,ShreddiesShreddies Cereal Original Jumbo1.24 kg,$11.99ea,,$0.97/ 100g,False
pantry,Stock and Barrel,White Sesame Seeds,Stock and BarrelWhite Sesame Seeds250 g,$4.99ea,,$2.00/ 100g,False
pantry,Pickapeppa,Sauce Gingery Mango,PickapeppaSauce Gingery Mango148 ml,$4.99ea,,$3.37/ 100ml,False
pantry,Maille,Dijon Originale Mustard,MailleDijon Originale Mustard200 ml,$4.49ea,,$2.25/ 100ml,False
pantry,Lee Kum Kee, Pure Black Sesame Oil,Lee Kum Kee Pure Black Sesame Oil207 ml,$5.99ea,,$2.89/ 100ml,False
pantry,Cleopatra,Egyptian Rice Camolino,CleopatraEgyptian Rice Camolino4.534 kg,$16.99ea,,$0.37/ 100g,False
pantry,Jack Daniels,Honey BBQ Sauce,Jack DanielsHoney BBQ Sauce473 ml,$7.49ea,,$1.58/ 100ml,False
pantry,Pam,Cooking Spray,PamCooking Spray110 g,$5.99ea,,$5.45/ 100g,False
pantry,President's Choice,Spicy Stir-Fry Oil,President's ChoiceSpicy Stir-Fry Oil185 ml,$3.49ea,,$1.89/ 100ml,False
pantry,Golden Panda,Jasmine Rice Milagrosa,Golden PandaJasmine Rice Milagrosa8 kg,$22.99ea,,$0.29/ 100g,False
pantry,Herdez,Green Salsa     ,HerdezGreen Salsa     453 g,$3.49ea,,$0.77/ 100g,False
pantry,Bonne Maman,Mango & Peach Spread,Bonne MamanMango & Peach Spread280 ml,$7.49ea,$4.99ea,$1.78/ 100ml,True
pantry,Kuehne,Sundried Tomatoes,KuehneSundried Tomatoes375 ml,$7.99ea,,$2.13/ 100ml,False
pantry,Mutti,Strained Tomatoes,MuttiStrained Tomatoes398 ml,$3.49ea,,$0.88/ 100ml,False
pantry,Wilton,"Gold Sanding Sugar Pouch, 40 g","WiltonGold Sanding Sugar Pouch, 40 g40 g",$1.59ea,,$3.98/ 100g,False
pantry,S&W,Fiesta Tropical Mixed Fruit in Heavy Syrup,S&WFiesta Tropical Mixed Fruit in Heavy Syrup796 ml,$3.49ea,,$0.44/ 100ml,False
pantry,Phlippen,Phlippen Hot,PhlippenPhlippen Hot375 ml,$9.99ea,,$2.66/ 100ml,False
pantry,PC Black Label,Cherry Pinot Noir Condiment,PC Black LabelCherry Pinot Noir Condiment185 ml,$4.99ea,,$2.70/ 100ml,False
pantry,Sunmaid,Yogurt Raisins,SunmaidYogurt Raisins200 g,$4.99ea,,$2.50/ 100g,False
pantry,Molisana,Mild Muffuletta,MolisanaMild Muffuletta500 ml,$6.79ea,,$1.36/ 100ml,False
pantry,Frenchs,Yellow Mustard,FrenchsYellow Mustard325 ml,$3.49ea,,$1.07/ 100ml,False
pantry,Knox,Gelatin,KnoxGelatin84 g,$9.49ea,,$11.30/ 100g,False
pantry,Divina Krunch,"Granola, Omega-3 & Nuts","Divina KrunchGranola, Omega-3 & Nuts400 g",$5.99ea,,$1.50/ 100g,False
pantry,Galil,Hearts Of Palm Whole   ,GalilHearts Of Palm Whole   400 g,$2.49ea,,$0.62/ 100g,False
pantry,O Olive Oil,"Vinegar, Olive Oil  California Champagne","O Olive OilVinegar, Olive Oil  California Champagne300 ml",$14.99ea,,$5.00/ 100ml,False
pantry,President's Choice,Spicy Herb & Pepper Olive Oil,President's ChoiceSpicy Herb & Pepper Olive Oil250 ml,$7.49ea,,$3.00/ 100ml,False
pantry,Wilton,Red Cookie Icing,WiltonRed Cookie Icing255 g,$7.19ea,,$2.82/ 100g,False
pantry,Club House,"Vanilla, Artificial","Club HouseVanilla, Artificial43 ml",$3.99ea,,$9.28/ 100ml,False
pantry,Hellmanns,"Vinaigrette for salads, grain bowls, and marinades Lemon Za’atar salad dressing","HellmannsVinaigrette for salads, grain bowls, and marinades Lemon Za’atar salad dressing475 ml",$5.99ea,$5.49ea,$1.16/ 100ml,True
pantry,Knorr,Rice Noodle Cup Vietnamese Beef Pho Low Fat ,KnorrRice Noodle Cup Vietnamese Beef Pho Low Fat 60 g,$3.49ea,,$5.82/ 100g,False
pantry,President's Choice,Asian Blend Salad Topping,President's ChoiceAsian Blend Salad Topping100 g,$3.99ea,,$3.99/ 100g,False
pantry,Tamam,Chickpeas ,TamamChickpeas 540 ml,$1.29ea,,$0.24/ 100ml,False
pantry,McCormicks,Garlic Powder ,McCormicksGarlic Powder 54 g,$9.99ea,,$18.50/ 100g,False
pantry,La Costena,Green Pickled Sliced Jalapeno Peppers,La CostenaGreen Pickled Sliced Jalapeno Peppers330 ml,$3.29ea,,$1.00/ 100ml,False
pantry,Jus' Better,Sour Neon Worms,Jus' BetterSour Neon Worms550 g,$4.99ea,,$0.91/ 100g,False
pantry,Club House,Pickling Spice (Pouch),Club HousePickling Spice (Pouch)110 g,$6.49ea,,$5.90/ 100g,False
pantry,Rogers,Stevia Leaf Extract Sweetener,RogersStevia Leaf Extract Sweetener90 g,$5.49ea,,$6.10/ 100g,False
pantry,Campbell's,Chicken Broth,Campbell'sChicken Broth900 ml,$3.49ea,,$0.39/ 100ml,False
pantry,Campbell's,Roasted Red Pepper & Tomato,Campbell'sRoasted Red Pepper & Tomato284 ml,$2.99ea,,$1.05/ 100ml,False
pantry,,Jubes  Candy,Jubes  Candy,$0.99/100 g,,$0.99/ 100g,False
pantry,President's Choice,Nuts Dry Roasted California Almonds,President's ChoiceNuts Dry Roasted California Almonds907 g,$13.99ea,,$1.54/ 100g,False
pantry,Hellmanns,"Mayonnaise for sandwiches, salads, and burgers Real gluten-free and kosher","HellmannsMayonnaise for sandwiches, salads, and burgers Real gluten-free and kosher1.42 l",$11.49ea,,$0.81/ 100ml,False
pantry,Catelli,"Classic, Lasagne Pasta","CatelliClassic, Lasagne Pasta500 g",$3.99ea,,$0.80/ 100g,False
pantry,Catelli,"SuperGreens, Fusilli Pasta","CatelliSuperGreens, Fusilli Pasta300 g",$3.49ea,,$1.16/ 100g,False
pantry,President's Choice,Rice Vermicelli Noodles,President's ChoiceRice Vermicelli Noodles225 g,$2.49ea,,$1.11/ 100g,False
pantry,,Raw  Pecan Pieces,Raw  Pecan Pieces,$4.59/100 g,,$4.59/ 100g,False
pantry,Kelloggs,Cereal Maple Cinnamon Flavour,KelloggsCereal Maple Cinnamon Flavour435 g,$5.99ea,,$1.38/ 100g,False
pantry,Campbell's,Cream of Chicken Soup,Campbell'sCream of Chicken Soup284 ml,$2.99ea,,$1.05/ 100ml,False
pantry,Lantic,Jam & Jelly Mix,LanticJam & Jelly Mix900 g,$3.99ea,,$0.44/ 100g,False
pantry,,Bbq Flavored  Peanuts,Bbq Flavored  Peanuts,$1.29/100 g,,$1.29/ 100g,False
pantry,President's Choice,Parsley Leaves,President's ChoiceParsley Leaves8 g,$6.49ea,,$81.13/ 100g,False
pantry,Tamam,Extra Large Faba Beans ,TamamExtra Large Faba Beans 540 ml,$1.99ea,,$0.37/ 100ml,False
pantry,,Milk Chocolate  Jujubes,Milk Chocolate  Jujubes,$1.49/100 g,,$1.49/ 100g,False
pantry,Campbell's,Classic Chicken Noodle Ready to Serve Soup,Campbell'sClassic Chicken Noodle Ready to Serve Soup515 ml,$3.00ea,$2.79ea,$0.54/ 100ml,True
pantry,Club House,Organic Crushed Red Pepper,Club HouseOrganic Crushed Red Pepper23 g,$3.79ea,,$16.48/ 100g,False
pantry,Clover Leaf,"Chunk Light Tuna, Skip Jack In Water","Clover LeafChunk Light Tuna, Skip Jack In Water170 g",$2.29ea,,$1.35/ 100g,False
pantry,Jell-O,"Strawberry Jelly Powder, Gelatin Mix","Jell-OStrawberry Jelly Powder, Gelatin Mix85 g",$1.49ea,,$1.75/ 100g,False
pantry,President's Choice,Mixed Nuts with Sea Salt,President's ChoiceMixed Nuts with Sea Salt680 g,$13.99ea,,$2.06/ 100g,False
pantry,Club House,Organic Paprika,Club HouseOrganic Paprika40 g,$3.79ea,,$9.48/ 100g,False
pantry,President's Choice,Medium Curry Powder,President's ChoiceMedium Curry Powder42 g,$6.49ea,,$15.45/ 100g,False
pantry,,Raw  Hazelnuts,Raw  Hazelnuts,$3.49/100 g,,$3.49/ 100g,False
pantry,Watkins,Organic Garlic Salt Grinder,WatkinsOrganic Garlic Salt Grinder123 g,$8.99ea,,$7.31/ 100g,False
pantry,Heinz,Tomato Ketchup,HeinzTomato Ketchup1 l,$5.99ea,,$0.60/ 100ml,False
pantry,Palm,Corned Beef & Garlic,PalmCorned Beef & Garlic326 g,$5.99ea,,$1.84/ 100g,False
pantry,Strubs,Dill Pickles,StrubsDill Pickles1.5 l,$7.99ea,,$0.53/ 100ml,False
pantry,No Name,Cooked Ham,No NameCooked Ham454 g,$6.49ea,,$1.43/ 100g,False
pantry,Sapporo,"Ichiban Japanese Style Noodles, Chicken","SapporoIchiban Japanese Style Noodles, Chicken100 g",$1.29ea,,$1.29/ 100g,False
pantry,President's Choice,Hearty Chicken Noodle Soup,President's ChoiceHearty Chicken Noodle Soup540 ml,$3.49ea,,$0.65/ 100ml,False
pantry,President's Choice,Raw Cashews,President's ChoiceRaw Cashews680 g,$13.99ea,,$2.06/ 100g,False
pantry,No Name,Pure White Vinegar ,No NamePure White Vinegar 4 l,$3.99ea,,$0.10/ 100ml,False
pantry,General Mills,Cinnamon Chex Family Size,General MillsCinnamon Chex Family Size542 g,$7.99ea,,$1.47/ 100g,False
pantry,Club House,Garlic Powder,Club HouseGarlic Powder165 g,$7.99ea,,$4.84/ 100g,False
pantry,President's Choice,Chorizo Taco Seasoning Mix,President's ChoiceChorizo Taco Seasoning Mix24 g,$1.39ea,,$5.79/ 100g,False
pantry,Ocean's Halo,Light Tuna Chunk in Water,Ocean's HaloLight Tuna Chunk in Water170 g,$1.99ea,$1.49ea,$0.88/ 100g,True
pantry,Smuckers,Pure Blueberry Jam,SmuckersPure Blueberry Jam250 ml,$4.49ea,,$1.80/ 100ml,False
pantry,Quaker,Oatmeal Chocolate Chip Muffin Mix,QuakerOatmeal Chocolate Chip Muffin Mix900 g,$5.49ea,,$0.61/ 100g,False
pantry,Old El Paso,Quesadilla Seasoning,Old El PasoQuesadilla Seasoning24 g,$1.99ea,,$8.29/ 100g,False
pantry,No Name,Chicken Flavour Instant Noodle Soup,No NameChicken Flavour Instant Noodle Soup85 g,$0.59ea,,$0.69/ 100g,False
pantry,Clover Leaf,"Crabmeat, 15% Leg Meat","Clover LeafCrabmeat, 15% Leg Meat120 g",$5.99ea,,$4.99/ 100g,False
pantry,President's Choice,Raspberry & White Balsamic Dressing ,President's ChoiceRaspberry & White Balsamic Dressing 475 ml,$3.99ea,,$0.84/ 100ml,False
pantry,Tamam,Black Olives,TamamBlack Olives1 l,$6.99ea,,$0.70/ 100ml,False
pantry,Quaker,Maple & Brown Sugar Flavour Instant Oatmeal,QuakerMaple & Brown Sugar Flavour Instant Oatmeal344 g,$4.79ea,,$1.39/ 100g,False
pantry,Rooster,Mung Green Beans,RoosterMung Green Beans454 g,$2.99ea,,$0.66/ 100g,False
pantry,Duncan Hines,Epic Brownie Kit S'mores,Duncan HinesEpic Brownie Kit S'mores685 g,$7.99ea,,$1.17/ 100g,False
pantry,Be Sweet, Vegan Honey,Be Sweet Vegan Honey500 g,$9.49ea,,$1.90/ 100g,False
pantry,Unico,"Pimentos, Diced","UnicoPimentos, Diced225 ml",$4.49ea,,$2.00/ 100ml,False
pantry,Brar's,Corn Flour,Brar'sCorn Flour1810 g,$7.29ea,,$0.40/ 100g,False
pantry,Yu Jia Xiang, Fried Dace With Salted Black Beans,Yu Jia Xiang Fried Dace With Salted Black Beans184 g,$3.99ea,,$2.17/ 100g,False
pantry,Wilton,"Blue, Orange & Red Gold-Dipped Birthday Candles, 10-Count","WiltonBlue, Orange & Red Gold-Dipped Birthday Candles, 10-Count10 ea",$2.99ea,,$0.30/ 1ea,False
pantry,Del Monte,Corn Medley Mediterranean Style,Del MonteCorn Medley Mediterranean Style398 ml,$2.99ea,,$0.75/ 100ml,False
pantry,Rooster,Soy Sauce,RoosterSoy Sauce500 ml,$2.49ea,,$0.50/ 100ml,False
pantry,Jif,Crunchy Peanut Butter,JifCrunchy Peanut Butter500 g,$5.49ea,,$1.10/ 100g,False
pantry,Jus' Better,Jelly Bean,Jus' BetterJelly Bean750 g,$4.99ea,,$0.67/ 100g,False
pantry,Wilton,"6-Cell Rainbow Medley Sprinkles Mix with Turning Lid, 185 g","Wilton6-Cell Rainbow Medley Sprinkles Mix with Turning Lid, 185 g186 g",$7.89ea,,$4.24/ 100g,False
pantry,CattleBoyz,Cattle Boyz BBQ Sauce Original,CattleBoyzCattle Boyz BBQ Sauce Original490 ml,$8.49ea,,$1.73/ 100ml,False
pantry,Hunt's,Tomato Sauce,Hunt'sTomato Sauce910 ml,$4.19ea,,$0.46/ 100ml,False
pantry,Al Fez,Shawarma Marinade,Al FezShawarma Marinade157 ml,$4.69ea,,$2.99/ 100ml,False
pantry,,Basmati Rice Premium (Case),Basmati Rice Premium (Case)4.54 kg,$17.29c01,,$0.38/ 100g,False
pantry,St Hubert,"Poutine Gravy, Smoked Bacon","St HubertPoutine Gravy, Smoked Bacon398 ml",$2.79ea,,$0.70/ 100ml,False
pantry,Portugallo,Spicy Garlic Sauce,PortugalloSpicy Garlic Sauce355 ml,$6.99ea,,$1.97/ 100ml,False
pantry,O Olive Oil,"Vinegar, Olive Oil  California Champagne","O Olive OilVinegar, Olive Oil  California Champagne300 ml",$14.99ea,,$5.00/ 100ml,False
pantry,Aylmer,Accents Spicy Red Pepper,AylmerAccents Spicy Red Pepper540 ml,$2.79ea,,$0.52/ 100ml,False
pantry,Bicks,Yum Yum Sweet Pickles,BicksYum Yum Sweet Pickles500 ml,$5.49ea,,$1.10/ 100ml,False
pantry,Renees,Sweet Onion Vinaigrette Salad Dressing,ReneesSweet Onion Vinaigrette Salad Dressing350 ml,$6.49ea,,$1.85/ 100ml,False
pantry,Rooster,Dark Soy Sauce,RoosterDark Soy Sauce500 ml,$2.49ea,,$0.50/ 100ml,False
pantry,President's Choice,The Decadent Semi-Sweet Chocolate Chunks,President's ChoiceThe Decadent Semi-Sweet Chocolate Chunks226 g,$4.49ea,,$1.99/ 100g,False
pantry,Royal Nuts,Dry Roasted Pecans Unsalted,Royal NutsDry Roasted Pecans Unsalted250 g,$13.99ea,,$5.60/ 100g,False
pantry,Twinkle Baker Decor,"Triplet Sprinkler, Pink Sprinkles","Twinkle Baker DecorTriplet Sprinkler, Pink Sprinkles185 g",$6.49ea,,$3.51/ 100g,False
pantry,Young & Young,Rice Vermicelli,Young & YoungRice Vermicelli454 g,$3.29ea,,$0.72/ 100g,False
pantry,Riso Bello,Risotto Pronto Porcini Truffle,Riso BelloRisotto Pronto Porcini Truffle175 g,$6.49ea,,$3.71/ 100g,False
pantry,Pataks,Tikka Masala Cooking Sauce Kit 3 Step,PataksTikka Masala Cooking Sauce Kit 3 Step313 g,$5.69ea,,$1.82/ 100g,False
pantry,Pataks,Biryani Rice Three,PataksBiryani Rice Three164 g,$5.69ea,,$3.47/ 100g,False
pantry,President's Choice,Gingerbread Cookie Baking Mix,President's ChoiceGingerbread Cookie Baking Mix500 g,$4.79ea,,$0.96/ 100g,False
pantry,President's Choice,Spicy Herb & Pepper Olive Oil,President's ChoiceSpicy Herb & Pepper Olive Oil250 ml,$7.49ea,,$3.00/ 100ml,False
pantry,PC Blue Menu,"Twice The Fruit Strawberry Spread, Club Size","PC Blue MenuTwice The Fruit Strawberry Spread, Club Size1 l",$10.49ea,,$1.05/ 100ml,False
pantry,Twinkle Baker Decor,Twinkle Baker Décor Barbie Triplet Sprinkles Barbie Sprinkle Mixes 200 g,Twinkle Baker DecorTwinkle Baker Décor Barbie Triplet Sprinkles Barbie Sprinkle Mixes 200 g200 g,$7.49ea,,$3.75/ 100g,False
pantry,Sunmaid,Apricots,SunmaidApricots250 g,$7.79ea,,$3.12/ 100g,False
pantry,Cholula,Sweet Habanero Hot Sauce,CholulaSweet Habanero Hot Sauce150 ml,$7.29ea,$4.99ea,$3.33/ 100ml,True
pantry,Mr Noodles,"Spicy Chicken, Club Pack","Mr NoodlesSpicy Chicken, Club Pack12x85.0 g",$6.49ea,,$0.64/ 100g,False
pantry,,Pasta Sauce Marinara,Pasta Sauce Marinara660 ml,$11.99ea,,$1.82/ 100ml,False
pantry,No Name,Whole Pitted Dates Club Size,No NameWhole Pitted Dates Club Size1 kg,$9.49ea,,$0.95/ 100g,False
pantry,Gees Bees Honey Company,Wildflower Honey,Gees Bees Honey CompanyWildflower Honey500 g,$10.99ea,,$2.20/ 100g,False
pantry,Knorr,Pasta Sauce Mix For A Rich And Creamy Pasta Sauce Alfredo ,KnorrPasta Sauce Mix For A Rich And Creamy Pasta Sauce Alfredo 37 g,$2.49ea,,$6.73/ 100g,False
pantry,Haiku,Tom Yum Soup,HaikuTom Yum Soup398 ml,$4.49ea,$3.99ea,$1.00/ 100ml,True
pantry,Knorr,Halal Beef Powder,KnorrHalal Beef Powder150 g,$2.79ea,$2.49ea,$1.66/ 100g,True
pantry,Wilton,"Blue Cosmic Sprinkles Mix, 10 oz","WiltonBlue Cosmic Sprinkles Mix, 10 oz283 g",$13.49ea,,$4.77/ 100g,False
pantry,Chief,Hot and Spicy Duck Goat Curry,ChiefHot and Spicy Duck Goat Curry85 g,$1.69ea,,$1.99/ 100g,False
pantry,PC Black Label,Calabrian Chili Pepper Pesto,PC Black LabelCalabrian Chili Pepper Pesto180 ml,$5.49ea,,$3.05/ 100ml,False
pantry,President's Choice,"Blueberries, Sweetened Dried Fruit","President's ChoiceBlueberries, Sweetened Dried Fruit500 g",$19.99ea,,$4.00/ 100g,False
pantry,Litehouse,Garlic,LitehouseGarlic45 g,$6.49ea,,$14.42/ 100g,False
pantry,Matouks,Guava Jam,MatouksGuava Jam250 ml,$5.69ea,,$2.28/ 100ml,False
pantry,President's Choice,Mushroom Pasta Sauce ,President's ChoiceMushroom Pasta Sauce 700 ml,$3.99ea,,$0.57/ 100ml,False
pantry,Litehouse,Basil,LitehouseBasil8 g,$6.49ea,,$81.13/ 100g,False
pantry,Ching's,Hakka Noodles Chowmein Masala Mild  Seasoning Mix,Ching'sHakka Noodles Chowmein Masala Mild  Seasoning Mix50 g,$1.59ea,,$3.18/ 100g,False
pantry,No Name,Cut Mixed Peel,No NameCut Mixed Peel225 g,$5.29ea,,$2.35/ 100g,False
pantry,No Name,Mild Garlic Rib Sauce ,No NameMild Garlic Rib Sauce 350 ml,$3.49ea,$2.49ea,$0.71/ 100ml,True
pantry,,Organic Trail Mix,Organic Trail Mix,$3.49/100 g,,$3.49/ 100g,False
pantry,Ocean Spray,Craisins Sweetened Dried Cranberries ,Ocean SprayCraisins Sweetened Dried Cranberries 170 g,$4.79ea,,$2.82/ 100g,False
pantry,President's Choice,Pure Seville Orange Marmalade,President's ChoicePure Seville Orange Marmalade250 ml,$3.69ea,,$1.48/ 100ml,False
pantry,Jaffa,Pitted Dates,JaffaPitted Dates500 g,$4.29ea,,$0.86/ 100g,False
pantry,Skinnygirl,Poppyseed,SkinnygirlPoppyseed237 ml,$3.99ea,,$1.68/ 100ml,False
pantry,Knorr,Soup Mix Sweet Corn & Vegetable ,KnorrSoup Mix Sweet Corn & Vegetable 44 g,$1.79ea,,$4.07/ 100g,False
pantry,Tipiak,Couscous      ,TipiakCouscous      500 g,$4.79ea,,$0.96/ 100g,False
pantry,Tastee,Chili Salted Radish Strip,TasteeChili Salted Radish Strip369 g,$4.39ea,,$1.19/ 100g,False
pantry,President's Choice,Nanaimo Bar Baking Mix,President's ChoiceNanaimo Bar Baking Mix740 g,$7.99ea,,$1.08/ 100g,False
pantry,Knorr,Gravy Mix For A Traditional Gravy Turkey Classic Roast,KnorrGravy Mix For A Traditional Gravy Turkey Classic Roast30 g,$2.49ea,,$8.30/ 100g,False
pantry,Wilton,"Kelly Green Ready-to-Use Icing Tube, 4.25 oz.","WiltonKelly Green Ready-to-Use Icing Tube, 4.25 oz.120 g",$3.79ea,,$3.16/ 100g,False
pantry,Hunt's,"Italian Tomato Sauce, Onion, Herbs, and Spices","Hunt'sItalian Tomato Sauce, Onion, Herbs, and Spices680 ml",$2.89ea,,$0.43/ 100ml,False
pantry,Wilton,Happy Birthday Multicolor White Dot Candles,WiltonHappy Birthday Multicolor White Dot Candles12 ea,$2.99ea,,$0.25/ 1ea,False
pantry,Hunt's,Tomato Sauce Tetra Pack    ,Hunt'sTomato Sauce Tetra Pack    910 ml,$4.19ea,,$0.46/ 100ml,False
pantry,,Milk Chocolate Raisins,Milk Chocolate Raisins,$1.89/100 g,,$1.89/ 100g,False
pantry,Aubrey D,Rebel Hot Reaper Pepper Hot Sauce,Aubrey DRebel Hot Reaper Pepper Hot Sauce150 ml,$14.99ea,,$9.99/ 100ml,False
pantry,The Spice Tailor,Classic Butter Chicken Mild,The Spice TailorClassic Butter Chicken Mild285 ml,$6.99ea,,$2.45/ 100ml,False
pantry,President's Choice,Gold and Silver Sprinkles,President's ChoiceGold and Silver Sprinkles120 g,$5.49ea,,$4.58/ 100g,False
pantry,Cleopatra,Egyptian Rice Camolino,CleopatraEgyptian Rice Camolino4.534 kg,$16.99ea,,$0.37/ 100g,False
pantry,President's Choice,Spicy Stir-Fry Oil,President's ChoiceSpicy Stir-Fry Oil185 ml,$3.49ea,,$1.89/ 100ml,False
pantry,Golden Panda,Jasmine Rice Milagrosa,Golden PandaJasmine Rice Milagrosa8 kg,$22.99ea,,$0.29/ 100g,False
pantry,PC Blue Menu,Small White Beans,PC Blue MenuSmall White Beans900 g,$3.49ea,,$0.39/ 100g,False
pantry,Wilton,Disposable Decorating Bag,WiltonDisposable Decorating Bag33 g,$9.49ea,,$28.76/ 100g,False
pantry,Quaker,Brown Sugar Cinnamon Flavour Instant Oatmeal,QuakerBrown Sugar Cinnamon Flavour Instant Oatmeal248 g,$4.79ea,,$1.93/ 100g,False
pantry,Jell-O,Vanilla Instant Pudding Mix,Jell-OVanilla Instant Pudding Mix153 g,$2.49ea,,$1.63/ 100g,False
pantry,Heartbeat Hot Sauce Co.,Red Habanero,Heartbeat Hot Sauce Co.Red Habanero177 ml,$12.99ea,,$7.34/ 100ml,False
pantry,A Taste of Thai,Sweet Red Chili Sauce,A Taste of ThaiSweet Red Chili Sauce200 ml,$4.79ea,,$2.31/ 100ml,False
pantry,PC Black Label,Cranberry & Coconut Muesli,PC Black LabelCranberry & Coconut Muesli540 g,$5.99ea,,$1.11/ 100g,False
pantry,Colavita,White Wine Vinegar,ColavitaWhite Wine Vinegar500 ml,$4.99ea,,$1.00/ 100ml,False
pantry,Bertolli,Olive Oil Extra Light Taste,BertolliOlive Oil Extra Light Taste2 l,$32.99ea,,$1.65/ 100ml,False
pantry,Lynch,Sub Sauce,LynchSub Sauce375 ml,$5.99ea,,$1.60/ 100ml,False
pantry,,"Oils, Lion & Globe Peanut Oil, Extra Virgin","Oils, Lion & Globe Peanut Oil, Extra Virgin900 ml",$10.79ea,,$1.20/ 100ml,False
pantry,Wilton,Green Cookie Icing,WiltonGreen Cookie Icing255 g,$7.19ea,,$2.82/ 100g,False
pantry,Adams,100% Natural Dark Roast Crunchy Peanut Butter,Adams100% Natural Dark Roast Crunchy Peanut Butter500 g,$5.49ea,,$1.10/ 100g,False
pantry,Mutti,San Marzano Peeled Tomatoes,MuttiSan Marzano Peeled Tomatoes398 ml,$5.19ea,,$1.30/ 100ml,False
pantry,Al Fez,Apricot & Coriander Sauce,Al FezApricot & Coriander Sauce400 ml,$5.99ea,,$1.50/ 100ml,False
pantry,Knorr,Classic Roast Demi-Glace Gravy Mix,KnorrClassic Roast Demi-Glace Gravy Mix34 g,$2.49ea,,$7.32/ 100g,False
pantry,Apo,White King Puto Mix,ApoWhite King Puto Mix400 g,$3.49ea,,$0.87/ 100g,False
pantry,Maison Orphee,Vinaigrette Marinade Ranch,Maison OrpheeVinaigrette Marinade Ranch240 ml,$5.99ea,,$2.50/ 100ml,False
pantry,Firecracker,Hot Sauce Nuclear Bacchanal,FirecrackerHot Sauce Nuclear Bacchanal200 ml,$9.99ea,,$5.00/ 100ml,False
pantry,Island Gurl,Mango Jerk Sauce,Island GurlMango Jerk Sauce360 ml,$6.99ea,,$1.94/ 100ml,False
pantry,Aylmer,Diced Tomatoes with Italian Spices,AylmerDiced Tomatoes with Italian Spices796 ml,$2.79ea,,$0.35/ 100ml,False
pantry,Sunmaid,Raisins Mixed Jumbo,SunmaidRaisins Mixed Jumbo200 g,$4.99ea,,$2.50/ 100g,False
pantry,,Sweet and Savoury Trail Mix,Sweet and Savoury Trail Mix,$3.69/100 g,,$3.69/ 100g,False
pantry,,Organic Cranberry Splash Trail Mix,Organic Cranberry Splash Trail Mix,$2.59/100 g,,$2.59/ 100g,False
pantry,Mezzetta,Jalapeno Stuffed Olives,MezzettaJalapeno Stuffed Olives212 g,$8.49ea,,$4.00/ 100g,False
pantry,Jus' Better,Jujubes,Jus' BetterJujubes750 g,$4.99ea,,$0.67/ 100g,False
pantry,Clic,Coarse Durum Semolina,ClicCoarse Durum Semolina907 g,$3.49ea,,$0.38/ 100g,False
pantry,Muskoka,Jalapeno Garlic Sauce,MuskokaJalapeno Garlic Sauce250 ml,$7.49ea,,$3.00/ 100ml,False
pantry,Sherni's,Vegetable Curry,Sherni'sVegetable Curry500 ml,$7.49ea,,$1.50/ 100ml,False
pantry,M'Lord,Fish & Chip Vinegar Old English,M'LordFish & Chip Vinegar Old English250 ml,$4.99ea,,$2.00/ 100ml,False
pantry,Campbell's,"Canned Soup, Soup At Hand, Chicken With Mini Pasta","Campbell'sCanned Soup, Soup At Hand, Chicken With Mini Pasta284 ml",$2.59ea,,$0.91/ 100ml,False
pantry,President's Choice,Raw Pecan Halves,President's ChoiceRaw Pecan Halves150 g,$6.99ea,,$4.66/ 100g,False
pantry,Stonewall Kitchen,Cinnamon Streusel Coffee Cake Mix,Stonewall KitchenCinnamon Streusel Coffee Cake Mix771.1 g,$15.99ea,,$2.07/ 100g,False
pantry,Wilton,"Diamond Sprinkles Mix, 10 oz.","WiltonDiamond Sprinkles Mix, 10 oz.285 g",$13.49ea,,$4.73/ 100g,False
pantry,O Olive Oil,Citrus Champagne Vinegar,O Olive OilCitrus Champagne Vinegar300 ml,$14.99ea,,$5.00/ 100ml,False
pantry,Marie Sharp's,Original Hot Habanero Pepper Sauce,Marie Sharp'sOriginal Hot Habanero Pepper Sauce148 ml,$6.99ea,,$4.72/ 100ml,False
pantry,G Hughes Smokehouse,Bbq Sauce Sweet & Spicy,G Hughes SmokehouseBbq Sauce Sweet & Spicy490 ml,$6.99ea,,$1.43/ 100ml,False
pantry,Kitchens of India,Yellow Dal Tadka,Kitchens of IndiaYellow Dal Tadka270 g,$5.29ea,,$1.96/ 100g,False
pantry,Stock and Barrel,Ground Almonds,Stock and BarrelGround Almonds150 g,$5.99ea,,$3.99/ 100g,False
pantry,McClure's,Spicy Spear Pickles,McClure'sSpicy Spear Pickles750 ml,$6.99ea,,$0.93/ 100ml,False
pantry,Nando's,Hot Sauce,Nando'sHot Sauce450 ml,$6.49ea,,$1.44/ 100ml,False
pantry,Maison Orphee,Vinaigrette Marinade Caesar,Maison OrpheeVinaigrette Marinade Caesar250 ml,$5.99ea,,$2.40/ 100ml,False
pantry,Chivers,Marmalade Olde English    ,ChiversMarmalade Olde English    340 g,$4.29ea,,$1.26/ 100g,False
pantry,President's Choice,"Over 50% Juice Jelly, Red Currant","President's ChoiceOver 50% Juice Jelly, Red Currant250 ml",$3.69ea,,$1.48/ 100ml,False
pantry,Le Grec,Classic Dressing Ranch,Le GrecClassic Dressing Ranch350 ml,$4.99ea,,$1.43/ 100ml,False
pantry,Wilton,"3-Cell Dinosaur-Shaped Sprinkles Mix, 7.93 oz.","Wilton3-Cell Dinosaur-Shaped Sprinkles Mix, 7.93 oz.225 g",$7.89ea,,$3.51/ 100g,False
pantry,Phlippen,Phlippen Jerk,PhlippenPhlippen Jerk375 ml,$9.99ea,,$2.66/ 100ml,False
pantry,Haldiram,Minute Khana Dum Biryani Mild,HaldiramMinute Khana Dum Biryani Mild200 g,$3.29ea,,$1.65/ 100g,False
pantry,,Pasta Sauce Tomato Basil,Pasta Sauce Tomato Basil660 ml,$11.99ea,,$1.82/ 100ml,False
pantry,ABC,Stir Fried Noodle,ABCStir Fried Noodle350 g,$2.59ea,,$0.74/ 100g,False
pantry,Marie Sharp's,Mild Habanero Pepper Sauce,Marie Sharp'sMild Habanero Pepper Sauce148 ml,$6.99ea,,$4.72/ 100ml,False
pantry,,Dried Turkish Apricots,Dried Turkish Apricots,$2.19/100 g,,$2.19/ 100g,False
pantry,President's Choice,Salted Cashews Almonds and Macadamia Nuts,President's ChoiceSalted Cashews Almonds and Macadamia Nuts200 g,$6.99ea,,$3.50/ 100g,False
pantry,Rao's,Marinara Sauce,Rao'sMarinara Sauce680 ml,$12.49ea,,$1.89/ 100ml,False
pantry,Streit's,"Matzo Meal, Easy Pour","Streit'sMatzo Meal, Easy Pour354 g",$3.99ea,,$1.13/ 100g,False
pantry,No Name,Miniature Cut Cobs of Corn,No NameMiniature Cut Cobs of Corn398 ml,$1.99ea,,$0.50/ 100ml,False
pantry,No Name,Tomato Sauce,No NameTomato Sauce213 ml,$1.49ea,,$0.70/ 100ml,False
pantry,NO.7,Hot Sauce Ghost,NO.7Hot Sauce Ghost350 g,$7.99ea,,$2.28/ 100g,False
pantry,Skinnygirl,Balsamic Vinaigrette,SkinnygirlBalsamic Vinaigrette237 ml,$3.99ea,,$1.68/ 100ml,False
pantry,Jack Daniels,Original BBQ Sauce,Jack DanielsOriginal BBQ Sauce473 ml,$7.49ea,,$1.58/ 100ml,False
pantry,Botan,Rice Calrose 4 kg,BotanRice Calrose 4 kg4 kg,$16.99ea,,$0.42/ 100g,False
pantry,President's Choice,Bolognese Pasta Sauce,President's ChoiceBolognese Pasta Sauce425 ml,$4.99ea,,$1.17/ 100ml,False
pantry,Royal Nuts,Natural Raw Mixed Nuts,Royal NutsNatural Raw Mixed Nuts325 g,$13.99ea,,$4.30/ 100g,False
pantry,Stefano Faita,Pizza Tomato Sauce,Stefano FaitaPizza Tomato Sauce430 ml,$6.49ea,,$1.51/ 100ml,False
pantry,PC Black Label,Castelvetrano Olives,PC Black LabelCastelvetrano Olives375 ml,$6.99ea,,$1.86/ 100ml,False
pantry,Muskoka,Cilantro And Garlic Oil ,MuskokaCilantro And Garlic Oil 250 ml,$8.49ea,,$3.40/ 100ml,False
pantry,PC Black Label,Fig & Merlot Condiment,PC Black LabelFig & Merlot Condiment185 ml,$4.99ea,,$2.70/ 100ml,False
pantry,Wilton,"Green and Blue Ombre Birthday Candles, 24-Count","WiltonGreen and Blue Ombre Birthday Candles, 24-Count24 ea",$1.49ea,,$0.06/ 1ea,False
pantry,Pepper North,Artisan Foods Hot Sauce Solar Flare Medium,Pepper NorthArtisan Foods Hot Sauce Solar Flare Medium148 ml,$8.99ea,,$6.07/ 100ml,False
pantry,Ocean's Halo,Chunk Light Tuna,Ocean's HaloChunk Light Tuna170 g,$1.99ea,$1.49ea,$0.88/ 100g,True
pantry,Muskoka,Original Garlic Sauce,MuskokaOriginal Garlic Sauce250 ml,$7.49ea,,$3.00/ 100ml,False
pantry,G Hughes Smokehouse,Honey Mustard Flavoured Dipping Sauce,G Hughes SmokehouseHoney Mustard Flavoured Dipping Sauce490 ml,$6.99ea,,$1.43/ 100ml,False
pantry,Rooster,100% Pure Corn Oil,Rooster100% Pure Corn Oil2.84 l,$16.99ea,,$0.60/ 100ml,False
pantry,La Dee Da,Gourmet Sauces Sauce Twelve Veggie Tomato,La Dee DaGourmet Sauces Sauce Twelve Veggie Tomato500 ml,$8.49ea,,$1.79/ 100ml,False
pantry,President's Choice,Authentic Louisiana Hot Sauce,President's ChoiceAuthentic Louisiana Hot Sauce1 l,$5.99ea,,$0.60/ 100ml,False
pantry,Lee Kum Kee,Original Stir-Fry Sauce,Lee Kum KeeOriginal Stir-Fry Sauce448 ml,$3.29ea,,$0.73/ 100ml,False
pantry,Pataks,Spicy Cumin & Ginger,PataksSpicy Cumin & Ginger200 ml,$3.49ea,,$1.75/ 100ml,False
pantry,S&W,Pineapple Slices In Extra Light Syrup,S&WPineapple Slices In Extra Light Syrup540 ml,$3.59ea,,$0.66/ 100ml,False
pantry,Kohinoor,Basmati Rice,KohinoorBasmati Rice4.545 kg,$17.99ea,,$0.40/ 100g,False
pantry,Tamam,Zaatar Jordanian Blend    ,TamamZaatar Jordanian Blend    454 g,$7.99ea,,$1.76/ 100g,False
pantry,Ushia,Egg Noodles,UshiaEgg Noodles196 g,$1.29ea,$0.99ea,$0.51/ 100g,True
pantry,Stonewall Kitchen,Cinnamon Bun Mix,Stonewall KitchenCinnamon Bun Mix556 g,$15.99ea,,$2.88/ 100g,False
pantry,Muskoka,Hickory Liquid Smoke,MuskokaHickory Liquid Smoke147 ml,$10.99ea,,$7.48/ 100ml,False
pantry,President's Choice,Stir-Fry Oil,President's ChoiceStir-Fry Oil185 ml,$3.49ea,,$1.89/ 100ml,False
pantry,Kitchens of India,Rajma Masala,Kitchens of IndiaRajma Masala270 g,$5.29ea,,$1.96/ 100g,False
pantry,San Miguel,Purefoods Corned Beef,San MiguelPurefoods Corned Beef340 g,$6.99ea,,$2.06/ 100g,False
pantry,PC Black Label,Fennel & Cherry Tomato Sauce,PC Black LabelFennel & Cherry Tomato Sauce650 ml,$5.99ea,$5.79ea,$0.89/ 100ml,True
pantry,Wilton,"Smiling Emoji Standard Cupcake Liners, 75-Count","WiltonSmiling Emoji Standard Cupcake Liners, 75-Count75 ea",$2.79ea,,$0.04/ 1ea,False
pantry,Bare Creations,Granola Bite Mix Liberate Apple Spice,Bare CreationsGranola Bite Mix Liberate Apple Spice500 g,$13.99ea,,$2.80/ 100g,False
pantry,Unico,Balsamic Glaze,UnicoBalsamic Glaze400 ml,$8.99ea,,$2.25/ 100ml,False
pantry,Aylmer,Tomatoes Diced,AylmerTomatoes Diced796 ml,$2.79ea,,$0.35/ 100ml,False
pantry,Hunt's,"Thick & Rich Pasta Sauce, Mushroom & Basil","Hunt'sThick & Rich Pasta Sauce, Mushroom & Basil680 ml",$2.89ea,,$0.43/ 100ml,False
pantry,Tamam,Liquid Honey,TamamLiquid Honey500 g,$5.99ea,,$1.20/ 100g,False
pantry,President's Choice,Sliced Sweet Red Peppers,President's ChoiceSliced Sweet Red Peppers300 ml,$3.99ea,,$1.33/ 100ml,False
pantry,Knorr,Selects Four Cheese Risotto,KnorrSelects Four Cheese Risotto175 g,$3.49ea,,$1.99/ 100g,False
pantry,Paesana,"Pasta Sauce, Fra Diavolo","PaesanaPasta Sauce, Fra Diavolo750 ml",$8.49ea,,$1.13/ 100ml,False
pantry,La Dee Da,Gourmet Sauces Sauce Savoury Mushroom Basil,La Dee DaGourmet Sauces Sauce Savoury Mushroom Basil500 ml,$8.49ea,,$1.79/ 100ml,False
pantry,Yawdi's,Pineapple Pepper Jelly,Yawdi'sPineapple Pepper Jelly250 ml,$8.49ea,,$3.40/ 100ml,False
pantry,Heinz,Burger Sauce,HeinzBurger Sauce355 ml,$5.99ea,,$1.69/ 100ml,False
pantry,Inca's Gold,Organic Chia Black,Inca's GoldOrganic Chia Black454 g,$12.99ea,,$2.86/ 100g,False
pantry,Crown,Cut Baby Corn    ,CrownCut Baby Corn    410 g,$2.29ea,,$0.56/ 100g,False
pantry,,Antipasto,Antipasto750 g,$15.99ea,,$2.13/ 100g,False
pantry,The Spice Tailor,Fiery Goan Curry,The Spice TailorFiery Goan Curry285 ml,$6.99ea,,$2.45/ 100ml,False
pantry,Dagim,"Light Tuna, Chunk In Water","DagimLight Tuna, Chunk In Water170 g",$2.49ea,$2.39ea,$1.41/ 100g,True
pantry,PC Black Label,Maple Butter Spread,PC Black LabelMaple Butter Spread158 g,$4.99ea,,$3.16/ 100g,False
pantry,St Dalfour,"Deluxe Spread, Red Raspberry","St DalfourDeluxe Spread, Red Raspberry225 ml",$7.99ea,,$3.55/ 100ml,False
pantry,Aubrey D,Rebel Scotch Bonnet Hot Sauce,Aubrey DRebel Scotch Bonnet Hot Sauce150 ml,$10.99ea,,$7.33/ 100ml,False
pantry,Fish Crisp,"Coating Mix, Roasted Garlic & Butter","Fish CrispCoating Mix, Roasted Garlic & Butter340 g",$5.99ea,,$1.76/ 100g,False
pantry,No Name,100% Pure Corn Oil,No Name100% Pure Corn Oil946 ml,$8.99ea,,$0.95/ 100ml,False
pantry,Jack Daniels,Honey BBQ Sauce,Jack DanielsHoney BBQ Sauce473 ml,$7.49ea,,$1.58/ 100ml,False
pantry,Knorr,"Rice Noodle Cup Japanese Miso Low Fat, Vegetarian","KnorrRice Noodle Cup Japanese Miso Low Fat, Vegetarian81 g",$3.49ea,,$4.31/ 100g,False
pantry,Old El Paso,Tortilla Bowl Kit,Old El PasoTortilla Bowl Kit309 g,$4.99ea,,$1.61/ 100g,False
pantry,Knorr,"Bouillon Cubes for rich deep beef flavour Beef easy to use, ","KnorrBouillon Cubes for rich deep beef flavour Beef easy to use, 63 g",$2.79ea,,$4.43/ 100g,False
pantry,Catelli,"Gluten Free, Linguine Pasta","CatelliGluten Free, Linguine Pasta340 g",$3.49ea,,$1.03/ 100g,False
pantry,No Name,Fettuccine Pasta,No NameFettuccine Pasta900 g,$2.49ea,,$0.28/ 100g,False
pantry,Club House,Pure Lemon Extract,Club HousePure Lemon Extract43 ml,$4.19ea,,$9.74/ 100ml,False
pantry,,Sweetened Dried  Cranberries,Sweetened Dried  Cranberries,$2.84/150 g,,$1.89/ 100g,False
pantry,General Mills,Cheerios Cereal Multi-Grain Family Size,General MillsCheerios Cereal Multi-Grain Family Size585 g,$5.99ea,,$1.02/ 100g,False
pantry,Lantic,Icing Sugar,LanticIcing Sugar1 kg,$3.49ea,,$0.35/ 100g,False
pantry,Kraft,Balsamic Vinaigrette,KraftBalsamic Vinaigrette475 ml,$4.49ea,,$0.95/ 100ml,False
pantry,No Name,Curry Powder,No NameCurry Powder125 g,$3.99ea,,$3.19/ 100g,False
pantry,Old El Paso,Mini Tortilla Bowl,Old El PasoMini Tortilla Bowl144 g,$3.99ea,,$2.77/ 100g,False
pantry,PC Black Label,Harissa Spice Blend,PC Black LabelHarissa Spice Blend100 g,$6.49ea,,$6.49/ 100g,False
pantry,PC Black Label,Bourbon Barrel-Aged Maple Syrup,PC Black LabelBourbon Barrel-Aged Maple Syrup236 ml,$11.49ea,,$4.87/ 100ml,False
pantry,Brunswick,"Seafood Snacks, Kippered","BrunswickSeafood Snacks, Kippered100 g",$2.29ea,,$2.29/ 100g,False
pantry,Just Soup,Bombay Tomato Spicy ,Just SoupBombay Tomato Spicy 580 ml,$7.99ea,,$1.38/ 100ml,False
pantry,PC Blue Menu,Blue Menu Just Peanuts Smooth Peanut Butter,PC Blue MenuBlue Menu Just Peanuts Smooth Peanut Butter750 g,$5.99ea,,$0.80/ 100g,False
pantry,Hellmanns,Mayonnaise Real,HellmannsMayonnaise Real340 ml,$5.99ea,$4.99ea,$1.47/ 100ml,True
pantry,President's Choice,Green Goddess Dressing,President's ChoiceGreen Goddess Dressing475 ml,$3.99ea,,$0.84/ 100ml,False
pantry,PC Black Label,Spaghetti,PC Black LabelSpaghetti500 g,$4.99ea,,$1.00/ 100g,False
pantry,Club House,Imitation French Vanilla Extract,Club HouseImitation French Vanilla Extract43 ml,$4.99ea,,$11.60/ 100ml,False
pantry,Old El Paso,Refried Beans With Mild Green Chilies,Old El PasoRefried Beans With Mild Green Chilies398 ml,$3.99ea,,$1.00/ 100ml,False
pantry,Renees,Dressing And Dip Mighty Caesar,ReneesDressing And Dip Mighty Caesar355 ml,$6.49ea,,$1.83/ 100ml,False
pantry,PC Black Label,Peri Peri Spice Blend,PC Black LabelPeri Peri Spice Blend85 g,$6.49ea,,$7.64/ 100g,False
pantry,President's Choice,Black Peppercorns,President's ChoiceBlack Peppercorns48 g,$5.49ea,,$11.44/ 100g,False
pantry,President's Choice,Table Syrup With 10% Maple Syrup,President's ChoiceTable Syrup With 10% Maple Syrup750 ml,$8.49ea,,$1.13/ 100ml,False
pantry,Campbell's,"Cream Of Mushroom, Low Fat","Campbell'sCream Of Mushroom, Low Fat284 ml",$2.99ea,,$1.05/ 100ml,False
pantry,Briannas,"Salad Dressing, Real French Vinaigrette","BriannasSalad Dressing, Real French Vinaigrette355 ml",$5.99ea,$5.49ea,$1.55/ 100ml,True
pantry,Gees Bees Honey Company,Blueberry Blossom Honey,Gees Bees Honey CompanyBlueberry Blossom Honey500 g,$14.99ea,,$3.00/ 100g,False
pantry,Club House,Organic Groud Cumin,Club HouseOrganic Groud Cumin40 g,$3.79ea,,$9.48/ 100g,False
pantry,Quality,Basmati Rice     ,QualityBasmati Rice     3.63 kg,$17.49ea,,$0.48/ 100g,False
pantry,Stock and Barrel,"Roasted Virginia Peanuts, Salted","Stock and BarrelRoasted Virginia Peanuts, Salted650 g",$7.99ea,,$1.23/ 100g,False
pantry,Tim Hortons,Chicken Noodle Soup,Tim HortonsChicken Noodle Soup540 ml,$4.49ea,,$0.83/ 100ml,False
pantry,,Punjabi Mix,Punjabi Mix,$1.99/125 g,,$1.59/ 100g,False
pantry,President's Choice,Everything Bagel Seasoning,President's ChoiceEverything Bagel Seasoning65 g,$6.49ea,,$9.98/ 100g,False
pantry,Fire In The Kitchen,One Rub Seasoning,Fire In The KitchenOne Rub Seasoning120 g,$10.99ea,,$9.16/ 100g,False
pantry,Briannas,"Salad Dressing, Dijon Honey Mustard","BriannasSalad Dressing, Dijon Honey Mustard355 ml",$5.99ea,$5.49ea,$1.55/ 100ml,True
pantry,,Skittles  Candies,Skittles  Candies,$2.69/100 g,,$2.69/ 100g,False
pantry,Campbell's,No Salt Added Beef Broth,Campbell'sNo Salt Added Beef Broth900 ml,$3.49ea,,$0.39/ 100ml,False
pantry,Nong Shim,"Cup Noodle, Oolongmen Seafood","Nong ShimCup Noodle, Oolongmen Seafood75 g",$1.59ea,,$2.12/ 100g,False
pantry,President's Choice,Extra Chunky Mild Salsa,President's ChoiceExtra Chunky Mild Salsa650 ml,$5.49ea,,$0.84/ 100ml,False
pantry,PC Blue Menu,Whole Grain Lasagna Pasta,PC Blue MenuWhole Grain Lasagna Pasta375 g,$3.99ea,,$1.06/ 100g,False
pantry,Brunswick,"Sardines, Tomato Sauce","BrunswickSardines, Tomato Sauce106 g",$2.29ea,,$2.16/ 100g,False
pantry,Club House,Hearty Seas Blend,Club HouseHearty Seas Blend33 g,$3.49ea,,$10.58/ 100g,False
pantry,PC Blue Menu, 3-Cheese Ranch Salad Dressing,PC Blue Menu 3-Cheese Ranch Salad Dressing475 ml,$3.99ea,,$0.84/ 100ml,False
pantry,President's Choice,Smoked Whole Responsibly Farmed Mussels In Sunflower Oil,President's ChoiceSmoked Whole Responsibly Farmed Mussels In Sunflower Oil85 g,$2.29ea,,$2.69/ 100g,False
pantry,Campbell's,Condensed Cream Of Celery Soup,Campbell'sCondensed Cream Of Celery Soup284 ml,$2.99ea,,$1.05/ 100ml,False
pantry,Windsor,Half Salt,WindsorHalf Salt350 g,$5.99ea,,$1.71/ 100g,False
pantry,Dole,Sliced Peaches In Water,DoleSliced Peaches In Water540 ml,$3.99ea,,$0.74/ 100ml,False
pantry,Pope,Bread Crumbs Italian Seasoned,PopeBread Crumbs Italian Seasoned425 g,$4.29ea,,$1.01/ 100g,False
pantry,Betty Crocker,SuperMoist Butter Pecan Cake Mix,Betty CrockerSuperMoist Butter Pecan Cake Mix432 g,$3.29ea,,$0.76/ 100g,False
pantry,No Name,Original syrup,No NameOriginal syrup750 ml,$3.79ea,,$0.51/ 100ml,False
pantry,Dr Oetker,"Shirriff Mousse Mix, Strawberry","Dr OetkerShirriff Mousse Mix, Strawberry69 g",$2.49ea,,$3.61/ 100g,False
pantry,Nissin,Demae Ramen Instant Noodles With Sesame Oil,NissinDemae Ramen Instant Noodles With Sesame Oil100 g,$1.09ea,,$1.09/ 100g,False
pantry,PC Blue Menu,Apple Cinnamon Flavour Protein Pancake Mix,PC Blue MenuApple Cinnamon Flavour Protein Pancake Mix340 g,$4.49ea,$2.99ea,$0.88/ 100g,True
pantry,Kelloggs,Corn Flake Crumbs,KelloggsCorn Flake Crumbs575 g,$5.49ea,,$0.95/ 100g,False
pantry,Grace,Virgin Coconut Oil,GraceVirgin Coconut Oil500 ml,$7.79ea,,$1.56/ 100ml,False
pantry,St Hubert,Hot Chicken Sauce,St HubertHot Chicken Sauce398 ml,$2.79ea,,$0.70/ 100ml,False
pantry,No Name,Pickles Garlic,No NamePickles Garlic1 l,$5.49ea,,$0.55/ 100ml,False
pantry,Minute Rice,Whole Grain Brown Rice,Minute RiceWhole Grain Brown Rice600 g,$6.49ea,,$1.08/ 100g,False
pantry,Mr Noodles,"Instant Noodles, Beef","Mr NoodlesInstant Noodles, Beef12x85.0 g",$6.49ea,,$0.64/ 100g,False
pantry,President's Choice,Dulce de leche,President's ChoiceDulce de leche450 g,$3.79ea,,$0.84/ 100g,False
pantry,President's Choice,Couscous,President's ChoiceCouscous1.8 kg,$10.99ea,,$0.61/ 100g,False
pantry,Wilton,"Gold Sanding Sugar Pouch, 40 g","WiltonGold Sanding Sugar Pouch, 40 g40 g",$1.59ea,,$3.98/ 100g,False
pantry,S&W,Fiesta Tropical Mixed Fruit in Heavy Syrup,S&WFiesta Tropical Mixed Fruit in Heavy Syrup796 ml,$3.49ea,,$0.44/ 100ml,False
pantry,Phlippen,Phlippen Hot,PhlippenPhlippen Hot375 ml,$9.99ea,,$2.66/ 100ml,False
pantry,Sunmaid,Yogurt Raisins,SunmaidYogurt Raisins200 g,$4.99ea,,$2.50/ 100g,False
pantry,MTR,Muttar Paneer ,MTRMuttar Paneer 300 g,$3.29ea,,$1.10/ 100g,False
pantry,Molisana,Mild Muffuletta,MolisanaMild Muffuletta500 ml,$6.79ea,,$1.36/ 100ml,False
pantry,Wilton,"White Sanding Sugar Pouch, 40 g","WiltonWhite Sanding Sugar Pouch, 40 g40 g",$1.59ea,,$3.98/ 100g,False
pantry,East India Company,Sauce Vindalọọ Curry,East India CompanySauce Vindalọọ Curry350 ml,$6.99ea,,$2.00/ 100ml,False
pantry,President's Choice,Raw California Almonds,President's ChoiceRaw California Almonds400 g,$6.99ea,,$1.75/ 100g,False
pantry,Frenchs,Yellow Mustard,FrenchsYellow Mustard325 ml,$3.49ea,,$1.07/ 100ml,False
pantry,Del Monte,Stewed Prunes,Del MonteStewed Prunes767 ml,$6.99ea,,$0.91/ 100ml,False
pantry,Wilton,White Ready-to-Use Icing Tube,WiltonWhite Ready-to-Use Icing Tube120 g,$3.79ea,,$3.16/ 100g,False
pantry,Knox,Gelatin,KnoxGelatin84 g,$9.49ea,,$11.30/ 100g,False
pantry,Galil,Hearts Of Palm Whole   ,GalilHearts Of Palm Whole   400 g,$2.49ea,,$0.62/ 100g,False
pantry,Goccia,8-Year Balsamic,Goccia8-Year Balsamic100 ml,$13.49ea,,$13.49/ 100ml,False
pantry,Parachute,Coconut Oil,ParachuteCoconut Oil1000 ml,$11.99ea,,$1.20/ 100ml,False
pantry,The Keg,BBQ Sauce Chicken Rib   ,The KegBBQ Sauce Chicken Rib   355 ml,$5.49ea,,$1.55/ 100ml,False
pantry,Arva Flour Mill,Beer Bread Cheddar & Chives,Arva Flour MillBeer Bread Cheddar & Chives500 g,$9.99ea,,$2.00/ 100g,False
pantry,,Dates,Dates,$0.99/100 g,,$0.99/ 100g,False
pantry,MTR,Shahi Paneer,MTRShahi Paneer300 g,$3.29ea,,$1.10/ 100g,False
pantry,The Spice Tailor,Medium Delhi Biryani Kit,The Spice TailorMedium Delhi Biryani Kit360 g,$6.99ea,,$1.94/ 100g,False
pantry,Lynch,Chipotle Sauce,LynchChipotle Sauce375 ml,$5.99ea,,$1.60/ 100ml,False
pantry,President's Choice,Manuka Honey,President's ChoiceManuka Honey375 g,$5.49ea,,$1.46/ 100g,False
pantry,Knorr,Gravy Mix For A Rich Flavour Seasoned With Herbs Hunter No Artificial Flavours,KnorrGravy Mix For A Rich Flavour Seasoned With Herbs Hunter No Artificial Flavours32 g,$2.49ea,,$7.78/ 100g,False
pantry,General Mills,"Granola, Oats and Honey Flavoured","General MillsGranola, Oats and Honey Flavoured481 g",$10.49ea,,$2.18/ 100g,False
pantry,Gefen,"Instant Noodle Soup, Chicken","GefenInstant Noodle Soup, Chicken66 g",$1.99ea,,$3.02/ 100g,False
pantry,Bonne Maman,Mango & Peach Spread,Bonne MamanMango & Peach Spread280 ml,$7.49ea,$4.99ea,$1.78/ 100ml,True
pantry,Pam,Cooking Spray,PamCooking Spray110 g,$5.99ea,,$5.45/ 100g,False
pantry,Kuehne,Sundried Tomatoes,KuehneSundried Tomatoes375 ml,$7.99ea,,$2.13/ 100ml,False
pantry,KODIAK CAKES,Chocolate Chip Instant Oatmeal,KODIAK CAKESChocolate Chip Instant Oatmeal313 g,$6.99ea,,$2.23/ 100g,False
pantry,Martelli,Truffle Cream,MartelliTruffle Cream80 ml,$12.99ea,,$16.24/ 100ml,False
pantry,President's Choice,Orange Blossom Honey,President's ChoiceOrange Blossom Honey375 g,$3.99ea,,$1.06/ 100g,False
pantry,Grace,Sardines in Tomato Sauce,GraceSardines in Tomato Sauce155 g,$1.29ea,,$0.83/ 100g,False
pantry,President's Choice,Chorizo Taco Seasoning Mix,President's ChoiceChorizo Taco Seasoning Mix24 g,$1.39ea,,$5.79/ 100g,False
pantry,Ocean's Halo,Light Tuna Chunk in Water,Ocean's HaloLight Tuna Chunk in Water170 g,$1.99ea,$1.49ea,$0.88/ 100g,True
pantry,Smuckers,Pure Blueberry Jam,SmuckersPure Blueberry Jam250 ml,$4.49ea,,$1.80/ 100ml,False
pantry,Quaker,Oatmeal Chocolate Chip Muffin Mix,QuakerOatmeal Chocolate Chip Muffin Mix900 g,$5.49ea,,$0.61/ 100g,False
pantry,Old El Paso,Quesadilla Seasoning,Old El PasoQuesadilla Seasoning24 g,$1.99ea,,$8.29/ 100g,False
pantry,No Name,Chicken Flavour Instant Noodle Soup,No NameChicken Flavour Instant Noodle Soup85 g,$0.59ea,,$0.69/ 100g,False
pantry,Clover Leaf,"Crabmeat, 15% Leg Meat","Clover LeafCrabmeat, 15% Leg Meat120 g",$5.99ea,,$4.99/ 100g,False
pantry,President's Choice,Raspberry & White Balsamic Dressing ,President's ChoiceRaspberry & White Balsamic Dressing 475 ml,$3.99ea,,$0.84/ 100ml,False
pantry,Tamam,Black Olives,TamamBlack Olives1 l,$6.99ea,,$0.70/ 100ml,False
pantry,Bens,Basmati,BensBasmati250 g,$3.99ea,,$1.60/ 100g,False
pantry,Bens,Tomato & Herb Flavour,BensTomato & Herb Flavour250 g,$3.99ea,,$1.60/ 100g,False
pantry,Bens,Jasmine,BensJasmine240 g,$3.99ea,,$1.66/ 100g,False
pantry,Bens,Cheddar & Jalapeno Flavour,BensCheddar & Jalapeno Flavour240 g,$3.99ea,,$1.66/ 100g,False
pantry,Bens,Sambal Chili Flavour,BensSambal Chili Flavour240 g,$3.99ea,,$1.66/ 100g,False
pantry,General Mills,Honey Crunch,General MillsHoney Crunch423 g,$5.49ea,,$1.30/ 100g,False
pantry,Italpasta,Macaroni Products Scoobi Do,ItalpastaMacaroni Products Scoobi Do900 g,$3.49ea,,$0.39/ 100g,False
pantry,Bens,Jambalaya Style Rice,BensJambalaya Style Rice240 g,$3.99ea,,$1.66/ 100g,False
pantry,Prego,"Pasta Sauce, Mushroom & Green Pepper","PregoPasta Sauce, Mushroom & Green Pepper645 ml",$4.49ea,,$0.70/ 100ml,False
pantry,General Mills,Cinnamon Toast Crunch Rolls Cereal,General MillsCinnamon Toast Crunch Rolls Cereal303 g,$5.49ea,,$1.81/ 100g,False
pantry,General Mills,Trix Fruity Shapes Cereal,General MillsTrix Fruity Shapes Cereal303 g,$5.49ea,,$1.81/ 100g,False
pantry,General Mills,Reese Puffs,General MillsReese Puffs326 g,$5.49ea,,$1.68/ 100g,False
pantry,Pam,Cooking Spray,PamCooking Spray170 g,$6.49ea,,$3.82/ 100g,False
pantry,Tonnelli,Red Wine Vinegar    ,TonnelliRed Wine Vinegar    500 ml,$4.99ea,,$1.00/ 100ml,False
pantry,Motola,Pickled Cucumbers in Brine,MotolaPickled Cucumbers in Brine670 g,$2.99ea,,$0.45/ 100g,False
pantry,General Mills,"Corn Chex Cereal, Gluten Free","General MillsCorn Chex Cereal, Gluten Free340 g",$5.49ea,,$1.61/ 100g,False
pantry,Bens,Organic Brown Jasmine Rice Cilantro & Lime Flavour ,BensOrganic Brown Jasmine Rice Cilantro & Lime Flavour 240 g,$4.49ea,,$1.87/ 100g,False
pantry,No Name,Flaked Light Tuna,No NameFlaked Light Tuna170 g,$1.89ea,,$1.11/ 100g,False
pantry,Unico,White Kidney Beans,UnicoWhite Kidney Beans540 ml,$1.99ea,,$0.37/ 100ml,False
pantry,Molisana,Passata Di Pomodoro Strained Tomatoes,MolisanaPassata Di Pomodoro Strained Tomatoes680 ml,$2.79ea,,$0.41/ 100ml,False
pantry,No Name,Beef Broth,No NameBeef Broth900 ml,$1.50ea,$0.99ea,$0.11/ 100ml,True
pantry,Unico,Lentils,UnicoLentils540 ml,$1.99ea,,$0.37/ 100ml,False
pantry,Dr Oetker,"Pudding Supreme, Chocolate","Dr OetkerPudding Supreme, Chocolate90 g",$2.99ea,,$3.32/ 100g,False
pantry,Campbell's,Blazin' Roadhouse Chili-Style Ready to Serve Soup,Campbell'sBlazin' Roadhouse Chili-Style Ready to Serve Soup515 ml,$3.49ea,,$0.68/ 100ml,False
pantry,No Name,Crushed Red Pepper ,No NameCrushed Red Pepper 60 g,$3.99ea,,$6.65/ 100g,False
pantry,Bens,Jasmine Rice Soy & Ginger Flavour,BensJasmine Rice Soy & Ginger Flavour240 g,$3.99ea,,$1.66/ 100g,False
pantry,Campbell's,Chunky Beef,Campbell'sChunky Beef515 ml,$3.49ea,,$0.68/ 100ml,False
pantry,Campbell's,Chunky Vegetable Beef,Campbell'sChunky Vegetable Beef515 ml,$3.49ea,,$0.68/ 100ml,False
pantry,Unico,Peeled Plum Tomatoes,UnicoPeeled Plum Tomatoes796 ml,$1.99ea,,$0.25/ 100ml,False
pantry,Unico,Bean Medley,UnicoBean Medley540 ml,$1.99ea,,$0.37/ 100ml,False
pantry,No Name,Vegetable Broth,No NameVegetable Broth900 ml,$1.50ea,$0.99ea,$0.11/ 100ml,True
pantry,No Name,Sesame Seeds,No NameSesame Seeds150 g,$3.99ea,,$2.66/ 100g,False
pantry,Club House,Artificial Vanilla Extract,Club HouseArtificial Vanilla Extract125 ml,$5.99ea,,$4.79/ 100ml,False
pantry,Kraft,"Rancher's Choice Dressing, Calorie Wise","KraftRancher's Choice Dressing, Calorie Wise475 ml",$4.49ea,,$0.95/ 100ml,False
pantry,Campbell's,Chunky Chicken Vegetable Pot Pie,Campbell'sChunky Chicken Vegetable Pot Pie515 ml,$3.49ea,,$0.68/ 100ml,False
pantry,No Name,Black Peppercorns,No NameBlack Peppercorns125 g,$3.99ea,,$3.19/ 100g,False
pantry,Vegeta,Food Seasoning,VegetaFood Seasoning500 g,$5.99ea,,$1.20/ 100g,False
pantry,No Name,Ground Cinnamon,No NameGround Cinnamon150 g,$3.99ea,,$2.66/ 100g,False
pantry,Windsor,Canning & Pickling Course Salt,WindsorCanning & Pickling Course Salt1.36 kg,$4.29ea,,$0.32/ 100g,False
pantry,Keens,Dry Mustard,KeensDry Mustard88 g,$6.49ea,,$7.38/ 100g,False
pantry,Jasmine Gold,Thai Jasmine Rice,Jasmine GoldThai Jasmine Rice8 kg,$19.99ea,,$0.25/ 100g,False
pantry,Cirio,Pizzassimo- Pizza Sauce,CirioPizzassimo- Pizza Sauce400 g,$2.29ea,,$0.57/ 100g,False
pantry,Profi,Special Pork Village Pate,ProfiSpecial Pork Village Pate130 g,$2.79ea,,$2.15/ 100g,False
pantry,Betty Crocker,Chocolate Chip Cookie Mix ,Betty CrockerChocolate Chip Cookie Mix 496 g,$4.99ea,,$1.01/ 100g,False
pantry,President's Choice,Mixed-Berry Trail Mix,President's ChoiceMixed-Berry Trail Mix275 g,$4.99ea,,$1.81/ 100g,False
pantry,Suraj,Whole Mung Beans,SurajWhole Mung Beans907 g,$3.49ea,,$0.38/ 100g,False
pantry,Maple Joe, Maple Syrup,Maple Joe Maple Syrup340 ml,$6.79ea,$6.49ea,$1.91/ 100ml,True
pantry,Guy Fieri,Bourbon Brown Sugar BBQ Sauce,Guy FieriBourbon Brown Sugar BBQ Sauce494 ml,$6.99ea,,$1.41/ 100ml,False
pantry,Ferma,Lupini Beans,FermaLupini Beans900 g,$3.99ea,,$0.44/ 100g,False
pantry,Sanotti O Sesame,O'Sesame Chocolate Spread Keto Smooth,Sanotti O SesameO'Sesame Chocolate Spread Keto Smooth350 g,$8.99ea,,$2.57/ 100g,False
pantry,President's Choice,Ruby Melting Wafers,President's ChoiceRuby Melting Wafers168 g,$4.79ea,,$2.85/ 100g,False
pantry,Yawdi's,Jerk Marinade Sauce,Yawdi'sJerk Marinade Sauce250 ml,$7.99ea,,$3.20/ 100ml,False
pantry,Melinda's,Ghost Pepper Sauce Bhut Jolokia,Melinda'sGhost Pepper Sauce Bhut Jolokia148 ml,$5.99ea,,$4.05/ 100ml,False
pantry,G Hughes Smokehouse,Sugar Free Teriyaki Marinade,G Hughes SmokehouseSugar Free Teriyaki Marinade367 g,$6.99ea,,$1.90/ 100g,False
pantry,Little Italy In The Bronx,Marina Pasta Sauce,Little Italy In The BronxMarina Pasta Sauce650 ml,$10.49ea,,$1.61/ 100ml,False
pantry,Planters,Crunchy Peanut Butter,PlantersCrunchy Peanut Butter1 kg,$6.99ea,,$0.70/ 100g,False
pantry,President's Choice,Tropical Habanero Hot Sauce,President's ChoiceTropical Habanero Hot Sauce255 ml,$3.49ea,,$1.37/ 100ml,False
pantry,Martelli,Garlic Cream,MartelliGarlic Cream212 ml,$4.19ea,,$1.98/ 100ml,False
pantry,Stock and Barrel,"Almonds, Roasted","Stock and BarrelAlmonds, Roasted400 g",$13.99ea,,$3.50/ 100g,False
pantry,Stock and Barrel,Candy Coated Peanuts,Stock and BarrelCandy Coated Peanuts400 g,$5.99ea,,$1.50/ 100g,False
pantry,Smuckers,Pure Raspberry Jam,SmuckersPure Raspberry Jam250 ml,$5.49ea,,$2.20/ 100ml,False
pantry,Mezzetta,Mild Jalapeño Peppers,MezzettaMild Jalapeño Peppers375 ml,$5.49ea,,$1.46/ 100ml,False
pantry,Sempio,Hot Pepper Paste,SempioHot Pepper Paste500 g,$6.69ea,,$1.34/ 100g,False
pantry,Allessia,Vegetable Mix,AllessiaVegetable Mix314 ml,$8.49ea,,$2.70/ 100ml,False
pantry,PC Black Label,Israeli Style Couscous,PC Black LabelIsraeli Style Couscous340 g,$5.49ea,,$1.61/ 100g,False
pantry,Le Grec,Original Dressing,Le GrecOriginal Dressing350 ml,$4.99ea,,$1.43/ 100ml,False
pantry,Stefano Faita,Faita Cream Sauce Alfredo,Stefano FaitaFaita Cream Sauce Alfredo405 ml,$7.29ea,,$1.80/ 100ml,False
pantry,S&W,Pineapple Eidbits In Extra Light Syrup,S&WPineapple Eidbits In Extra Light Syrup540 ml,$2.99ea,,$0.55/ 100ml,False
pantry,Tradition,"Instant Noodle Soup, Chicken Noodle","TraditionInstant Noodle Soup, Chicken Noodle70 g",$1.99ea,,$2.84/ 100g,False
pantry,Royal Nuts,"Dry Roasted Shelled Sunflower Seeds, Unsalted    ","Royal NutsDry Roasted Shelled Sunflower Seeds, Unsalted    250 g",$4.99ea,,$2.00/ 100g,False
pantry,Little Italy In The Bronx,Vodka Pasta Sauce,Little Italy In The BronxVodka Pasta Sauce650 ml,$10.49ea,,$1.61/ 100ml,False
pantry,Stubb's,"Legendary BBQ Sauce, Original","Stubb'sLegendary BBQ Sauce, Original450 ml",$5.49ea,,$1.22/ 100ml,False
pantry,Club House,English Style Fish & Chips Batter Mix,Club HouseEnglish Style Fish & Chips Batter Mix284 g,$3.49ea,,$1.23/ 100g,False
pantry,NO.7,Hot Sauce Habanero,NO.7Hot Sauce Habanero350 g,$7.99ea,,$2.28/ 100g,False
pantry,Suraj,Brown Mustard Seed ,SurajBrown Mustard Seed 100 g,$1.39ea,,$1.39/ 100g,False
pantry,Martelli,Pesto Genovese,MartelliPesto Genovese212 ml,$5.49ea,$4.49ea,$2.12/ 100ml,True
pantry,Nando's,"Peri Peri Sauce, Lemon","Nando'sPeri Peri Sauce, Lemon250 ml",$7.49ea,,$3.00/ 100ml,False
pantry,Peace River Honey,Creamed Honey,Peace River HoneyCreamed Honey500 g,$11.49ea,$9.49ea,$1.90/ 100g,True
pantry,President's Choice,Roasted Sunflower Seeds,President's ChoiceRoasted Sunflower Seeds350 g,$2.99ea,,$0.85/ 100g,False
pantry,East India Company,Sauce Butter Chicken,East India CompanySauce Butter Chicken350 ml,$6.99ea,,$2.00/ 100ml,False
pantry,S&F,Chocolate Spread Duo,S&FChocolate Spread Duo400 g,$3.49ea,,$0.87/ 100g,False
pantry,Carapelli,Oro Verde Extra Virgin Olive Oil,CarapelliOro Verde Extra Virgin Olive Oil500 ml,$9.99ea,,$2.00/ 100ml,False
pantry,Lepoque,Pure Maple Syrup,LepoquePure Maple Syrup375 ml,$10.99ea,,$2.93/ 100ml,False
pantry,Planters,Peanut Butter Smooth,PlantersPeanut Butter Smooth1 kg,$6.99ea,,$0.70/ 100g,False
pantry,The Spice Tailor,Punjabi Chickpea Masala Medium,The Spice TailorPunjabi Chickpea Masala Medium375 ml,$6.99ea,,$1.86/ 100ml,False
pantry,Jus' Better,Red Berries,Jus' BetterRed Berries650 g,$4.99ea,,$0.77/ 100g,False
pantry,PC Black Label,Quebec Blueberry Blossom Honey,PC Black LabelQuebec Blueberry Blossom Honey375 g,$7.99ea,,$2.13/ 100g,False
pantry,Haiku,Won Ton Soup,HaikuWon Ton Soup398 ml,$4.49ea,$3.99ea,$1.00/ 100ml,True
pantry,Pace,"Salsa, Thick Chunky Mild","PaceSalsa, Thick Chunky Mild642 ml",$4.49ea,,$0.70/ 100ml,False
pantry,Catherine's,Red Pepper Jelly ,Catherine'sRed Pepper Jelly 250 ml,$7.49ea,,$3.00/ 100ml,False
pantry,PC Black Label,Golden Raisin & Apricot Muesli,PC Black LabelGolden Raisin & Apricot Muesli540 g,$5.99ea,,$1.11/ 100g,False
pantry,PC Black Label,"Fruit Spread, Quebec Wild Blueberry","PC Black LabelFruit Spread, Quebec Wild Blueberry370 ml",$5.99ea,,$1.62/ 100ml,False
pantry,Dawson's,Sauce Piquante Sweet Pear Chili,Dawson'sSauce Piquante Sweet Pear Chili155 ml,$9.99ea,,$6.45/ 100ml,False
pantry,Apo,San Marino Corned Tuna,ApoSan Marino Corned Tuna180 g,$2.09ea,,$1.16/ 100g,False
pantry,4C,Seasoned Bread Crumbs,4CSeasoned Bread Crumbs425 g,$3.99ea,,$0.94/ 100g,False
pantry,No Name, Crisp Whole Kernel Corn,No Name Crisp Whole Kernel Corn341 ml,$1.69ea,,$0.50/ 100ml,False
pantry,No Name,Sweet & Tender Small Peas,No NameSweet & Tender Small Peas398 ml,$1.69ea,,$0.42/ 100ml,False
pantry,Grace,Corned Beef,GraceCorned Beef340 g,$4.49ea,,$1.32/ 100g,False
pantry,Stock and Barrel,Chocolate Pretzels,Stock and BarrelChocolate Pretzels225 g,$5.99ea,,$2.66/ 100g,False
pantry,Pam,Baking Spray,PamBaking Spray141 g,$6.49ea,,$4.60/ 100g,False
pantry,Heinz,"Beans, Pork & Molasses","HeinzBeans, Pork & Molasses398 ml",$2.79ea,,$0.70/ 100ml,False
pantry,President's Choice,"Salad Dressing, Thousand Island","President's ChoiceSalad Dressing, Thousand Island475 ml",$3.99ea,,$0.84/ 100ml,False
pantry,Stock and Barrel,Raw Pepitas,Stock and BarrelRaw Pepitas275 g,$7.99ea,,$2.91/ 100g,False
pantry,Bush's Best,Homestyle Baked Beans,Bush's BestHomestyle Baked Beans398 ml,$2.79ea,$2.69ea,$0.68/ 100ml,True
pantry,No Name,Assorted Sizes Cut Wax Beans,No NameAssorted Sizes Cut Wax Beans398 ml,$1.69ea,,$0.42/ 100ml,False
pantry,Royal Nuts,Cashew Raw,Royal NutsCashew Raw350 g,$12.99ea,,$3.71/ 100g,False
pantry,No Name,Mixed Vegetables,No NameMixed Vegetables398 ml,$1.69ea,,$0.42/ 100ml,False
pantry,Kelloggs,Pop Tarts Frosted Strawberry,KelloggsPop Tarts Frosted Strawberry384 g,$4.49ea,,$1.17/ 100g,False
pantry,Sherni's,Kashmiri Masala,Sherni'sKashmiri Masala500 ml,$7.49ea,,$1.50/ 100ml,False
pantry,Caesarstea,Organic Gold Sugar,CaesarsteaOrganic Gold Sugar2.5 kg,$14.99ea,,$0.60/ 100g,False
pantry,President's Choice,Refrigerated Spring Herb Vinaigrette,President's ChoiceRefrigerated Spring Herb Vinaigrette350 ml,$4.99ea,,$1.43/ 100ml,False
pantry,,Dark Chocolate Coffee Beans,Dark Chocolate Coffee Beans,$2.39/100 g,,$2.39/ 100g,False
pantry,Hunt's,"Thick & Rich Pasta Sauce, Roasted Garlic & Herbs","Hunt'sThick & Rich Pasta Sauce, Roasted Garlic & Herbs680 ml",$2.89ea,,$0.43/ 100ml,False
pantry,Molisana,Tapenade Muffuletta Hot,MolisanaTapenade Muffuletta Hot500 ml,$6.79ea,,$1.36/ 100ml,False
pantry,Post,Tim Hortons Chocolate Glazed Family Size Flavoured Cereal,PostTim Hortons Chocolate Glazed Family Size Flavoured Cereal482 g,$6.99ea,$3.99ea,$0.83/ 100g,True
pantry,,Salted Plantain Chips,Salted Plantain Chips,$2.79/100 g,,$2.79/ 100g,False
pantry,Mutti,Finely Chopped Tomatoes,MuttiFinely Chopped Tomatoes796 ml,$4.49ea,,$0.56/ 100ml,False
pantry,Stock and Barrel,Yogurt Raisins,Stock and BarrelYogurt Raisins200 g,$4.99ea,,$2.50/ 100g,False
pantry,Club House,"Japanese Style Batter Mix, Tempura","Club HouseJapanese Style Batter Mix, Tempura227 g",$3.49ea,,$1.54/ 100g,False
pantry,Stock and Barrel,"Toasted Corn Nuts, Salted","Stock and BarrelToasted Corn Nuts, Salted250 g",$4.99ea,,$2.00/ 100g,False
pantry,Sunmaid,Pitted Prunes,SunmaidPitted Prunes500 g,$10.49ea,,$2.10/ 100g,False
pantry,Melinda's,Original Habanero Mango Pepper Sauce,Melinda'sOriginal Habanero Mango Pepper Sauce148 ml,$5.99ea,,$4.05/ 100ml,False
pantry,Jus' Better,Fruit Slices,Jus' BetterFruit Slices650 g,$4.99ea,,$0.77/ 100g,False
pantry,Bare Creations,Granola Bite Mix Spark Coffee Toffee,Bare CreationsGranola Bite Mix Spark Coffee Toffee500 g,$13.99ea,,$2.80/ 100g,False
pantry,President's Choice,Sweetened Dried Cranberries,President's ChoiceSweetened Dried Cranberries150 g,$3.79ea,,$2.53/ 100g,False
pantry,,Yellow Rock Sugar ,Yellow Rock Sugar 400 g,$1.99ea,,$0.50/ 100g,False
pantry,Chief,Curry Powder,ChiefCurry Powder85 g,$1.69ea,,$1.99/ 100g,False
pantry,Stock and Barrel,"Roasted Almonds, Unsalted","Stock and BarrelRoasted Almonds, Unsalted400 g",$13.99ea,,$3.50/ 100g,False
pantry,Kohinoor,Basmati Rice Everyday,KohinoorBasmati Rice Everyday3.63 kg,$13.99ea,,$0.39/ 100g,False
pantry,Agromonte,Cherry Tomato Sauce Marinara,AgromonteCherry Tomato Sauce Marinara560 ml,$7.99ea,,$1.43/ 100ml,False
pantry,Allessia,San Marzano Tomato,AllessiaSan Marzano Tomato796 ml,$5.49ea,$4.79ea,$0.60/ 100ml,True
pantry,Al Fez,Moroccan Meatball,Al FezMoroccan Meatball400 ml,$5.99ea,,$1.50/ 100ml,False
pantry,Urban Slicer,Neapolitan Style Pizza Dough ,Urban SlicerNeapolitan Style Pizza Dough 380 g,$12.99ea,,$3.42/ 100g,False
pantry,Wilton,"Happy Birthday Candle Pick Set, 13-Count","WiltonHappy Birthday Candle Pick Set, 13-Count13 ea",$3.99ea,,$0.31/ 1ea,False
pantry,Clark,Old Fashioned Beans with Pork,ClarkOld Fashioned Beans with Pork398 ml,$1.99ea,,$0.50/ 100ml,False
pantry,Lynch,Honey Mustard Sauce,LynchHoney Mustard Sauce375 ml,$5.99ea,,$1.60/ 100ml,False
pantry,La Tourangelle,Avocado Oil Spray,La TourangelleAvocado Oil Spray147 ml,$9.99ea,,$6.80/ 100ml,False
pantry,Rawcology,Organic Raw Crunch Granola Banana With Maca,RawcologyOrganic Raw Crunch Granola Banana With Maca200 g,$10.99ea,,$5.50/ 100g,False
pantry,Thai Kitchen,Pad Thai Sauce,Thai KitchenPad Thai Sauce236 ml,$5.49ea,,$2.33/ 100ml,False
pantry,President's Choice,"Memories Of Hong Kong Soy, Sesame & Ginger Sauce","President's ChoiceMemories Of Hong Kong Soy, Sesame & Ginger Sauce350 ml",$4.99ea,,$1.43/ 100ml,False
pantry,Dececco,Sugo all'Arrabbiata,DececcoSugo all'Arrabbiata400 g,$4.59ea,,$1.15/ 100g,False
pantry,Club House,"Seasoning Mix, Taco, Less Salt","Club HouseSeasoning Mix, Taco, Less Salt35 g",$2.49ea,,$7.11/ 100g,False
pantry,Lucky Me!,Lucky Me Original Chow Mein,Lucky Me!Lucky Me Original Chow Mein360 g,$3.79ea,,$1.05/ 100g,False
pantry,Club House,"Dry Sauce Mix, Chicken Gravy","Club HouseDry Sauce Mix, Chicken Gravy25 g",$2.49ea,,$9.96/ 100g,False
pantry,Kelloggs,Cereal Original Family Size,KelloggsCereal Original Family Size545 g,$5.99ea,,$1.10/ 100g,False
pantry,G Hughes Smokehouse,"Sugar Free BBQ Sauce, Hickory","G Hughes SmokehouseSugar Free BBQ Sauce, Hickory490 ml",$6.99ea,,$1.43/ 100ml,False
pantry,Dr Oetker,Whip It,Dr OetkerWhip It20 g,$1.29ea,,$6.45/ 100g,False
pantry,Bicks,50% Less Salt Garlic Dill Pickles,Bicks50% Less Salt Garlic Dill Pickles1 l,$6.49ea,,$0.65/ 100ml,False
pantry,Cool Runnings,Caribbean Spice & Roasted Garlic,Cool RunningsCaribbean Spice & Roasted Garlic800 g,$4.29ea,,$0.54/ 100g,False
pantry,Rooster,Mid-Oleic Sunflower Oil,RoosterMid-Oleic Sunflower Oil2.84 l,$17.99ea,,$0.63/ 100ml,False
pantry,St Hubert,Reduced Salt Turkey Gravy Mix,St HubertReduced Salt Turkey Gravy Mix25 g,$2.79ea,,$11.16/ 100g,False
pantry,ED Smith,"Pie Filling, Lemon","ED SmithPie Filling, Lemon540 ml",$7.49ea,,$1.39/ 100ml,False
pantry,No Name,Light Ranch Dressing,No NameLight Ranch Dressing475 ml,$3.49ea,,$0.73/ 100ml,False
pantry,Maille,Dijon Originale Mustard,MailleDijon Originale Mustard500 ml,$6.99ea,,$1.40/ 100ml,False
pantry,Nature Valley,Protein Granola Oats 'N Honey,Nature ValleyProtein Granola Oats 'N Honey310 g,$5.49ea,,$1.77/ 100g,False
pantry,Jell-O,"Gelatin Mix, Lemon Jelly Powder Light, No Sugar Added","Jell-OGelatin Mix, Lemon Jelly Powder Light, No Sugar Added9.1 g",$1.49ea,,$16.37/ 100g,False
pantry,Dainty,Time Wise Brown Parboiled Rice,DaintyTime Wise Brown Parboiled Rice900 g,$5.49ea,,$0.61/ 100g,False
pantry,PC Blue Menu,Blue Menu Alfredo Pasta Sauce,PC Blue MenuBlue Menu Alfredo Pasta Sauce410 ml,$3.99ea,,$0.97/ 100ml,False
pantry,President's Choice,Honey Mustard,President's ChoiceHoney Mustard325 ml,$3.29ea,,$1.01/ 100ml,False
pantry,Heinz,Tomato Ketchup No Sugar Added,HeinzTomato Ketchup No Sugar Added750 ml,$5.99ea,,$0.80/ 100ml,False
pantry,No Name,Sweetened Apple Sauce,No NameSweetened Apple Sauce620 ml,$2.59ea,,$0.42/ 100ml,False
pantry,President's Choice,Red Wine Vinegar,President's ChoiceRed Wine Vinegar500 ml,$4.99ea,,$1.00/ 100ml,False
pantry,Heinz,Condiment Pack,HeinzCondiment Pack375 ml,$8.49ea,,$0.75/ 100ml,False
pantry,No Name,Smooth Peanut Butter,No NameSmooth Peanut Butter500 g,$3.49ea,,$0.70/ 100g,False
pantry,No Name,Long Grain Brown Rice,No NameLong Grain Brown Rice2 kg,$5.49ea,,$0.27/ 100g,False
pantry,No Name,Pure 100% Canadian Liquid Honey,No NamePure 100% Canadian Liquid Honey500 g,$7.99ea,$6.99ea,$1.40/ 100g,True
pantry,Club House,"Dry Sauce Mix, Homestyle Gravy","Club HouseDry Sauce Mix, Homestyle Gravy38 g",$2.49ea,,$6.55/ 100g,False
pantry,Rooster,Thai Sweet Rice,RoosterThai Sweet Rice2 kg,$6.29ea,,$0.31/ 100g,False
pantry,Bicks,Tangy No Garlic Baby Dill Pickles,BicksTangy No Garlic Baby Dill Pickles1 l,$6.49ea,,$0.65/ 100ml,False
pantry,Club House,"Dry Sauce Mix, Yorkshire Pudding","Club HouseDry Sauce Mix, Yorkshire Pudding45 g",$2.49ea,,$5.53/ 100g,False
pantry,President's Choice,Pure Sesame Oil,President's ChoicePure Sesame Oil185 ml,$5.49ea,,$2.97/ 100ml,False
pantry,No Name,Reduced Fat Condensed Cream Of Mushroom Soup,No NameReduced Fat Condensed Cream Of Mushroom Soup284 ml,$1.39ea,,$0.49/ 100ml,False
pantry,Franks,"Hot Sauce, Original Cayenne Pepper","FranksHot Sauce, Original Cayenne Pepper354 ml",$4.00ea,$3.29ea,$0.93/ 100ml,True
pantry,Club House,"Seasoning Mix, Spaghetti","Club HouseSeasoning Mix, Spaghetti43 g",$2.49ea,,$5.79/ 100g,False
pantry,Suraj,Ground Coriander ,SurajGround Coriander 100 g,$1.29ea,,$1.29/ 100g,False
pantry,Franks,"Hot Sauce, Sweet Chili","FranksHot Sauce, Sweet Chili354 ml",$4.00ea,$3.29ea,$0.93/ 100ml,True
pantry,Del Monte,Fruit Salad in Juice    ,Del MonteFruit Salad in Juice    796 ml,$4.99ea,,$0.63/ 100ml,False
pantry,PC Blue Menu,Red Split Lentils ,PC Blue MenuRed Split Lentils 900 g,$3.49ea,,$0.39/ 100g,False
pantry,Shan,Arabic Seasoning Mix Kabsa Rice,ShanArabic Seasoning Mix Kabsa Rice60 g,$2.29ea,,$3.82/ 100g,False
pantry,,Red Cooking Wine,Red Cooking Wine500 ml,$5.99ea,,$1.20/ 100ml,False
pantry,Unico,"Kalamata Olives, Sliced","UnicoKalamata Olives, Sliced375 ml",$4.49ea,,$1.20/ 100ml,False
pantry,PC Blue Menu,Twice The Fruit Strawberry Spread,PC Blue MenuTwice The Fruit Strawberry Spread500 ml,$5.49ea,,$1.10/ 100ml,False
pantry,Organico Bello,Tomato Basil Sauce,Organico BelloTomato Basil Sauce685 ml,$10.99ea,,$1.60/ 100ml,False
pantry,No Name,Sweetened Apple Sauce,No NameSweetened Apple Sauce620 ml,$2.59ea,,$0.42/ 100ml,False
pantry,President's Choice,Red Wine Vinegar,President's ChoiceRed Wine Vinegar500 ml,$4.99ea,,$1.00/ 100ml,False
pantry,Heinz,Condiment Pack,HeinzCondiment Pack375 ml,$8.49ea,,$0.75/ 100ml,False
pantry,No Name,Smooth Peanut Butter,No NameSmooth Peanut Butter500 g,$3.49ea,,$0.70/ 100g,False
pantry,No Name,Long Grain Brown Rice,No NameLong Grain Brown Rice2 kg,$5.49ea,,$0.27/ 100g,False
pantry,No Name,Pure 100% Canadian Liquid Honey,No NamePure 100% Canadian Liquid Honey500 g,$7.99ea,$6.99ea,$1.40/ 100g,True
pantry,Club House,"Dry Sauce Mix, Homestyle Gravy","Club HouseDry Sauce Mix, Homestyle Gravy38 g",$2.49ea,,$6.55/ 100g,False
pantry,Rooster,Thai Sweet Rice,RoosterThai Sweet Rice2 kg,$6.29ea,,$0.31/ 100g,False
pantry,Bicks,Tangy No Garlic Baby Dill Pickles,BicksTangy No Garlic Baby Dill Pickles1 l,$6.49ea,,$0.65/ 100ml,False
pantry,Club House,"Dry Sauce Mix, Yorkshire Pudding","Club HouseDry Sauce Mix, Yorkshire Pudding45 g",$2.49ea,,$5.53/ 100g,False
pantry,President's Choice,Pure Sesame Oil,President's ChoicePure Sesame Oil185 ml,$5.49ea,,$2.97/ 100ml,False
pantry,No Name,Reduced Fat Condensed Cream Of Mushroom Soup,No NameReduced Fat Condensed Cream Of Mushroom Soup284 ml,$1.39ea,,$0.49/ 100ml,False
pantry,Franks,"Hot Sauce, Original Cayenne Pepper","FranksHot Sauce, Original Cayenne Pepper354 ml",$4.00ea,$3.29ea,$0.93/ 100ml,True
pantry,Club House,"Seasoning Mix, Spaghetti","Club HouseSeasoning Mix, Spaghetti43 g",$2.49ea,,$5.79/ 100g,False
pantry,Suraj,Ground Coriander ,SurajGround Coriander 100 g,$1.29ea,,$1.29/ 100g,False
pantry,Franks,"Hot Sauce, Sweet Chili","FranksHot Sauce, Sweet Chili354 ml",$4.00ea,$3.29ea,$0.93/ 100ml,True
pantry,Del Monte,Fruit Salad in Juice    ,Del MonteFruit Salad in Juice    796 ml,$4.99ea,,$0.63/ 100ml,False
pantry,PC Blue Menu,Red Split Lentils ,PC Blue MenuRed Split Lentils 900 g,$3.49ea,,$0.39/ 100g,False
pantry,Shan,Arabic Seasoning Mix Kabsa Rice,ShanArabic Seasoning Mix Kabsa Rice60 g,$2.29ea,,$3.82/ 100g,False
pantry,,Red Cooking Wine,Red Cooking Wine500 ml,$5.99ea,,$1.20/ 100ml,False
pantry,Unico,"Kalamata Olives, Sliced","UnicoKalamata Olives, Sliced375 ml",$4.49ea,,$1.20/ 100ml,False
pantry,PC Blue Menu,Twice The Fruit Strawberry Spread,PC Blue MenuTwice The Fruit Strawberry Spread500 ml,$5.49ea,,$1.10/ 100ml,False
pantry,Organico Bello,Tomato Basil Sauce,Organico BelloTomato Basil Sauce685 ml,$10.99ea,,$1.60/ 100ml,False
pantry,Five Roses,White All Purpose Flour,Five RosesWhite All Purpose Flour5 kg,$13.99ea,,$0.28/ 100g,False
pantry,Wilton,Red Sparkle Gel,WiltonRed Sparkle Gel99 g,$3.49ea,,$3.53/ 100g,False
pantry,Kraft,Coleslaw Dressing,KraftColeslaw Dressing475 ml,$4.49ea,,$0.95/ 100ml,False
pantry,President's Choice,"Mixed Nuts 50% Cashews, Sea Salt","President's ChoiceMixed Nuts 50% Cashews, Sea Salt300 g",$7.99ea,,$2.66/ 100g,False
pantry,Club House,"La Grille, Smouldering Smoked Applewood Seasoning","Club HouseLa Grille, Smouldering Smoked Applewood Seasoning168 g",$7.49ea,,$4.46/ 100g,False
pantry,Heinz,Mayoracha Sauce,HeinzMayoracha Sauce490 ml,$5.99ea,,$1.22/ 100ml,False
pantry,No Name,"Sweetened Shredded Coconut, Club Size","No NameSweetened Shredded Coconut, Club Size1 kg",$8.49ea,,$0.85/ 100g,False
pantry,Heinz,Mayochup Sauce,HeinzMayochup Sauce560 ml,$5.99ea,,$1.07/ 100ml,False
pantry,The Extreme Bean,Garlic Dills,The Extreme BeanGarlic Dills500 ml,$5.99ea,,$1.20/ 100ml,False
pantry,Classico,Mushroom Alfredo Spaghetti Pasta Sauce,ClassicoMushroom Alfredo Spaghetti Pasta Sauce410 ml,$4.99ea,,$1.22/ 100ml,False
pantry,PC Splendido,Sliced Sun-Dried Tomatoes In Seasoned Oil,PC SplendidoSliced Sun-Dried Tomatoes In Seasoned Oil270 ml,$5.49ea,,$2.03/ 100ml,False
pantry,India's Own,Brown Basmati Rice,India's OwnBrown Basmati Rice4.54 kg,$13.99ea,,$0.31/ 100g,False
pantry,Primo,"Pasta Sauce, Thick & Zesty Garlic & Herb","PrimoPasta Sauce, Thick & Zesty Garlic & Herb680 ml",$4.49ea,,$0.66/ 100ml,False
pantry,Lee Kum Kee,Soy Sauce,Lee Kum KeeSoy Sauce500 ml,$2.99ea,,$0.60/ 100ml,False
pantry,PC Blue Menu,Chickpeas,PC Blue MenuChickpeas900 g,$3.49ea,,$0.39/ 100g,False
pantry,The Keg,Chicken & Ribs Seasoning,The KegChicken & Ribs Seasoning750 g,$9.99ea,,$1.33/ 100g,False
pantry,General Mills,"Oatmeal Crisp Almond Cereal, Family Size","General MillsOatmeal Crisp Almond Cereal, Family Size628 g",$7.99ea,,$1.27/ 100g,False
pantry,Kosa,Quail Eggs In Water,KosaQuail Eggs In Water425 g,$4.99ea,,$1.17/ 100g,False
pantry,President's Choice,Plant Based Mayo-Style Spread,President's ChoicePlant Based Mayo-Style Spread710 ml,$6.99ea,,$0.98/ 100ml,False
pantry,Bicks,50% Less Salt Garlic Baby Dill Pickles,Bicks50% Less Salt Garlic Baby Dill Pickles1 l,$6.49ea,,$0.65/ 100ml,False
pantry,Suraj,"Carom Seeds, Ajwain","SurajCarom Seeds, Ajwain100 g",$1.69ea,,$1.69/ 100g,False
pantry,Adams,100% Natural Creamy Peanut Butter,Adams100% Natural Creamy Peanut Butter1 kg,$9.49ea,,$0.95/ 100g,False
pantry,Tamam,Zaatar Aleppo Blend    ,TamamZaatar Aleppo Blend    454 g,$7.99ea,,$1.76/ 100g,False
pantry,Jif,Dark Roast Creamy Peanut Butter Spread ,JifDark Roast Creamy Peanut Butter Spread 1 kg,$7.49ea,$5.99ea,$0.60/ 100g,True
pantry,Classico,Fire Roasted Tomato & Garlic Spaghetti Pasta Sauce,ClassicoFire Roasted Tomato & Garlic Spaghetti Pasta Sauce650 ml,$4.99ea,,$0.77/ 100ml,False
pantry,Unico,Vegetable Oil     ,UnicoVegetable Oil     3 l,$13.99ea,,$0.47/ 100ml,False
pantry,PC Blue Menu,Just Almonds Smooth Almond Butter,PC Blue MenuJust Almonds Smooth Almond Butter340 g,$8.99ea,,$2.64/ 100g,False
pantry,Tilda,Rice Basmati,TildaRice Basmati4.54 kg,$18.99ea,,$0.42/ 100g,False
pantry,President's Choice,Peaches and Cream Flavour Instant Oatmeal,President's ChoicePeaches and Cream Flavour Instant Oatmeal325 g,$4.19ea,,$1.29/ 100g,False
pantry,Botan,Calrose Rice     ,BotanCalrose Rice     8 kg,$29.99ea,,$0.37/ 100g,False
pantry,No Name,Prepared Yellow Mustard,No NamePrepared Yellow Mustard550 ml,$2.79ea,,$0.51/ 100ml,False
pantry,President's Choice,Chicken & Ribs Barbecue Sauce,President's ChoiceChicken & Ribs Barbecue Sauce1 l,$4.99ea,,$0.50/ 100ml,False
pantry,No Name,Whole Artichoke Hearts,No NameWhole Artichoke Hearts398 ml,$4.99ea,,$1.25/ 100ml,False
pantry,Yves,Organic Pinto Beans,YvesOrganic Pinto Beans398 ml,$3.29ea,,$0.83/ 100ml,False
pantry,Clic,Red Quinoa Grains,ClicRed Quinoa Grains500 g,$8.79ea,,$1.76/ 100g,False
pantry,Unico,"Olives, Stuffed with Jalapeno","UnicoOlives, Stuffed with Jalapeno375 ml",$3.99ea,,$1.06/ 100ml,False
pantry,Marmite,Yeast Extract,MarmiteYeast Extract125 g,$4.49ea,,$3.59/ 100g,False
pantry,No Name,Refried Pinto Beans With Green Chilies,No NameRefried Pinto Beans With Green Chilies398 ml,$3.49ea,,$0.88/ 100ml,False
pantry,No Name,Smooth Light Peanut Butter,No NameSmooth Light Peanut Butter2 kg,$8.49ea,,$0.42/ 100g,False
pantry,Sempio,Red Pepper Powder Fine Grind,SempioRed Pepper Powder Fine Grind500 g,$7.99ea,,$1.60/ 100g,False
pantry,No Name,"Cocoa, Club Size","No NameCocoa, Club Size454 g",$8.49ea,,$1.87/ 100g,False
pantry,PC Splendido,Cold-Extracted Extra Virgin Olive Oil,PC SplendidoCold-Extracted Extra Virgin Olive Oil1 l,$11.49ea,$8.99ea,$0.90/ 100ml,True
pantry,No Name,Extra Large Pitted Ripe Olives,No NameExtra Large Pitted Ripe Olives398 ml,$2.49ea,,$0.63/ 100ml,False
pantry,Quaker,Low Fat Carrot Muffin Mix,QuakerLow Fat Carrot Muffin Mix900 g,$5.49ea,,$0.61/ 100g,False
pantry,Kelloggs,All Bran Flakes Family Size Cereal,KelloggsAll Bran Flakes Family Size Cereal560 g,$5.99ea,,$1.07/ 100g,False
pantry,Bicks,Garlic Baby Dill Pickles,BicksGarlic Baby Dill Pickles1 l,$6.49ea,,$0.65/ 100ml,False
pantry,Sunmaid,California Sun-Dried Organic Raisin,SunmaidCalifornia Sun-Dried Organic Raisin400 g,$8.49ea,,$2.12/ 100g,False
pantry,President's Choice,Couscous,President's ChoiceCouscous340 g,$3.99ea,,$1.17/ 100g,False
pantry,President's Choice,Cayenne & Scotch Bonnet Scorching Wing Sauce,President's ChoiceCayenne & Scotch Bonnet Scorching Wing Sauce350 ml,$4.49ea,,$1.28/ 100ml,False
pantry,Tamam,Chicken Shawarma Spice,TamamChicken Shawarma Spice50 g,$2.79ea,,$5.58/ 100g,False
pantry,No Name,Sweet & Zesty Tomato Chili Sauce,No NameSweet & Zesty Tomato Chili Sauce455 ml,$5.99ea,,$1.32/ 100ml,False
pantry,BeeMaid,Premium Liquid Honey,BeeMaidPremium Liquid Honey500 g,$12.49ea,,$2.50/ 100g,False
pantry,Nissin,"Demae Ramen, Beef Flavour","NissinDemae Ramen, Beef Flavour100 g",$1.09ea,,$1.09/ 100g,False
pantry,Marukan,Seasoned Gourmet Rice Vinegar,MarukanSeasoned Gourmet Rice Vinegar355 ml,$3.69ea,,$1.04/ 100ml,False
pantry,No Name,Chopped Walnuts,No NameChopped Walnuts100 g,$4.49ea,,$4.49/ 100g,False
pantry,PC Blue Menu,Diced Tomatoes,PC Blue MenuDiced Tomatoes796 ml,$1.99ea,,$0.25/ 100ml,False
pantry,Classico,Vodka Sauce Spaghetti Pasta Sauce,ClassicoVodka Sauce Spaghetti Pasta Sauce650 ml,$4.99ea,,$0.77/ 100ml,False
pantry,Amira,Natural Almonds,AmiraNatural Almonds454 g,$12.49ea,,$2.75/ 100g,False
pantry,McCormicks,"International Roast Gravy Sauce Mix, 25% Less Salt","McCormicksInternational Roast Gravy Sauce Mix, 25% Less Salt32 g",$2.49ea,,$7.78/ 100g,False
pantry,Hunt's,"Tomato Sauce, No Salt","Hunt'sTomato Sauce, No Salt398 ml",$2.39ea,,$0.60/ 100ml,False
pantry,No Name,100% Pure Corn Starch,No Name100% Pure Corn Starch454 g,$3.99ea,,$0.88/ 100g,False
pantry,Grace,Young Green Jackfruit In Brine,GraceYoung Green Jackfruit In Brine540 ml,$2.99ea,,$0.55/ 100ml,False
pantry,KFI,"Chutney Sauce, Coriander","KFIChutney Sauce, Coriander455 ml",$3.79ea,,$0.83/ 100ml,False
pantry,Lee Kum Kee,Garlic Hoisin Sauce,Lee Kum KeeGarlic Hoisin Sauce445 ml,$3.99ea,,$0.90/ 100ml,False
pantry,Bonne Maman,Strawberry Jam,Bonne MamanStrawberry Jam250 ml,$5.49ea,$4.99ea,$2.00/ 100ml,True
pantry,President's Choice,Not-So-Secret Spread And Dip,President's ChoiceNot-So-Secret Spread And Dip300 ml,$4.99ea,,$1.66/ 100ml,False
pantry,KFI,Cooking Sauce Vegan Butter Chicken,KFICooking Sauce Vegan Butter Chicken395 ml,$5.79ea,,$1.47/ 100ml,False
pantry,Hanamaruki,Red Soybean Paste,HanamarukiRed Soybean Paste500 g,$5.99ea,,$1.20/ 100g,False
pantry,Kraft,Poppy Seed Calorie Wise Salad Dressing,KraftPoppy Seed Calorie Wise Salad Dressing475 ml,$4.49ea,,$0.95/ 100ml,False
pantry,No Name,Dried Apricots ,No NameDried Apricots 500 g,$11.99ea,,$2.40/ 100g,False
pantry,No Name,Corn Syrup,No NameCorn Syrup1 l,$6.49ea,,$0.65/ 100ml,False
pantry,No Name,100% Canadian Pure Creamed Honey,No Name100% Canadian Pure Creamed Honey500 g,$7.99ea,$6.99ea,$1.40/ 100g,True
pantry,Kelloggs,Apple Jacks Cereal,KelloggsApple Jacks Cereal345 g,$5.99ea,,$1.74/ 100g,False
pantry,Franks,"Hot Sauce, Original Cayenne Pepper","FranksHot Sauce, Original Cayenne Pepper680 ml",$8.29ea,,$1.22/ 100ml,False
pantry,PC Blue Menu,Tomato Basil Pasta Sauce,PC Blue MenuTomato Basil Pasta Sauce700 ml,$5.49ea,,$0.78/ 100ml,False
pantry,Bens,Homestyle Chicken Flavour & Wild Rice,BensHomestyle Chicken Flavour & Wild Rice132 g,$2.99ea,,$2.27/ 100g,False
pantry,PC Black Label,Pizza Sauce,PC Black LabelPizza Sauce350 ml,$4.69ea,,$1.34/ 100ml,False
pantry,PC Blue Menu,Red Kidney Beans ,PC Blue MenuRed Kidney Beans 900 g,$3.49ea,,$0.39/ 100g,False
pantry,,Brown Sugar In Pieces ,Brown Sugar In Pieces 454 g,$1.79ea,,$0.39/ 100g,False
pantry,Betty Crocker,Confetti Cake Mix,Betty CrockerConfetti Cake Mix430 g,$4.99ea,,$1.16/ 100g,False
pantry,President's Choice,Bread & Butter Sweet Pickles,President's ChoiceBread & Butter Sweet Pickles1 l,$5.99ea,,$0.60/ 100ml,False
pantry,Bull's-Eye,Hickory BBQ Sauce,Bull's-EyeHickory BBQ Sauce425 ml,$4.49ea,,$1.06/ 100ml,False
pantry,Maggi,"Seasoning Sauce, Red Cap","MaggiSeasoning Sauce, Red Cap800 ml",$9.99ea,,$1.25/ 100ml,False
pantry,President's Choice,Pure Orange Marmalade,President's ChoicePure Orange Marmalade500 ml,$5.49ea,,$1.10/ 100ml,False
pantry,Maggi,Season-Up! Powdered Seasoning All Purpose,MaggiSeason-Up! Powdered Seasoning All Purpose200 g,$4.99ea,,$2.50/ 100g,False
pantry,Rooster,Extra Fancy Long Grain Rice,RoosterExtra Fancy Long Grain Rice8 kg,$18.99ea,,$0.24/ 100g,False
pantry,Jell-O,Pistachio Instant Pudding Mix,Jell-OPistachio Instant Pudding Mix99 g,$2.29ea,,$2.31/ 100g,False
pantry,Bonne Maman,Orange Marmalade,Bonne MamanOrange Marmalade250 ml,$5.49ea,$4.99ea,$2.00/ 100ml,True
pantry,Quality,Whole Wheat Atta Flour,QualityWhole Wheat Atta Flour9.07 kg,$16.99c01,,$0.19/ 100g,False
pantry,PC Blue Menu,Cut Wax Beans,PC Blue MenuCut Wax Beans398 ml,$1.69ea,,$0.42/ 100ml,False
pantry,Kosa, Whole Miniature Corn,Kosa Whole Miniature Corn425 g,$2.29ea,,$0.54/ 100g,False
pantry,Dececco,"Pesto with Basil, Pine Nuts and Extra Virgin Olive Oil Pasta Sauce","DececcoPesto with Basil, Pine Nuts and Extra Virgin Olive Oil Pasta Sauce190 g",$4.99ea,,$2.63/ 100g,False
pantry,Hershey's,"Chipits White Creme Baking Chips, 835G","Hershey'sChipits White Creme Baking Chips, 835G835 g",$13.99ea,,$1.68/ 100g,False
pantry,Dainty,Basmati Rice     ,DaintyBasmati Rice     900 g,$7.99ea,,$0.89/ 100g,False
pantry,Minute Rice,"Ready To Serve, Long Grain & Wild Rice Fine Herbs","Minute RiceReady To Serve, Long Grain & Wild Rice Fine Herbs250 g",$3.99ea,,$1.60/ 100g,False
pantry,Betty Crocker,Hamburger Helper Cheeseburger Macaroni,Betty CrockerHamburger Helper Cheeseburger Macaroni166 g,$3.19ea,,$1.92/ 100g,False
pantry,PC Blue Menu,Great Northern Beans ,PC Blue MenuGreat Northern Beans 900 g,$3.49ea,,$0.39/ 100g,False
pantry,No Name,Sliced Carrots,No NameSliced Carrots398 ml,$1.69ea,,$0.42/ 100ml,False
pantry,President's Choice,Chili & Lime Flavoured Tortilla Strips,President's ChoiceChili & Lime Flavoured Tortilla Strips99 g,$3.79ea,,$3.83/ 100g,False
pantry,T&T,Organic Jasmine Rice,T&TOrganic Jasmine Rice2 kg,$10.99ea,,$0.55/ 100g,False
pantry,Classico,Arrabbiata Spicy Red Pepper Spaghetti Pasta Sauce,ClassicoArrabbiata Spicy Red Pepper Spaghetti Pasta Sauce650 ml,$4.99ea,,$0.77/ 100ml,False
pantry,No Name,Simple Check Pie Filling And Dessert Mix Lemon,No NameSimple Check Pie Filling And Dessert Mix Lemon425 g,$3.29ea,,$0.77/ 100g,False
pantry,No Name,Chopped Dried Dates,No NameChopped Dried Dates300 g,$4.29ea,,$1.43/ 100g,False
pantry,Kraft,Three Cheese Ranch Salad Dressing,KraftThree Cheese Ranch Salad Dressing475 ml,$4.49ea,,$0.95/ 100ml,False
pantry,Unico,Rice Superfino Arborio,UnicoRice Superfino Arborio750 g,$4.49ea,,$0.60/ 100g,False
pantry,Pataks,Madras Curry Paste,PataksMadras Curry Paste284 ml,$6.49ea,,$2.29/ 100ml,False
pantry,Jell-O,Chocolate Instant Pudding Mix,Jell-OChocolate Instant Pudding Mix113 g,$2.29ea,,$2.03/ 100g,False
pantry,T&T,Sliced Water Chestnuts,T&TSliced Water Chestnuts227 ml,$0.99ea,,$0.44/ 100ml,False
pantry,ED Smith,"Pie Filling, Rhubarb Strawberry","ED SmithPie Filling, Rhubarb Strawberry540 ml",$7.49ea,,$1.39/ 100ml,False
pantry,Heiwa,Roasted Sesame Seeds,HeiwaRoasted Sesame Seeds227 g,$5.79ea,,$2.55/ 100g,False
pantry,Franks,Original Seasoning Blend,FranksOriginal Seasoning Blend132 g,$5.99ea,,$4.54/ 100g,False
pantry,Smuckers,Pure Apricot Jam,SmuckersPure Apricot Jam250 ml,$4.49ea,,$1.80/ 100ml,False
pantry,T&T,3-Minute Wide Ramen Noodles,T&T3-Minute Wide Ramen Noodles504 g,$4.29ea,,$0.85/ 100g,False
pantry,Bens,Bistro Express Rice Side Dish Basmati Rice Family Size ,BensBistro Express Rice Side Dish Basmati Rice Family Size 453 g,$5.99ea,,$1.32/ 100g,False
pantry,Fleischmanns,Bakery Format Quick Rise Yeast Club Pack,FleischmannsBakery Format Quick Rise Yeast Club Pack450 g,$7.49ea,,$1.66/ 100g,False
pantry,Nanak,Desi Ghee,NanakDesi Ghee1.6 kg,$29.99ea,,$1.87/ 100g,False
pantry,President's Choice,Hickory Smoke Barbecue Sauce,President's ChoiceHickory Smoke Barbecue Sauce1 l,$4.99ea,,$0.50/ 100ml,False
pantry,No Name,Sweet and Sour Sauce,No NameSweet and Sour Sauce350 ml,$3.49ea,$2.49ea,$0.71/ 100ml,True
pantry,Unico,Lupini Beans,UnicoLupini Beans540 ml,$2.39ea,,$0.44/ 100ml,False
pantry,Bicks,Sweet Mustard Pickles,BicksSweet Mustard Pickles500 ml,$5.49ea,,$1.10/ 100ml,False
pantry,President's Choice,Creamed Rice Pudding,President's ChoiceCreamed Rice Pudding400 g,$4.29ea,,$1.07/ 100g,False
