category,brand,product_text,product_name,price_text,sale_price,per_unit_price_text,is_sale
produce,,English Cucumber,English Cucumber1 ea,$1.99ea,,$1.99/ 1ea,False
produce,,Green Seedless Grapes,Green Seedless Grapes,$6.72(est.)ea,$5.60(est.)ea,$5.49/ 1kg,True
produce,,Roma Tomatoes,Roma Tomatoes,$0.79(est.)ea,,$6.59/ 1kg,False
produce,,Lettuce Iceberg,Lettuce Iceberg1 ea,$3.99ea,,$3.99/ 1ea,False
produce,,Lemon,Lemon1 ea,$1.29ea,,$1.29/ 1ea,False
produce,,Blueberries 1 pint,Blueberries 1 pint340 g,$4.99ea,,$1.47/ 100g,False
produce,,"Romaine Heart, 3 Pack","Romaine Heart, 3 Pack3 pack",$4.99ea,,$1.66/ 1ea,False
produce,Farmer's Market,Carrots,Farmer's MarketCarrots3 lb bag,$3.49ea,,$0.26/ 100g,False
produce,,Zucchini,Zucchini,$1.85(est.)ea,,$6.59/ 1kg,False
produce,,Sweet Green Peppers,Sweet Green Peppers,$2.15(est.)ea,$1.85(est.)ea,$6.59/ 1kg,True
produce,Farmer's Market,English Cucumber 3Ct    ,Farmer's MarketEnglish Cucumber 3Ct    3 pack,$5.99ea,,$2.00/ 1ea,False
produce,,Tomato Beefsteak  Red,Tomato Beefsteak  Red,$2.06(est.)ea,,$7.69/ 1kg,False
produce,,Sweet Potato,Sweet Potato,$2.49(est.)ea,,$3.95/ 1kg,False
produce,,Limes,Limes1 ea,$1.09ea,,$1.09/ 1ea,False
produce,,Royal Gala Apples,Royal Gala Apples,$1.38(est.)ea,,$6.59/ 1kg,False
produce,,Mandarin,Mandarin4 lb,$6.99ea,,$0.39/ 100g,False
produce,PC Organics,"Organic Bananas, Bunch","PC OrganicsOrganic Bananas, Bunch",$2.88(est.)ea,,$2.62/ 1kg,False
produce,No Name,Naturally Imperfect Mixed Sweet Peppers 2.5lb Bag,No NameNaturally Imperfect Mixed Sweet Peppers 2.5lb Bag1.113 kg,$6.99ea,,$0.63/ 100g,False
produce,Farmer's Market,Russet Potatoes,Farmer's MarketRusset Potatoes10 lb bag,$5.99ea,,$0.13/ 100g,False
produce,Rooster,Garlic      ,RoosterGarlic      90 g,$1.49ea,,$0.50/ 1ea,False
produce,,Del Monte Pico de Gallo Pineapple,Del Monte Pico de Gallo Pineapple227 g,$4.99ea,,$2.20/ 100g,False
produce,,Golden Figs,Golden Figs227 g,$5.99ea,,$2.64/ 100g,False
produce,,Winter Peppers,Winter Peppers2 ea,$4.99ea,,$2.50/ 1ea,False
produce,PC Organics,Baby Spinach,PC OrganicsBaby Spinach142 g,$5.99ea,,$4.22/ 100g,False
produce,President's Choice,Vegetable Medley,President's ChoiceVegetable Medley340 g,$5.49ea,,$1.61/ 100g,False
produce,Bolthouse,"Juice, 100% Pomegranate","BolthouseJuice, 100% Pomegranate1.54 l",$12.99ea,,$0.84/ 100ml,False
produce,,Brussel Sprouts with Red Onions,Brussel Sprouts with Red Onions500 g,$7.00ea,,$1.40/ 100g,False
produce,Remedy,Peach Kombucha,RemedyPeach Kombucha700 ml,$4.99ea,,$0.71/ 100ml,False
produce,Dole,Chop Chop Kit Teriyaki Pineapple,DoleChop Chop Kit Teriyaki Pineapple276 g,$5.99ea,,$2.17/ 100g,False
produce,,Chicken Caesar Salad Family Size,Chicken Caesar Salad Family Size0.95 kg,$17.00ea,,$1.79/ 100g,False
produce,Taylor Farms,Broccoli Crunch Salad Kit,Taylor FarmsBroccoli Crunch Salad Kit360 g,$6.99ea,,$1.94/ 100g,False
produce,President's Choice,Spring Mix,President's ChoiceSpring Mix0.142 kg,$4.99ea,,$3.51/ 100g,False
produce,Renees,Dill Refrigerated Dip,ReneesDill Refrigerated Dip283 g,$5.99ea,,$2.12/ 100g,False
produce,Gourmet Garden,Paste Italian Herbs,Gourmet GardenPaste Italian Herbs80 g,$5.99ea,,$7.49/ 100g,False
produce,PC Organics,Rose Spring Salad Mix,PC OrganicsRose Spring Salad Mix142 g,$5.99ea,,$4.22/ 100g,False
produce,President's Choice,Bay Leaf,President's ChoiceBay Leaf28 g,$2.99ea,,,False
produce,,Greek Salad Family Size,Greek Salad Family Size1 kg,$17.00ea,,$1.70/ 100g,False
produce,Marzetti,Southwest Ranch Veggie Dip,MarzettiSouthwest Ranch Veggie Dip85 g,$1.49ea,,$1.75/ 100g,False
produce,,Premium Chicken BLT,Premium Chicken BLT340 g,$9.00ea,,$2.69/ 100g,False
produce,,Carrots & Celery ,Carrots & Celery 240 g,$5.00ea,,$2.08/ 100g,False
produce,Well,Cold Pressed Juice C Well  ,WellCold Pressed Juice C Well  333 ml,$5.99ea,,$1.80/ 100ml,False
produce,,"Root Harvest Mix (cubed Parsnip, Carrots, Butternut Squash, Yams, Red Onions, Celery)","Root Harvest Mix (cubed Parsnip, Carrots, Butternut Squash, Yams, Red Onions, Celery)622 g",$7.00ea,,$1.13/ 100g,False
produce,No Name,Brown Mushrooms,No NameBrown Mushrooms680 g,$4.99ea,,$0.73/ 100g,False
produce,Greenhouse,Kombucha Ultraviolet Organic    ,GreenhouseKombucha Ultraviolet Organic    340 ml,$4.99ea,,$1.47/ 100ml,False
produce,Renees,Mighty Caesar Dressing,ReneesMighty Caesar Dressing42 g,$0.59ea,,$1.40/ 100g,False
produce,Well,Ink. Lemonade Charcoal    ,WellInk. Lemonade Charcoal    333 ml,$5.99ea,,$1.80/ 100ml,False
produce,,Organic Dried Figs,Organic Dried Figs250 g,$5.99ea,,$2.40/ 100g,False
produce,COVE,Organic Lime Strawberry Kombucha,COVEOrganic Lime Strawberry Kombucha355 ml,$3.99ea,,$1.12/ 100ml,False
produce,PC Organics,Baby Spinach,PC OrganicsBaby Spinach142 g,$5.99ea,,$4.22/ 100g,False
produce,Remedy,Peach Kombucha,RemedyPeach Kombucha700 ml,$4.99ea,,$0.71/ 100ml,False
produce,Dole,Chop Chop Kit Teriyaki Pineapple,DoleChop Chop Kit Teriyaki Pineapple276 g,$5.99ea,,$2.17/ 100g,False
produce,Bolthouse,"Juice, 100% Pomegranate","BolthouseJuice, 100% Pomegranate1.54 l",$12.99ea,,$0.84/ 100ml,False
produce,,Brussel Sprouts with Red Onions,Brussel Sprouts with Red Onions500 g,$7.00ea,,$1.40/ 100g,False
produce,,"Root Harvest Mix (cubed Parsnip, Carrots, Butternut Squash, Yams, Red Onions, Celery)","Root Harvest Mix (cubed Parsnip, Carrots, Butternut Squash, Yams, Red Onions, Celery)622 g",$7.00ea,,$1.13/ 100g,False
produce,No Name,Brown Mushrooms,No NameBrown Mushrooms680 g,$4.99ea,,$0.73/ 100g,False
produce,President's Choice,Spring Mix,President's ChoiceSpring Mix0.142 kg,$4.99ea,,$3.51/ 100g,False
produce,President's Choice,Mixed Greens,President's ChoiceMixed Greens0.34 kg,$4.49ea,,$1.32/ 100g,False
produce,Well,Ink. Lemonade Charcoal    ,WellInk. Lemonade Charcoal    333 ml,$5.99ea,,$1.80/ 100ml,False
produce,,Greek Salad Family Size,Greek Salad Family Size1 kg,$17.00ea,,$1.70/ 100g,False
produce,,Carrots & Celery ,Carrots & Celery 240 g,$5.00ea,,$2.08/ 100g,False
produce,Well,Cold Pressed Juice C Well  ,WellCold Pressed Juice C Well  333 ml,$5.99ea,,$1.80/ 100ml,False
produce,Renees,Dill Refrigerated Dip,ReneesDill Refrigerated Dip283 g,$5.99ea,,$2.12/ 100g,False
produce,,Del Monte Pico de Gallo Pineapple,Del Monte Pico de Gallo Pineapple227 g,$4.99ea,,$2.20/ 100g,False
produce,COVE,Organic Raspberry Lemon Kombucha,COVEOrganic Raspberry Lemon Kombucha355 ml,$3.99ea,,$1.12/ 100ml,False
produce,Greenhouse,"Raw, Organic Juice the Good","GreenhouseRaw, Organic Juice the Good300 ml",$7.99ea,,$2.66/ 100ml,False
produce,,Large Steak & Egg Salad,Large Steak & Egg Salad698 g,$13.00ea,,$1.86/ 100g,False
produce,,Beta Sweet Carrots,Beta Sweet Carrots1 bunch,$5.99ea,,$5.99/ 1ea,False
produce,President's Choice,Dressing Caesar,President's ChoiceDressing Caesar44 ml,$0.59ea,,$1.34/ 100ml,False
produce,,Mini Cobb Salad,Mini Cobb Salad155 g,$5.00ea,,$3.23/ 100g,False
produce,,"Fresh Apple, Blueberry, Cranberry, Mint Juice","Fresh Apple, Blueberry, Cranberry, Mint Juice1 l",$13.00ea,,$1.30/ 100ml,False
produce,President's Choice,Greek Vin Pouch 45Ml,President's ChoiceGreek Vin Pouch 45Ml45 ml,$0.59ea,,$1.31/ 100ml,False
produce,Greenhouse,Kombucha Ultraviolet Organic    ,GreenhouseKombucha Ultraviolet Organic    340 ml,$4.99ea,,$1.47/ 100ml,False
produce,Renees,Mighty Caesar Dressing,ReneesMighty Caesar Dressing42 g,$0.59ea,,$1.40/ 100g,False
produce,,Premium Chicken BLT,Premium Chicken BLT340 g,$9.00ea,,$2.69/ 100g,False
produce,Gourmet Garden,Paste Italian Herbs,Gourmet GardenPaste Italian Herbs80 g,$5.99ea,,$7.49/ 100g,False
produce,PC Organics,Rose Spring Salad Mix,PC OrganicsRose Spring Salad Mix142 g,$5.99ea,,$4.22/ 100g,False
produce,,Golden Figs,Golden Figs227 g,$5.99ea,,$2.64/ 100g,False
produce,GoodLeaf,Micro Arugula,GoodLeafMicro Arugula50 g,$4.49ea,,$8.98/ 100g,False
produce,,"Fresh Apple, Lemon, Ginger, Turmeric Juice","Fresh Apple, Lemon, Ginger, Turmeric Juice1 l",$13.00ea,,$1.30/ 100ml,False
produce,,Organic Dried Figs,Organic Dried Figs250 g,$5.99ea,,$2.40/ 100g,False
produce,COVE,Organic Lime Strawberry Kombucha,COVEOrganic Lime Strawberry Kombucha355 ml,$3.99ea,,$1.12/ 100ml,False
produce,President's Choice,Spring Mix,President's ChoiceSpring Mix0.312 kg,$6.99ea,,$2.24/ 100g,False
produce,,Fresh Orange Juice,Fresh Orange Juice473 ml,$6.00ea,,$1.27/ 100ml,False
produce,Fresh Attitude,Caesar Salad with Toppings Single Sized,Fresh AttitudeCaesar Salad with Toppings Single Sized175 g,$5.99ea,,$3.42/ 100g,False
produce,Marzetti,Southwest Ranch Veggie Dip,MarzettiSouthwest Ranch Veggie Dip85 g,$1.49ea,,$1.75/ 100g,False
produce,Marzetti,Marzetti Chocolate Dip 250g,MarzettiMarzetti Chocolate Dip 250g250 g,$5.99ea,,$2.40/ 100g,False
produce,Farmer's Market,Ambrosia Apples,Farmer's MarketAmbrosia Apples1.814 kg,$8.99ea,,$0.50/ 100g,False
produce,,Italian Parsley,Italian Parsley1 bunch,$2.69ea,,$2.69/ 1ea,False
produce,President's Choice,Mint,President's ChoiceMint28 g,$2.99ea,,,False
produce,,McIntosh Apples,McIntosh Apples,$1.32(est.)ea,,$6.59/ 1kg,False
produce,,Jamaican Sweet Potatoes,Jamaican Sweet Potatoes,$3.96(est.)ea,,$9.90/ 1kg,False
produce,President's Choice,Thyme ,President's ChoiceThyme 28 g,$2.99ea,,,False
produce,,Long Beans,Long Beans,$0.55/50 g,,$1.10/ 100g,False
produce,,White Pummelos,White Pummelos1 ea,$3.99ea,,$3.99/ 1ea,False
produce,,Coloured Carrots,Coloured Carrots454 g,$3.69ea,,$0.81/ 100g,False
produce,,Jalapeno Peppers,Jalapeno Peppers,$0.55(est.)ea,,$11.00/ 1kg,False
produce,,Jamaican Sweet Potatoes,Jamaican Sweet Potatoes,$3.96(est.)ea,,$9.90/ 1kg,False
produce,President's Choice,Thyme ,President's ChoiceThyme 28 g,$2.99ea,,,False
produce,,Long Beans,Long Beans,$0.55/50 g,,$1.10/ 100g,False
produce,,White Pummelos,White Pummelos1 ea,$3.99ea,,$3.99/ 1ea,False
produce,,Coloured Carrots,Coloured Carrots454 g,$3.69ea,,$0.81/ 100g,False
produce,Farmer's Market,Cucumbers 11 count,Farmer's MarketCucumbers 11 count750 g,$8.99ea,,$0.82/ 1ea,False
produce,,Taiwanese Flat Cabbage,Taiwanese Flat Cabbage,$4.96(est.)ea,,$4.39/ 1kg,False
produce,,Chinese Broccoli (gai lan),Chinese Broccoli (gai lan),$5.37(est.)ea,,$8.80/ 1kg,False
produce,President's Choice,Mixed Little Gems,President's ChoiceMixed Little Gems0.68 kg,$4.49ea,,$0.66/ 100g,False
produce,,LoBok (Daikon Radish),LoBok (Daikon Radish),$3.09(est.)ea,,$3.29/ 1kg,False
produce,Farmer's Market,Roma Tomatoes,Farmer's MarketRoma Tomatoes1 ea,$9.99ea,,$0.73/ 100g,False
produce,Paramount,"Pistachios, Salt & Pepper","ParamountPistachios, Salt & Pepper200 g",$6.49ea,,$3.25/ 100g,False
produce,President's Choice,Cocktail Tomatoes,President's ChoiceCocktail Tomatoes340 g,$5.99ea,,$1.76/ 100g,False
produce,,Lady Alice Apples,Lady Alice Apples,$1.54(est.)ea,,$7.69/ 1kg,False
produce,,Red Cherries,Red Cherries,$15.67(est.)ea,$6.22(est.)ea,$6.99/ 1kg,True
produce,PC Organics,Organic Thyme,PC OrganicsOrganic Thyme20 g,$2.99ea,,,False
produce,,Baby Bok Choy Jr,Baby Bok Choy Jr,$4.42(est.)ea,,$6.59/ 1kg,False
produce,Greenhouse,Lime Herbal Kombucha,GreenhouseLime Herbal Kombucha340 ml,$4.99ea,,$1.47/ 100ml,False
produce,Greenhouse,"Raw, Organic Juice Genius","GreenhouseRaw, Organic Juice Genius300 ml",$7.99ea,,$2.66/ 100ml,False
produce,,Watermelon Quarters,Watermelon Quarters,$7.85(est.)ea,,$5.49/ 1kg,False
produce,,Gold Cored Pineapple,Gold Cored Pineapple0.6 kg,$5.99ea,,$1.00/ 100g,False
produce,President's Choice,Creamy Greek Pouch 44Ml,President's ChoiceCreamy Greek Pouch 44Ml44 ml,$0.59ea,,$1.34/ 100ml,False
produce,PC Organics,Baby Arugula,PC OrganicsBaby Arugula142 g,$5.99ea,,$4.22/ 100g,False
produce,,Mini Medjools Sweet & Salty Almond,Mini Medjools Sweet & Salty Almond340 g,$7.99ea,,$2.35/ 100g,False
produce,,"Harvest Mix (Snap Peas, Baby Carrots, Broccoli Crowns, Cauliflower Florets)","Harvest Mix (Snap Peas, Baby Carrots, Broccoli Crowns, Cauliflower Florets)392 g",$7.00ea,,$1.79/ 100g,False
produce,Dole,Chop Chop Kit Tropical Thai,DoleChop Chop Kit Tropical Thai258 g,$5.99ea,,$2.24/ 100g,False
produce,President's Choice,Sweet Baby Lettuce,President's ChoiceSweet Baby Lettuce142 g,$4.99ea,,$3.51/ 100g,False
produce,COVE, Strawberry Limeade,COVE Strawberry Limeade4x355.0 ml,$10.99ea,,$3.10/ 100ml,False
produce,Greenhouse,"Raw, Organic Juice Farma-C","GreenhouseRaw, Organic Juice Farma-C300 ml",$7.99ea,,$2.66/ 100ml,False
produce,,Greenbelt Organic Fresh Mix,Greenbelt Organic Fresh Mix0.142 kg,$5.99ea,,$4.22/ 100g,False
produce,Manns,Snap Peas,MannsSnap Peas227 g,$5.99ea,,$2.64/ 100g,False
produce,Gourmet Garden,Paste Garlic,Gourmet GardenPaste Garlic80 g,$5.99ea,,$7.49/ 100g,False
produce,,"Manzano Bananas, Bunch","Manzano Bananas, Bunch",$3.78(est.)ea,,$3.94/ 1kg,False
produce,,Petite Carrots,Petite Carrots340 g,$3.49ea,,$1.03/ 100g,False
produce,Bolthouse,Amazing Mango,BolthouseAmazing Mango946 ml,$6.99ea,,$0.74/ 100ml,False
produce,President's Choice,Garden Salad,President's ChoiceGarden Salad0.34 kg,$4.49ea,,$1.32/ 100g,False
produce,,Seedless Watermelon Halves,Seedless Watermelon Halves1 ea,$9.00ea,,$9.00/ 1ea,False
produce,President's Choice,Blsmic Vin Pouch 45Ml,President's ChoiceBlsmic Vin Pouch 45Ml45 ml,$0.59ea,,$1.31/ 100ml,False
produce,,Sweet Potato Crinkle Fries,Sweet Potato Crinkle Fries500 g,$7.00ea,,$1.40/ 100g,False
produce,,Cubed Sweet Potato,Cubed Sweet Potato602 g,$7.00ea,,$1.16/ 100g,False
produce,Marzetti,Chocolate Dip Original,MarzettiChocolate Dip Original100 g,$1.50ea,,$1.50/ 100g,False
produce,Greenhouse, Fiery Ginger,Greenhouse Fiery Ginger60 ml,$3.99ea,,$6.65/ 100ml,False
produce,President's Choice,Cauliflower Slaw,President's ChoiceCauliflower Slaw0.34 kg,$4.49ea,,$1.32/ 100g,False
produce,,Cooking Spinach,Cooking Spinach227 g,$3.99ea,,$1.76/ 100g,False
produce,President's Choice,"Live Lettuce Trio, 2-pack","President's ChoiceLive Lettuce Trio, 2-pack1 ea",$5.49ea,,$5.49/ 1ea,False
produce,,Carrots & Cucumber ,Carrots & Cucumber 255 g,$5.00ea,,$1.96/ 100g,False
produce,Greenhouse,Ginger Tumeric Kombucha,GreenhouseGinger Tumeric Kombucha340 ml,$4.99ea,,$1.47/ 100ml,False
produce,,Hibiscus & Rose Hip Infused Lemonade ,Hibiscus & Rose Hip Infused Lemonade 473 ml,$6.00ea,,$1.27/ 100ml,False
produce,,Mini Greek Salad,Mini Greek Salad155 g,$5.00ea,,$3.23/ 100g,False
produce,President's Choice,Loads Of Garlic Caesar Salad Kit,President's ChoiceLoads Of Garlic Caesar Salad Kit319 g,$6.99ea,,$2.19/ 100g,False
produce,,Petite Carrots,Petite Carrots340 g,$3.49ea,,$1.03/ 100g,False
produce,Bolthouse,Amazing Mango,BolthouseAmazing Mango946 ml,$6.99ea,,$0.74/ 100ml,False
produce,President's Choice,Garden Salad,President's ChoiceGarden Salad0.34 kg,$4.49ea,,$1.32/ 100g,False
produce,,Cubed Sweet Potato,Cubed Sweet Potato602 g,$7.00ea,,$1.16/ 100g,False
produce,Marzetti,Chocolate Dip Original,MarzettiChocolate Dip Original100 g,$1.50ea,,$1.50/ 100g,False
produce,Greenhouse,"Raw, Organic Juice Farma-C","GreenhouseRaw, Organic Juice Farma-C300 ml",$7.99ea,,$2.66/ 100ml,False
produce,President's Choice,Sweet Baby Lettuce,President's ChoiceSweet Baby Lettuce142 g,$4.99ea,,$3.51/ 100g,False
produce,COVE, Strawberry Limeade,COVE Strawberry Limeade4x355.0 ml,$10.99ea,,$3.10/ 100ml,False
produce,President's Choice,Blsmic Vin Pouch 45Ml,President's ChoiceBlsmic Vin Pouch 45Ml45 ml,$0.59ea,,$1.31/ 100ml,False
produce,,Sweet Potato Crinkle Fries,Sweet Potato Crinkle Fries500 g,$7.00ea,,$1.40/ 100g,False
produce,,Greenbelt Organic Fresh Mix,Greenbelt Organic Fresh Mix0.142 kg,$5.99ea,,$4.22/ 100g,False
produce,,Seedless Watermelon Halves,Seedless Watermelon Halves1 ea,$9.00ea,,$9.00/ 1ea,False
produce,,Mini Medjools Sweet & Salty Almond,Mini Medjools Sweet & Salty Almond340 g,$7.99ea,,$2.35/ 100g,False
produce,,Gold Cored Pineapple,Gold Cored Pineapple0.6 kg,$5.99ea,,$1.00/ 100g,False
produce,,Snack  Platter,Snack  Platter380 g,$7.00ea,,$1.84/ 100g,False
produce,Bolthouse,Strawberry Banana,BolthouseStrawberry Banana450 ml,$5.49ea,,$1.22/ 100ml,False
produce,,Greek Yogurt Parfait,Greek Yogurt Parfait290 g,$5.00ea,,$1.72/ 100g,False
produce,Well,Cold Pressed Juice Be Well  ,WellCold Pressed Juice Be Well  333 ml,$5.99ea,,$1.80/ 100ml,False
produce,Bolthouse,Green Goodness,BolthouseGreen Goodness450 ml,$5.49ea,,$1.22/ 100ml,False
produce,,Fruit Salad Large,Fruit Salad Large750 g,$10.00ea,,$1.33/ 100g,False
produce,Bolthouse,Berry Boost Juice,BolthouseBerry Boost Juice450 ml,$5.49ea,,$1.22/ 100ml,False
produce,Aurora,Sundried Tomatoes,AuroraSundried Tomatoes85 g,$2.99ea,,$3.32/ 100g,False
produce,,Pineapple Cubed Large,Pineapple Cubed Large1 kg,$10.00ea,,$1.29/ 100g,False
produce,President's Choice,Live Lettuce Boston,President's ChoiceLive Lettuce Boston1 ea,$2.99ea,,$2.99/ 1ea,False
produce,Gourmet Garden,Paste Lemongrass,Gourmet GardenPaste Lemongrass80 g,$5.99ea,,$7.49/ 100g,False
produce,President's Choice,Cauliflower Slaw,President's ChoiceCauliflower Slaw0.34 kg,$4.49ea,,$1.32/ 100g,False
produce,,Cooking Spinach,Cooking Spinach227 g,$3.99ea,,$1.76/ 100g,False
produce,President's Choice,"Live Lettuce Green, 2-pack","President's ChoiceLive Lettuce Green, 2-pack1 ea",$5.49ea,,$5.49/ 1ea,False
produce,,Carrots & Cucumber ,Carrots & Cucumber 255 g,$5.00ea,,$1.96/ 100g,False
produce,Greenhouse,Ginger Tumeric Kombucha,GreenhouseGinger Tumeric Kombucha340 ml,$4.99ea,,$1.47/ 100ml,False
produce,,Hibiscus & Rose Hip Infused Lemonade ,Hibiscus & Rose Hip Infused Lemonade 473 ml,$6.00ea,,$1.27/ 100ml,False
produce,,"Fresh Apple, Lemon, Ginger, Turmeric Juice","Fresh Apple, Lemon, Ginger, Turmeric Juice473 ml",$7.00ea,,$1.48/ 100ml,False
produce,Greenhouse,Organic Booster Lullaby,GreenhouseOrganic Booster Lullaby4x60.0 ml,$14.99ea,,$6.25/ 100ml,False
produce,GoodLeaf,Ontario Baby Spinach,GoodLeafOntario Baby Spinach142 g,$5.99ea,,$4.22/ 100g,False
produce,,Minneola Tangelos,Minneola Tangelos,$1.71(est.)ea,,$7.69/ 1kg,False
produce,,Rutabaga,Rutabaga,$5.93(est.)ea,,$3.73/ 1kg,False
produce,Farmer's Market,Cortland Apples,Farmer's MarketCortland Apples4 lb bag,$7.99ea,,$0.44/ 100g,False
produce,,Pearl Solo Garlic,Pearl Solo Garlic250 g,$2.99ea,,$2.99/ 1ea,False
produce,,Organic Dried Apricots,Organic Dried Apricots250 g,$5.99ea,,$2.40/ 100g,False
produce,PC Organics,Organics Whole Cremini Mushrooms,PC OrganicsOrganics Whole Cremini Mushrooms227 g,$3.69ea,,$1.63/ 100g,False
produce,Taylor Farms,"Chopped Salad Kit, Dill Pickle","Taylor FarmsChopped Salad Kit, Dill Pickle341 g",$6.99ea,,$2.10/ 100g,False
produce,President's Choice,Pink Muscat Grapes,President's ChoicePink Muscat Grapes,$11.22(est.)ea,,$11.00/ 1kg,False
produce,President's Choice,Tarragon,President's ChoiceTarragon28 g,$2.99ea,,,False
produce,President's Choice,Oregano,President's ChoiceOregano28 g,$2.99ea,,,False
produce,,Collard Greens,Collard Greens1 bunch,$4.49ea,,$4.49/ 1ea,False
produce,,"Chinese Carrots, Jumbo","Chinese Carrots, Jumbo",$3.26(est.)ea,,$4.39/ 1kg,False
produce,President's Choice,"Live Lettuce Green, 2-pack","President's ChoiceLive Lettuce Green, 2-pack1 ea",$5.49ea,,$5.49/ 1ea,False
produce,,Snack  Platter,Snack  Platter380 g,$7.00ea,,$1.84/ 100g,False
produce,Greenhouse,Ginger Tumeric Kombucha,GreenhouseGinger Tumeric Kombucha340 ml,$4.99ea,,$1.47/ 100ml,False
produce,,Hibiscus & Rose Hip Infused Lemonade ,Hibiscus & Rose Hip Infused Lemonade 473 ml,$6.00ea,,$1.27/ 100ml,False
produce,Greenhouse,Organic Booster Lullaby,GreenhouseOrganic Booster Lullaby4x60.0 ml,$14.99ea,,$6.25/ 100ml,False
produce,Bolthouse,Strawberry Banana,BolthouseStrawberry Banana450 ml,$5.49ea,,$1.22/ 100ml,False
produce,GoodLeaf,Ontario Baby Spinach,GoodLeafOntario Baby Spinach142 g,$5.99ea,,$4.22/ 100g,False
produce,,Pearl Solo Garlic,Pearl Solo Garlic250 g,$2.99ea,,$2.99/ 1ea,False
produce,,Organic Dried Apricots,Organic Dried Apricots250 g,$5.99ea,,$2.40/ 100g,False
produce,PC Organics,Organics Whole Cremini Mushrooms,PC OrganicsOrganics Whole Cremini Mushrooms227 g,$3.69ea,,$1.63/ 100g,False
produce,Taylor Farms,"Chopped Salad Kit, Dill Pickle","Taylor FarmsChopped Salad Kit, Dill Pickle341 g",$6.99ea,,$2.10/ 100g,False
produce,President's Choice,Pink Muscat Grapes,President's ChoicePink Muscat Grapes,$11.22(est.)ea,,$11.00/ 1kg,False
produce,President's Choice,Tarragon,President's ChoiceTarragon28 g,$2.99ea,,,False
produce,President's Choice,Oregano,President's ChoiceOregano28 g,$2.99ea,,,False
produce,,Collard Greens,Collard Greens1 bunch,$4.49ea,,$4.49/ 1ea,False
produce,,"Chinese Carrots, Jumbo","Chinese Carrots, Jumbo",$3.26(est.)ea,,$4.39/ 1kg,False
produce,President's Choice,Finger Hot Hot Peppers,President's ChoiceFinger Hot Hot Peppers226 g,$5.99ea,,$2.65/ 100g,False
produce,,Purple Eggplants,Purple Eggplants,$4.38(est.)ea,,$7.69/ 1kg,False
produce,,"Wonderful Pistachios, Shelled","Wonderful Pistachios, Shelled170 g",$8.99ea,,$5.29/ 100g,False
produce,PC Organics,Gala Apples 3Lb Bag,PC OrganicsGala Apples 3Lb Bag3 lb bag,$10.99ea,,$0.81/ 100g,False
produce,,Medjool Dates,Medjool Dates454 g,$9.49ea,,$2.09/ 100g,False
produce,,Chicken BLT Salad Mini,Chicken BLT Salad Mini145 g,$5.00ea,,$3.45/ 100g,False
produce,,"Morel Mushrooms, Dried","Morel Mushrooms, Dried14 g",$12.99ea,,$92.79/ 100g,False
produce,,Organic Cilantro Bunched,Organic Cilantro Bunched1 ea,$4.99ea,,$4.99/ 1ea,False
produce,,Cello Spinach,Cello Spinach283.5 g,$4.99ea,,$1.76/ 100g,False
produce,,Cold Pressed Lemonade,Cold Pressed Lemonade473 ml,$6.00ea,,$1.27/ 100ml,False
produce,PC Organics,Organic Field Greens & Baby Spinach - Salad Mix,PC OrganicsOrganic Field Greens & Baby Spinach - Salad Mix312 g,$7.99ea,,$2.56/ 100g,False
produce,Remedy,Kombucha Wild Berry,RemedyKombucha Wild Berry700 ml,$4.99ea,,$0.71/ 100ml,False
produce,,Del Monte Pico de Gallo,Del Monte Pico de Gallo227 g,$4.99ea,,$2.20/ 100g,False
produce,Litehouse,Dip Organic Ranch,LitehouseDip Organic Ranch283 g,$5.49ea,,$1.94/ 100g,False
produce,Wholly Guacamole,Chunky Bowl ,Wholly GuacamoleChunky Bowl 213 g,$5.99ea,,$2.81/ 100g,False
produce,,"Southwestern Chicken Salad, Family Size","Southwestern Chicken Salad, Family Size1.47 kg",$17.00ea,,$1.23/ 100g,False
produce,Eat Smart,Sweet Kale Salad Kit,Eat SmartSweet Kale Salad Kit340 g,$6.49ea,,$1.91/ 100g,False
produce,Greenhouse,"Raw, Organic Juice Deep Roots","GreenhouseRaw, Organic Juice Deep Roots300 ml",$7.99ea,,$2.66/ 100ml,False
produce,,Large House Salad,Large House Salad658 g,$12.00ea,,$1.82/ 100g,False
produce,,Roasted Corn & Pepper Quinoa,Roasted Corn & Pepper Quinoa,$9.62(est.)ea,,$22.90/ 1kg,False
produce,Gourmet Garden,Paste Chunky Garlic,Gourmet GardenPaste Chunky Garlic80 g,$5.99ea,,$7.49/ 100g,False
produce,,Premium Baby Spinach With Fruit & Nuts,Premium Baby Spinach With Fruit & Nuts296 g,$9.00ea,,$3.04/ 100g,False
produce,Tiffany Gates,Classic Coleslaw,Tiffany GatesClassic Coleslaw,$22.90/1 kg,,$22.90/ 1kg,False
produce,,Strawberry Parfait,Strawberry Parfait290 g,$5.00ea,,$1.92/ 100g,False
produce,GoodLeaf,Pea Shoots,GoodLeafPea Shoots50 g,$4.49ea,,$8.98/ 100g,False
produce,Taylor Farms,"Chopped Salad Kit, Thai Style Chili Mango","Taylor FarmsChopped Salad Kit, Thai Style Chili Mango319 g",$6.99ea,,$2.19/ 100g,False
produce,,Lavender & Elderflower Infused Lemonade,Lavender & Elderflower Infused Lemonade473 ml,$6.00ea,,$1.27/ 100ml,False
produce,,Fajita And Quesadilla Mix ,Fajita And Quesadilla Mix 1 kg,$6.00ea,,$1.88/ 100g,False
produce,,"Fresh Apple, Blueberry, Cranberry, Mint Juice","Fresh Apple, Blueberry, Cranberry, Mint Juice473 ml",$7.00ea,,$1.48/ 100ml,False
produce,Renees,French Onion Refrigerated Dip,ReneesFrench Onion Refrigerated Dip283 g,$5.99ea,,$2.12/ 100g,False
produce,,Pineapple Cubed Small,Pineapple Cubed Small350 kg,$6.00ea,,$0.60/ 100g,False
produce,,Cobb with Cheddar Salad Mini,Cobb with Cheddar Salad Mini165 g,$5.00ea,,$3.03/ 100g,False
produce,,Pineapple/Straws Large,Pineapple/Straws Large600 g,$10.00ea,,$1.67/ 100g,False
produce,President's Choice,Live Lettuce Tri Mix - 1 Unit,President's ChoiceLive Lettuce Tri Mix - 1 Unit350 g,$3.99ea,,$3.99/ 1ea,False
produce,,Carrots,Carrots,$0.71(est.)ea,,$5.49/ 1kg,False
produce,President's Choice,Apple Cider Vin Pouch 45 Ml,President's ChoiceApple Cider Vin Pouch 45 Ml45 ml,$0.59ea,,$1.31/ 100ml,False
produce,President's Choice,Romaine Salad,President's ChoiceRomaine Salad0.255 kg,$4.49ea,,$1.76/ 100g,False
produce,,Premium Garden Vegetable With Cheese,Premium Garden Vegetable With Cheese218 g,$9.00ea,,$4.13/ 100g,False
produce,,Grilled Chicken Caesar Salad,Grilled Chicken Caesar Salad,$13.74(est.)ea,,$22.90/ 1kg,False
produce,President's Choice,Caesar Salad Kit,President's ChoiceCaesar Salad Kit586 g,$7.99ea,,$1.36/ 100g,False
produce,,Popeye Select Spinach,Popeye Select Spinach1 kg,$11.99ea,,$1.06/ 100g,False
produce,Farmer's Market,Carrot Chips,Farmer's MarketCarrot Chips454 g,$2.99ea,,$0.66/ 100g,False
produce,President's Choice,Southwest Salad Kit,President's ChoiceSouthwest Salad Kit369 g,$6.99ea,,$1.89/ 100g,False
produce,Earthbound Farms Organic,Chop Kale Caesar,Earthbound Farms OrganicChop Kale Caesar207 g,$7.49ea,,$3.62/ 100g,False
produce,President's Choice,Kale Slaw,President's ChoiceKale Slaw340 g,$4.49ea,,$1.32/ 100g,False
produce,PC Organics,Organics Baby Spinach,PC OrganicsOrganics Baby Spinach312 g,$7.99ea,,$2.56/ 100g,False
produce,Greenhouse,Plant-Based Collagen Booster Glow,GreenhousePlant-Based Collagen Booster Glow60 ml,$3.99ea,,$6.65/ 100ml,False
produce,Bolthouse,100% Carrot,Bolthouse100% Carrot946 ml,$6.99ea,,$0.74/ 100ml,False
produce,POM Wonderful,100% Pomegranate Juice,POM Wonderful100% Pomegranate Juice473 ml,$6.99ea,,$1.48/ 100ml,False
produce,,Honeydew Cubed Small,Honeydew Cubed Small320 g,$6.00ea,,$0.60/ 100g,False
produce,President's Choice,Poppyseed Pouch 44Ml,President's ChoicePoppyseed Pouch 44Ml44 ml,$0.59ea,,$1.34/ 100ml,False
produce,Greenhouse,Collagen Booster Glow Multipack,GreenhouseCollagen Booster Glow Multipack4x60.0 ml,$14.99ea,,$6.25/ 100ml,False
produce,Greenhouse,Fiery Ginger Juice,GreenhouseFiery Ginger Juice240 ml,$14.99ea,,$6.25/ 100ml,False
produce,Bolthouse,Ginger Carrot Turmeric,BolthouseGinger Carrot Turmeric1540 ml,$9.99ea,,$0.65/ 100ml,False
produce,Marzetti,Caramel Dip,MarzettiCaramel Dip227 g,$5.99ea,,$2.64/ 100g,False
produce,,Carrots & Snap Peas ,Carrots & Snap Peas 250 g,$5.00ea,,$2.00/ 100g,False
produce,Bolthouse,Daily Greens,BolthouseDaily Greens946 ml,$6.99ea,,$0.74/ 100ml,False
produce,Remedy,Kombucha Lemon Lime & Mint  ,RemedyKombucha Lemon Lime & Mint  700 ml,$4.99ea,,$0.71/ 100ml,False
produce,Marzetti,Caramel Dip Snack,MarzettiCaramel Dip Snack6x340.0 g,$6.49ea,,$13.52/ 100g,False
produce,, Premium California Mission Figs, Premium California Mission Figs227 g,$5.99ea,,$2.64/ 100g,False
produce,,Broccolini,Broccolini1 bunch,$3.99ea,,$3.99/ 1ea,False
produce,The Little Potato Company,Oven BBQ Ready Onion Chive Potatoes,The Little Potato CompanyOven BBQ Ready Onion Chive Potatoes454 g,$4.99ea,,$1.10/ 100g,False
produce,President's Choice,Adora Seedless® Black Grapes,President's ChoiceAdora Seedless® Black Grapes,$12.06(est.)ea,$7.52(est.)ea,$5.49/ 1kg,True
produce,PC Organics,Organic Honeycrisp Apples,PC OrganicsOrganic Honeycrisp Apples,$3.33(est.)ea,,$13.21/ 1kg,False
produce,No Name,Carrots,No NameCarrots2270 g,$3.99ea,,$0.18/ 100g,False
produce,,Red Anjou Pears,Red Anjou Pears,$1.54(est.)ea,,$6.59/ 1kg,False
produce,,Red Grapefruit,Red Grapefruit1 ea,$2.99ea,,$2.99/ 1ea,False
produce,,Pazazz Apple,Pazazz Apple,$1.61(est.)ea,,$6.59/ 1kg,False
produce,President's Choice,Salted Virginia Peanuts,President's ChoiceSalted Virginia Peanuts454 g,$3.99ea,,$0.88/ 100g,False
produce,Paramount,Pistachios No Shells Roasted Light Salt,ParamountPistachios No Shells Roasted Light Salt170 g,$8.99ea,,$5.29/ 100g,False
produce,,Star Fruit,Star Fruit1 ea,$4.99ea,,$4.99/ 1ea,False
produce,,Dates Medjool,Dates Medjool907 g,$14.99ea,,$1.65/ 100g,False
produce,PC Organics,Organic Peppers Mini 227G,PC OrganicsOrganic Peppers Mini 227G227 g,$5.99ea,,$2.64/ 100g,False
produce,,Yellow Potatoes,Yellow Potatoes,$1.65(est.)ea,,$5.49/ 1kg,False
produce,President's Choice,Navel Oranges Cara Cara,President's ChoiceNavel Oranges Cara Cara3 lb bag,$8.99ea,,$0.66/ 100g,False
produce,,White Onion,White Onion,$2.44(est.)ea,,$6.59/ 1kg,False
produce,PC Organics,Organics Baby Cut Carrots,PC OrganicsOrganics Baby Cut Carrots2 lb,$6.99ea,,$0.77/ 100g,False
produce,,Indian Okra,Indian Okra,$4.44(est.)ea,,$14.31/ 1kg,False
produce,,Ataulfo Mango,Ataulfo Mango1 ea,$2.49ea,,$2.49/ 1ea,False
produce,President's Choice,Russet Potatoes ,President's ChoiceRusset Potatoes 5 lb bag,$4.99ea,,$0.22/ 100g,False
produce,,Indian Okra,Indian Okra,$4.44(est.)ea,,$14.31/ 1kg,False
produce,,Ataulfo Mango,Ataulfo Mango1 ea,$2.49ea,,$2.49/ 1ea,False
produce,President's Choice,Russet Potatoes ,President's ChoiceRusset Potatoes 5 lb bag,$4.99ea,,$0.22/ 100g,False
produce,No Name,Naturally Imperfect Limes,No NameNaturally Imperfect Limes907 g,$7.99ea,,$0.88/ 100g,False
produce,Farmer's Market,Yellow Onions,Farmer's MarketYellow Onions10 lb bag,$6.99ea,,$0.15/ 100g,False
produce,,Baby Eggplants (1 pack),Baby Eggplants (1 pack),$3.23(est.)ea,,$7.69/ 1kg,False
produce,PC Organics,Organic Roma Tomatoes,PC OrganicsOrganic Roma Tomatoes454 g,$5.99ea,,$1.32/ 100g,False
produce,,Organic Green Grapes,Organic Green Grapes1 ea,$9.99ea,,$2.21/ 100g,False
produce,Farmer's Market,Mixed Peppers (6 Pack),Farmer's MarketMixed Peppers (6 Pack)6x1.0 ea,$10.99ea,,$1.83/ 1ea,False
produce,President's Choice,White Potatoes,President's ChoiceWhite Potatoes5 lb bag,$5.49ea,,$0.24/ 100g,False
produce,,Sweet Nantes Carrots,Sweet Nantes Carrots467 g,$3.49ea,,$0.75/ 100g,False
produce,,Endive,Endive300 g,$5.99ea,,$2.00/ 100g,False
produce,Farmer's Market,Grape Tomato 907G    ,Farmer's MarketGrape Tomato 907G    908 g,$8.99ea,,$0.99/ 100g,False
produce,PC Organics,Organic Lime,PC OrganicsOrganic Lime1 lb bag,$7.99ea,,$1.76/ 100g,False
produce,,Yellow Asian Pears,Yellow Asian Pears,$2.82(est.)ea,,$8.80/ 1kg,False
produce,Farmer's Market,Greenhouse Peppers,Farmer's MarketGreenhouse Peppers1 ea,$6.49ea,,$2.16/ 1ea,False
produce,,Kohlrabi,Kohlrabi,$3.23(est.)ea,,$6.59/ 1kg,False
produce,President's Choice,Ambrosia Apples,President's ChoiceAmbrosia Apples,$1.45(est.)ea,,$6.59/ 1kg,False
produce,,Galia Melons,Galia Melons1 ea,$5.99ea,,$5.99/ 1ea,False
produce,COVE,Blueberry Organic Kombucha,COVEBlueberry Organic Kombucha355 ml,$3.99ea,,$1.12/ 100ml,False
produce,,Chickpea Salad,Chickpea Salad296 g,$9.00ea,,$3.04/ 100g,False
produce,Greenhouse,Ginger Turmeric Organic Kombucha,GreenhouseGinger Turmeric Organic Kombucha1000 ml,$9.99ea,,$1.00/ 100ml,False
produce,No Name,"Raw, Unsalted Sunflower Seeds","No NameRaw, Unsalted Sunflower Seeds100 g",$2.29ea,,$2.29/ 100g,False
produce,Gourmet Garden,Paste Cilantro,Gourmet GardenPaste Cilantro80 g,$5.99ea,,$7.49/ 100g,False
produce,,Organic Medjool Dates,Organic Medjool Dates454 g,$11.99ea,,$2.64/ 100g,False
produce,,Broccoli Cashew Crunch Salad,Broccoli Cashew Crunch Salad,$5.73(est.)ea,,$22.90/ 1kg,False
produce,GoodLeaf,Micro Broccoli,GoodLeafMicro Broccoli50 g,$4.49ea,,$8.98/ 100g,False
produce,,Matchstick Carrots,Matchstick Carrots283 g,$2.99ea,,$1.06/ 100g,False
produce,,Greenbelt Organic Super Crunch,Greenbelt Organic Super Crunch0.142 kg,$5.99ea,,$4.22/ 100g,False
produce,,Mixed Cut Peppers,Mixed Cut Peppers1 kg,$6.00ea,,$1.50/ 100g,False
produce,President's Choice,Cilantro,President's ChoiceCilantro28 g,$2.99ea,,,False
produce,,Mixed Fruit Parfait,Mixed Fruit Parfait290 g,$5.00ea,,$1.69/ 100g,False
produce,Marzetti,Spinach Veggie Dip,MarzettiSpinach Veggie Dip85 g,$1.29ea,,$1.52/ 100g,False
produce,,Cheddar & Bacon Potato Salad,Cheddar & Bacon Potato Salad,$9.16(est.)ea,,$22.90/ 1kg,False
produce,President's Choice,50-50 Blend - A Blend of Baby Spinach and Field Greens,President's Choice50-50 Blend - A Blend of Baby Spinach and Field Greens0.283 kg,$6.99ea,,$2.47/ 100g,False
produce,Renees,"Sweet Onion Vinaigrette, Pouch","ReneesSweet Onion Vinaigrette, Pouch42 g",$0.59ea,,$1.40/ 100g,False
produce,PC Organics,Organic Green Beans,PC OrganicsOrganic Green Beans283 g,$6.99ea,,$2.47/ 100g,False
produce,,Cubed Rutabagas,Cubed Rutabagas600 g,$7.00ea,,$1.17/ 100g,False
produce,Bolthouse,Amazing Mango,BolthouseAmazing Mango1.54 l,$9.99ea,,$0.65/ 100ml,False
produce,Aurora,Oven Cooked Figs with Almonds,AuroraOven Cooked Figs with Almonds250 g,$10.49ea,,$3.97/ 100g,False
produce,,Dried Porcini Mushrooms    ,Dried Porcini Mushrooms    14 g,$5.49ea,,$39.21/ 100g,False
produce,,Sweet Kale Salad Family Size,Sweet Kale Salad Family Size1 ea,$17.00ea,,$17.00/ 1ea,False
produce,,Organic Brussel Sprouts,Organic Brussel Sprouts454 g,$8.99ea,,$1.98/ 100g,False
produce,,Mini Mexican Beef Taco Salad,Mini Mexican Beef Taco Salad130 g,$5.00ea,,$3.85/ 100g,False
produce,President's Choice,"Ready Veggie, Kale Blend","President's ChoiceReady Veggie, Kale Blend340 g",$5.99ea,,$1.76/ 100g,False
produce,,Caesar Salad Mini,Caesar Salad Mini135 g,$5.00ea,,$4.55/ 100g,False
produce,President's Choice,Dressing Blue Cheese,President's ChoiceDressing Blue Cheese44 ml,$0.59ea,,$1.34/ 100ml,False
produce,,Large Greek Salad,Large Greek Salad740 g,$12.00ea,,$1.62/ 100g,False
produce,President's Choice,Dressing Blue Cheese,President's ChoiceDressing Blue Cheese44 ml,$0.59ea,,$1.34/ 100ml,False
produce,Marzetti,Spinach Veggie Dip,MarzettiSpinach Veggie Dip85 g,$1.29ea,,$1.52/ 100g,False
produce,,Cheddar & Bacon Potato Salad,Cheddar & Bacon Potato Salad,$9.16(est.)ea,,$22.90/ 1kg,False
produce,President's Choice,50-50 Blend - A Blend of Baby Spinach and Field Greens,President's Choice50-50 Blend - A Blend of Baby Spinach and Field Greens0.283 kg,$6.99ea,,$2.47/ 100g,False
produce,PC Organics,Organic Green Beans,PC OrganicsOrganic Green Beans283 g,$6.99ea,,$2.47/ 100g,False
produce,,Cubed Rutabagas,Cubed Rutabagas600 g,$7.00ea,,$1.17/ 100g,False
produce,Renees,"Sweet Onion Vinaigrette, Pouch","ReneesSweet Onion Vinaigrette, Pouch42 g",$0.59ea,,$1.40/ 100g,False
produce,No Name,Roasted Peanuts In Shell,No NameRoasted Peanuts In Shell2 kg,$10.99ea,,$0.55/ 100g,False
produce,,Fresh Hedgehog Mushrooms,Fresh Hedgehog Mushrooms100 g,$9.99ea,,$9.99/ 100g,False
produce,GoodLeaf,Spicy Mustard Medley,GoodLeafSpicy Mustard Medley50 g,$4.49ea,,$8.98/ 100g,False
produce,,Premium Greek Classic,Premium Greek Classic342 g,$9.00ea,,$2.63/ 100g,False
produce,,Pumpernickel Snack,Pumpernickel Snack1 ea,$5.00ea,,$5.00/ 1ea,False
produce,Greenhouse,Organic Dairy Free Shake Rococoa,GreenhouseOrganic Dairy Free Shake Rococoa300 ml,$7.99ea,,$2.66/ 100ml,False
produce,,"Fresh Cut Fruit Salad, Small","Fresh Cut Fruit Salad, Small440 g",$7.00ea,,$1.59/ 100g,False
produce,,Greenbelt Organic Super Crunch,Greenbelt Organic Super Crunch0.142 kg,$5.99ea,,$4.22/ 100g,False
produce,President's Choice,Baby Arugula Spinach Blend,President's ChoiceBaby Arugula Spinach Blend0.142 kg,$4.99ea,,$3.51/ 100g,False
produce,Well,Cold Pressed Juice Greens   ,WellCold Pressed Juice Greens   333 ml,$5.99ea,,$1.80/ 100ml,False
produce,GoodLeaf,Ontario Spring Mix,GoodLeafOntario Spring Mix142 g,$5.99ea,,$4.22/ 100g,False
produce,Tiffany Gates,Greek Quinoa Salad Kit,Tiffany GatesGreek Quinoa Salad Kit,$19.90/1 kg,,$19.90/ 1kg,False
produce,Remedy,Org Kom Rasp Lemn 700Ml  ,RemedyOrg Kom Rasp Lemn 700Ml  700 ml,$4.99ea,,$0.71/ 100ml,False
produce,,Deluxe Neptune Salad,Deluxe Neptune Salad,$6.21(est.)ea,,$22.90/ 1kg,False
produce,,Coloured Carrots 1.5lb,Coloured Carrots 1.5lb1.5 lb bag,$2.99ea,,$0.27/ 100g,False
produce,Taylor Farms,Everything Ranch Salad Kit,Taylor FarmsEverything Ranch Salad Kit336 g,$6.99ea,,$2.08/ 100g,False
produce,Greenhouse,Organic Booster Farma-C+,GreenhouseOrganic Booster Farma-C+4x60.0 ml,$14.99ea,,$6.25/ 100ml,False
produce,President's Choice,"Butternut Squash, Diced","President's ChoiceButternut Squash, Diced454 g",$5.49ea,,$1.21/ 100g,False
produce,Greenhouse,Organic Booster Pick-Me-Up,GreenhouseOrganic Booster Pick-Me-Up60 ml,$3.99ea,,$6.65/ 100ml,False
produce,President's Choice,Chipotle Chop Salad Kit,President's ChoiceChipotle Chop Salad Kit340 g,$6.99ea,,$2.06/ 100g,False
produce,President's Choice,Marjoram,President's ChoiceMarjoram28 g,$2.99ea,,,False
produce,Remedy,Kombucha Ginger Lemon,RemedyKombucha Ginger Lemon700 ml,$4.99ea,,$0.71/ 100ml,False
produce,Manns,Snap Peas,MannsSnap Peas425 g,$8.99ea,,$2.12/ 100g,False
produce,,Garden Salad Mini,Garden Salad Mini165 g,$5.00ea,,$3.03/ 100g,False
produce,President's Choice,Barbecue Ranch Chopped Salad Kit,President's ChoiceBarbecue Ranch Chopped Salad Kit369 g,$6.99ea,,$1.89/ 100g,False
produce,Greenhouse,Inside Job,GreenhouseInside Job4x60.0 ml,$14.99ea,,$24.98/ 100ml,False
produce,President's Choice,Axiany Cherry Tomatoes,President's ChoiceAxiany Cherry Tomatoes681 g,$7.99ea,,$1.17/ 100g,False
produce,Farmer's Market,McIntosh Apples,Farmer's MarketMcIntosh Apples4 lb bag,$8.99ea,,$0.50/ 100g,False
produce,,Brown Asian Pears,Brown Asian Pears,$3.70(est.)ea,,$8.80/ 1kg,False
produce,No Name,Naturally Imperfect White Mushrooms,No NameNaturally Imperfect White Mushrooms680 g,$4.99ea,,$0.73/ 100g,False
produce,,Organic Iceberg Lettuce,Organic Iceberg Lettuce1 ea,$5.49ea,,$5.49/ 1ea,False
produce,,Radish,Radish454 g,$2.99ea,,$0.66/ 100g,False
produce,,Bean Sprouts,Bean Sprouts454 g,$2.49ea,,$0.55/ 100g,False
produce,PC Blue Menu,Unsalted California Pistachios ,PC Blue MenuUnsalted California Pistachios 225 g,$5.99ea,,$2.66/ 100g,False
produce,,Snap Peas,Snap Peas200 g,$4.99ea,,$2.50/ 100g,False
produce,President's Choice,Blood Oranges,President's ChoiceBlood Oranges907 g,$6.99ea,,$0.77/ 100g,False
produce,President's Choice,Red Thai Hot Peppers,President's ChoiceRed Thai Hot Peppers75 g,$5.99ea,,$7.99/ 100g,False
produce,,Baby Napa,Baby Napa,$6.59/1 kg,,$6.59/ 1kg,False
produce,,Yellow Dragon Fruit,Yellow Dragon Fruit1 ea,$5.49ea,,$5.49/ 1ea,False
produce,,Red Beets,Red Beets,$0.75(est.)ea,,$3.95/ 1kg,False
produce,,Blueberries 1/2 pint,Blueberries 1/2 pint170 g,$3.99ea,,$2.35/ 100g,False
produce,PC Organics,Gala Apples,PC OrganicsGala Apples,$1.94(est.)ea,,$8.80/ 1kg,False
produce,PC Organics,Organic Mini Carrots 1lb Bag,PC OrganicsOrganic Mini Carrots 1lb Bag1 lb bag,$3.99ea,,$0.88/ 100g,False
produce,President's Choice,Beets Mixed 907G,President's ChoiceBeets Mixed 907G907 g,$3.99ea,,$0.44/ 100g,False
produce,President's Choice,Kent Mango,President's ChoiceKent Mango1 ea,$2.99ea,,$2.99/ 1ea,False
produce,,"Lemon Grass, 2 Pack","Lemon Grass, 2 Pack104 g",$2.99ea,,$2.88/ 100g,False
produce,,Acorn Squash,Acorn Squash,$3.69(est.)ea,,$4.39/ 1kg,False
produce,Farmer's Market,Gala Apples,Farmer's MarketGala Apples4 lb bag,$8.99ea,,$0.50/ 100g,False
produce,,Dragon Fruit,Dragon Fruit1 ea,$4.99ea,,$4.99/ 1ea,False
produce,,Kale,Kale1 bunch,$3.99ea,,$3.99/ 1ea,False
produce,,Spartan Apples,Spartan Apples,$1.15(est.)ea,,$5.49/ 1kg,False
produce,President's Choice,Axiany Cherry Tomatoes,President's ChoiceAxiany Cherry Tomatoes681 g,$7.99ea,,$1.17/ 100g,False
produce,Farmer's Market,McIntosh Apples,Farmer's MarketMcIntosh Apples4 lb bag,$8.99ea,,$0.50/ 100g,False
produce,,Brown Asian Pears,Brown Asian Pears,$3.70(est.)ea,,$8.80/ 1kg,False
produce,No Name,Naturally Imperfect White Mushrooms,No NameNaturally Imperfect White Mushrooms680 g,$4.99ea,,$0.73/ 100g,False
produce,,Organic Iceberg Lettuce,Organic Iceberg Lettuce1 ea,$5.49ea,,$5.49/ 1ea,False
produce,,Radish,Radish454 g,$2.99ea,,$0.66/ 100g,False
produce,,Bean Sprouts,Bean Sprouts454 g,$2.49ea,,$0.55/ 100g,False
produce,PC Blue Menu,Unsalted California Pistachios ,PC Blue MenuUnsalted California Pistachios 225 g,$5.99ea,,$2.66/ 100g,False
produce,,Lettuce Little Gem,Lettuce Little Gem1 ea,$5.99ea,,$5.99/ 1ea,False
produce,,Coleslaw Yogurt Dressing,Coleslaw Yogurt Dressing,$9.16(est.)ea,,$22.90/ 1kg,False
produce,President's Choice,Baby Spinach,President's ChoiceBaby Spinach0.312 kg,$6.99ea,,$2.24/ 100g,False
produce,Earthbound Farms Organic,Chop Honey Citrus Salad,Earthbound Farms OrganicChop Honey Citrus Salad207 g,$7.49ea,,$3.62/ 100g,False
produce,Greenhouse,Cranberry Kombucha,GreenhouseCranberry Kombucha340 ml,$4.99ea,,$1.47/ 100ml,False
produce,,Large Chicken Caesar Salad,Large Chicken Caesar Salad626 g,$12.00ea,,$1.92/ 100g,False
produce,,Vegetable Platter Large,Vegetable Platter Large1.78 kg,$20.00ea,,$1.12/ 100g,False
produce,,"Fresh Orange, Spinach, Kale, Celery Juice","Fresh Orange, Spinach, Kale, Celery Juice473 ml",$7.00ea,,$1.48/ 100ml,False
produce,President's Choice,Coleslaw,President's ChoiceColeslaw397 g,$3.49ea,,$0.88/ 100g,False
produce,PC Organics,Organics Sliced Cremini Mushrooms,PC OrganicsOrganics Sliced Cremini Mushrooms227 g,$3.69ea,,$1.63/ 100g,False
produce,,Mixed Dried Mushrooms,Mixed Dried Mushrooms14 g,$5.49ea,,$39.21/ 100g,False
produce,Bolthouse,Strawberry Banana,BolthouseStrawberry Banana946 ml,$6.99ea,,$0.74/ 100ml,False
produce,PC Organics,"Mushroom White, Sliced","PC OrganicsMushroom White, Sliced227 g",$3.69ea,,$1.63/ 100g,False
produce,PC Organics,Field Greens Salad Mix,PC OrganicsField Greens Salad Mix142 g,$5.99ea,,$4.22/ 100g,False
produce,,Premium Large Vetable Platter (Minimum 24 Hours Notice Required),Premium Large Vetable Platter (Minimum 24 Hours Notice Required)1 ea,$40.00ea,,$40.00/ 1ea,False
produce,,Premium Caesar Salad,Premium Caesar Salad257 g,$9.00ea,,$3.50/ 100g,False
produce,POM Wonderful,Pomegranate Juice,POM WonderfulPomegranate Juice710 ml,$9.99ea,,$1.41/ 100ml,False
produce,Loop,Early Bird Smoothie,LoopEarly Bird Smoothie1000 ml,$8.99ea,,$0.90/ 100ml,False
produce,PC Organics,Organics Multicolour Carrots,PC OrganicsOrganics Multicolour Carrots907 g,$5.49ea,,$0.61/ 100g,False
produce,Bolthouse,Vanilla Chai Tea,BolthouseVanilla Chai Tea946 ml,$6.99ea,,$0.74/ 100ml,False
produce,,Pink Onions,Pink Onions3 lb bag,$2.99ea,,$0.22/ 100g,False
produce,President's Choice,Ranch Pouch 44Ml,President's ChoiceRanch Pouch 44Ml44 ml,$0.59ea,,$1.34/ 100ml,False
produce,,Deluxe Bean Salad,Deluxe Bean Salad,$5.50(est.)ea,,$22.90/ 1kg,False
produce,Aurora,Oven Cooked Figs,AuroraOven Cooked Figs250 g,$9.99ea,,$4.00/ 100g,False
produce,,Raspberry Banana Parfait,Raspberry Banana Parfait290 g,$5.00ea,,$1.72/ 100g,False
produce,PC Organics,Organics Sliced Portobello Mushrooms,PC OrganicsOrganics Sliced Portobello Mushrooms170 g,$5.99ea,,$3.52/ 100g,False
produce,PC Organics,Organic Button White Mushrooms,PC OrganicsOrganic Button White Mushrooms227 g,$3.99ea,,$1.76/ 100g,False
produce,POM Wonderful,Super Tea Pomegranate Peach Passion White Tea,POM WonderfulSuper Tea Pomegranate Peach Passion White Tea1.4 l,$11.99ea,,$0.86/ 100ml,False
produce,Earthbound Farms Organic,Asian Salad,Earthbound Farms OrganicAsian Salad214 g,$7.49ea,,$3.50/ 100g,False
produce,,Coconut Rolled Medjool Dates,Coconut Rolled Medjool Dates340 g,$8.99ea,,$2.64/ 100g,False
produce,,Organic Dried Dates,Organic Dried Dates250 g,$5.99ea,,$2.40/ 100g,False
produce,,Greenbelt Organic Arugula,Greenbelt Organic Arugula0.142 kg,$5.99ea,,$4.22/ 100g,False
produce,,Cobb Salad with Cheddar Chips,Cobb Salad with Cheddar Chips335 g,$9.00ea,,$2.69/ 100g,False
produce,,Coleslaw Yogurt Dressing,Coleslaw Yogurt Dressing,$9.16(est.)ea,,$22.90/ 1kg,False
produce,President's Choice,Baby Spinach,President's ChoiceBaby Spinach0.312 kg,$6.99ea,,$2.24/ 100g,False
produce,,Large Chicken Caesar Salad,Large Chicken Caesar Salad626 g,$12.00ea,,$1.92/ 100g,False
produce,,Vegetable Platter Large,Vegetable Platter Large1.78 kg,$20.00ea,,$1.12/ 100g,False
produce,,"Fresh Orange, Spinach, Kale, Celery Juice","Fresh Orange, Spinach, Kale, Celery Juice473 ml",$7.00ea,,$1.48/ 100ml,False
produce,PC Organics,Organics Sliced Portobello Mushrooms,PC OrganicsOrganics Sliced Portobello Mushrooms170 g,$5.99ea,,$3.52/ 100g,False
produce,,Mixed Dried Mushrooms,Mixed Dried Mushrooms14 g,$5.49ea,,$39.21/ 100g,False
produce,,Premium Caesar Salad,Premium Caesar Salad257 g,$9.00ea,,$3.50/ 100g,False
produce,POM Wonderful,Super Tea Pomegranate Peach Passion White Tea,POM WonderfulSuper Tea Pomegranate Peach Passion White Tea1.4 l,$11.99ea,,$0.86/ 100ml,False
produce,,Coconut Rolled Medjool Dates,Coconut Rolled Medjool Dates340 g,$8.99ea,,$2.64/ 100g,False
produce,President's Choice,Coleslaw,President's ChoiceColeslaw397 g,$3.49ea,,$0.88/ 100g,False
produce,PC Organics,Organics Sliced Cremini Mushrooms,PC OrganicsOrganics Sliced Cremini Mushrooms227 g,$3.69ea,,$1.63/ 100g,False
produce,Aurora,Oven Cooked Figs,AuroraOven Cooked Figs250 g,$9.99ea,,$4.00/ 100g,False
produce,,Raspberry Banana Parfait,Raspberry Banana Parfait290 g,$5.00ea,,$1.72/ 100g,False
produce,,Sweet Potato and Butternut Squash Mix,Sweet Potato and Butternut Squash Mix702 g,$7.00ea,,$1.00/ 100g,False
produce,Earthbound Farms Organic,Chop Honey Citrus Salad,Earthbound Farms OrganicChop Honey Citrus Salad207 g,$7.49ea,,$3.62/ 100g,False
produce,Greenhouse,Cranberry Kombucha,GreenhouseCranberry Kombucha340 ml,$4.99ea,,$1.47/ 100ml,False
produce,PC Organics,Organic Button White Mushrooms,PC OrganicsOrganic Button White Mushrooms227 g,$3.99ea,,$1.76/ 100g,False
produce,Bolthouse,Strawberry Banana,BolthouseStrawberry Banana946 ml,$6.99ea,,$0.74/ 100ml,False
produce,POM Wonderful,Pomegranate Juice,POM WonderfulPomegranate Juice710 ml,$9.99ea,,$1.41/ 100ml,False
produce,Earthbound Farms Organic,Asian Salad,Earthbound Farms OrganicAsian Salad214 g,$7.49ea,,$3.50/ 100g,False
produce,Loop,Early Bird Smoothie,LoopEarly Bird Smoothie1000 ml,$8.99ea,,$0.90/ 100ml,False
produce,,Lettuce Little Gem,Lettuce Little Gem1 ea,$5.99ea,,$5.99/ 1ea,False
produce,The Little Potato Company,Fresh Creamer Potatoes Smoked Salt,The Little Potato CompanyFresh Creamer Potatoes Smoked Salt454 g,$4.99ea,,$1.10/ 100g,False
produce,PC Organics,Organics Field Greens Salad Mix,PC OrganicsOrganics Field Greens Salad Mix312 g,$7.99ea,,$2.56/ 100g,False
produce,,Genuine Coconut Organic Coconut Chunks,Genuine Coconut Organic Coconut Chunks113 g,$5.99ea,,$5.30/ 100g,False
produce,,Chicken Caesar Salad Mini,Chicken Caesar Salad Mini160 g,$5.00ea,,$3.13/ 100g,False
produce,Bolthouse,Red Goodness,BolthouseRed Goodness946 ml,$6.99ea,,$0.74/ 100ml,False
produce,,Greek Pasta Olympia Salad,Greek Pasta Olympia Salad,$5.95(est.)ea,,$22.90/ 1kg,False
produce,President's Choice,Mixiany Cherry Tomatoes,President's ChoiceMixiany Cherry Tomatoes680 g,$7.99ea,,$1.18/ 100g,False
produce,No Name,Naturally Imperfect Green Peppers 2.5lb Bag,No NameNaturally Imperfect Green Peppers 2.5lb Bag1130 g,$5.99ea,,$5.99/ 1ea,False
produce,President's Choice,Basil,President's ChoiceBasil28 g,$2.99ea,,,False
produce,,Chinese Napa Cabbage,Chinese Napa Cabbage,$4.92(est.)ea,,$4.39/ 1kg,False
produce,,Tamarillo,Tamarillo1 ea,$1.99ea,,$1.99/ 1ea,False
produce,President's Choice,Scotch Bonnet Hot Peppers,President's ChoiceScotch Bonnet Hot Peppers113 g,$5.99ea,,$5.30/ 100g,False
produce,President's Choice,Walnuts,President's ChoiceWalnuts0.454 kg,$2.96ea,,$0.65/ 100g,False
produce,,"Mini Bananas, Bunch","Mini Bananas, Bunch",$1.89(est.)ea,,$4.39/ 1kg,False
produce,PC Organics,Organic Carrots,PC OrganicsOrganic Carrots2 lb bag,$4.99ea,,$0.55/ 100g,False
produce,,Long Eggplants (1Pack),Long Eggplants (1Pack),$9.56(est.)ea,,$6.59/ 1kg,False
produce,President's Choice,Mixiany Cherry Tomatoes ,President's ChoiceMixiany Cherry Tomatoes 255 g,$4.99ea,,$1.96/ 100g,False
produce,Bolthouse,Strawberry Banana,BolthouseStrawberry Banana1.54 l,$9.99ea,,$0.65/ 100ml,False
produce,Marzetti,"Veggie Dip, Southwest Ranch","MarzettiVeggie Dip, Southwest Ranch340 g",$5.99ea,,$1.76/ 100g,False
produce,Bolthouse,Green Goodness,BolthouseGreen Goodness946 ml,$6.99ea,,$0.74/ 100ml,False
produce,,Eddoes,Eddoes,$1.32(est.)ea,,$8.80/ 1kg,False
produce,,Parsnips 1lb Bag,Parsnips 1lb Bag1 lb bag,$5.99ea,,$1.32/ 100g,False
produce,PC Organics,Sliced and Whole Bistro Blend Mushrooms,PC OrganicsSliced and Whole Bistro Blend Mushrooms200 g,$6.99ea,,$3.50/ 100g,False
produce,,Red Mango (case),Red Mango (case)2 kg,$9.99ea,,$0.50/ 100g,False
produce,President's Choice,Pencil Hot Hot Peppers,President's ChoicePencil Hot Hot Peppers80 g,$5.99ea,,$7.49/ 100g,False
produce,President's Choice,Yellow Mini Potatoes,President's ChoiceYellow Mini Potatoes0.68 kg,$4.49ea,,$0.66/ 100g,False
produce,,Potato Baking Tray,Potato Baking Tray1 ea,$4.99ea,,$4.99/ 1ea,False
produce,,Coconuts,Coconuts1 ea,$2.49ea,,$2.49/ 1ea,False
produce,Farmer's Market,Mini Carrots,Farmer's MarketMini Carrots2 lb bag,$5.49ea,,$0.61/ 100g,False
produce,,Green Swiss Chard,Green Swiss Chard1 bunch,$4.49ea,,$4.49/ 1ea,False
produce,Paramount,"Wonderful Pistachios, Roasted & Salted","ParamountWonderful Pistachios, Roasted & Salted225 g",$6.49ea,,$2.88/ 100g,False
produce,,Avocado,Avocado1 ea,$2.49ea,,$2.49/ 1ea,False
produce,,White Potatoes,White Potatoes,$1.98(est.)ea,,$5.49/ 1kg,False
produce,Paramount,"No shell Pistachios, Sea Salt & Vinegar","ParamountNo shell Pistachios, Sea Salt & Vinegar155 g",$8.99ea,,$5.80/ 100g,False
produce,PC Organics,Organic Mint,PC OrganicsOrganic Mint20 g,$2.99ea,,,False
produce,,Pink Lady Apples,Pink Lady Apples,$1.61(est.)ea,,$7.69/ 1kg,False
produce,,Okra (1 pack),Okra (1 pack),$5.08(est.)ea,,$12.10/ 1kg,False
produce,,Rooster Bag Garlic,Rooster Bag Garlic1 kg,$6.99ea,,$0.70/ 100g,False
produce,Sunkist,Navel Oranges,SunkistNavel Oranges8 lb bag,$9.99ea,,$0.28/ 100g,False
produce,,Green Mangoes,Green Mangoes,$8.57(est.)ea,,$6.59/ 1kg,False
produce,PC Organics,Organics Whole White Mushrooms,PC OrganicsOrganics Whole White Mushrooms680 g,$8.99ea,,$1.32/ 100g,False
produce,PC Organics,Organic White Mushrooms,PC OrganicsOrganic White Mushrooms227 g,$3.69ea,,$1.63/ 100g,False
produce,Farmer's Market,Cucumbers 11 count,Farmer's MarketCucumbers 11 count750 g,$8.99ea,,$0.82/ 1ea,False
produce,,Taiwanese Flat Cabbage,Taiwanese Flat Cabbage,$4.96(est.)ea,,$4.39/ 1kg,False
produce,Farmer's Market,Russet Potatoes,Farmer's MarketRusset Potatoes10 lb bag,$5.99ea,,$0.13/ 100g,False
produce,,Chinese Broccoli (gai lan),Chinese Broccoli (gai lan),$5.37(est.)ea,,$8.80/ 1kg,False
produce,President's Choice,Mixed Little Gems,President's ChoiceMixed Little Gems0.68 kg,$4.49ea,,$0.66/ 100g,False
produce,,LoBok (Daikon Radish),LoBok (Daikon Radish),$3.09(est.)ea,,$3.29/ 1kg,False
produce,Farmer's Market,Roma Tomatoes,Farmer's MarketRoma Tomatoes1 ea,$9.99ea,,$0.73/ 100g,False
produce,Paramount,"Pistachios, Salt & Pepper","ParamountPistachios, Salt & Pepper200 g",$6.49ea,,$3.25/ 100g,False
produce,President's Choice,Cocktail Tomatoes,President's ChoiceCocktail Tomatoes340 g,$5.99ea,,$1.76/ 100g,False
produce,,Lady Alice Apples,Lady Alice Apples,$1.54(est.)ea,,$7.69/ 1kg,False
produce,,Red Cherries,Red Cherries,$15.67(est.)ea,$6.22(est.)ea,$6.99/ 1kg,True
produce,PC Organics,Organic Thyme,PC OrganicsOrganic Thyme20 g,$2.99ea,,,False
produce,,Baby Bok Choy Jr,Baby Bok Choy Jr,$4.42(est.)ea,,$6.59/ 1kg,False
produce,,Celery Hearts,Celery Hearts2 pack,$5.99ea,,$3.00/ 1ea,False
produce,,Curly Parsley,Curly Parsley1 bunch,$2.69ea,,$2.69/ 1ea,False
produce,,Italian Parsley,Italian Parsley1 bunch,$2.69ea,,$2.69/ 1ea,False
produce,,Broccoli Crowns,Broccoli Crowns,$3.34(est.)ea,,$8.80/ 1kg,False
produce,Farmer's Market,Red Onions,Farmer's MarketRed Onions3 lb bag,$5.99ea,,$0.44/ 100g,False
produce,,Organic Grape Tomatoes,Organic Grape Tomatoes680 g,$9.99ea,,$1.47/ 100g,False
produce,President's Choice,Mixed Nuts,President's ChoiceMixed Nuts0.454 kg,$2.96ea,,$0.65/ 100g,False
produce,President's Choice,"Meyer Lemon, 1lb","President's ChoiceMeyer Lemon, 1lb454 g",$5.99ea,,$1.32/ 100g,False
produce,Farmer's Market,Yellow Potato 10lb Bag,Farmer's MarketYellow Potato 10lb Bag10 lb bag,$6.99ea,,$0.15/ 100g,False
produce,,Spaghetti Squash,Spaghetti Squash,$5.53(est.)ea,,$4.39/ 1kg,False
produce,PC Organics,Organic Beefsteak Red Tomato,PC OrganicsOrganic Beefsteak Red Tomato,$2.97(est.)ea,,$11.00/ 1kg,False
produce,,Organic Collard Greens,Organic Collard Greens1 bunch,$4.99ea,,$4.99/ 1ea,False
produce,,Mandarin,Mandarin4 lb,$6.99ea,,$0.39/ 100g,False
produce,,Smitten Apples,Smitten Apples,$1.38(est.)ea,,$6.59/ 1kg,False
produce,,Cotton Candy grapes,Cotton Candy grapes454 g,$7.99ea,,$1.76/ 100g,False
produce,,Tomato On The Vine Red ( 1 Bunch),Tomato On The Vine Red ( 1 Bunch),$6.25(est.)ea,,$8.80/ 1kg,False
produce,President's Choice,Dill,President's ChoiceDill28 g,$2.99ea,,,False
produce,PC Organics,Organic Peppers,PC OrganicsOrganic Peppers2 pack,$6.99ea,,$3.50/ 1ea,False
produce,,Radicchio Lettuce,Radicchio Lettuce,$3.41(est.)ea,,$11.00/ 1kg,False
produce,President's Choice,Salted California Pistachios,President's ChoiceSalted California Pistachios454 g,$9.99ea,,$2.20/ 100g,False
produce,,"Greenhouse Peppers, Yellow","Greenhouse Peppers, Yellow",$2.75(est.)ea,,$11.00/ 1kg,False
produce,,Honeydew Melon,Honeydew Melon1 ea,$7.99ea,,$7.99/ 1ea,False
produce,,Black Figs,Black Figs1 ea,$1.29ea,,$1.29/ 1ea,False
produce,,Japanese Yams,Japanese Yams,$6.26(est.)ea,,$6.59/ 1kg,False
produce,,D'Anjou Pears,D'Anjou Pears,$1.85(est.)ea,,$7.69/ 1kg,False
produce,,"Black Figs, Case","Black Figs, Case1 ea",$8.99c01,,$8.99/ 1ea,False
produce,PC Organics,Organic Rosemary,PC OrganicsOrganic Rosemary20 g,$2.99ea,,,False
produce,President's Choice,Green Thai Hot Peppers,President's ChoiceGreen Thai Hot Peppers75 g,$5.99ea,,$7.99/ 100g,False
produce,,"Red Bananas, Bunch","Red Bananas, Bunch",$3.25(est.)ea,,$4.39/ 1kg,False
produce,,Packaged Yellow Peaches,Packaged Yellow Peaches907 g,$7.99ea,,$0.88/ 100g,False
produce,7D,Dried Mangos,7DDried Mangos140 g,$9.99ea,,$7.14/ 100g,False
produce,,Asparagus,Asparagus,$7.79(est.)ea,$5.19(est.)ea,$8.80/ 1kg,True
produce,,Bartlett Pears,Bartlett Pears,$1.61(est.)ea,,$7.69/ 1kg,False
produce,Paramount,Pistachios No Shells Honey Roasted,ParamountPistachios No Shells Honey Roasted155 g,$8.99ea,,$5.80/ 100g,False
produce,PC Organics,Honeycrisp Apples 3Lb Bag,PC OrganicsHoneycrisp Apples 3Lb Bag1.36 kg,$13.99ea,,$1.03/ 100g,False
produce,,Apple Pazazz,Apple Pazazz1.814 kg,$9.99ea,,$0.55/ 100g,False
produce,,Green Onion,Green Onion1 bunch,$1.99ea,,$1.99/ 1ea,False
produce,,Baby Bok Choy,Baby Bok Choy,$4.35(est.)ea,,$6.59/ 1kg,False
produce,,Butternut Squash,Butternut Squash,$7.07(est.)ea,,$4.39/ 1kg,False
produce,,Bard Valley Natural Delights Pitted Medjool Dates,Bard Valley Natural Delights Pitted Medjool Dates340 g,$9.99ea,,$2.94/ 100g,False
produce,,Pomegranate,Pomegranate1 ea,$3.99ea,,$3.99/ 1ea,False
produce,,Jicama,Jicama,$4.23(est.)ea,,$3.95/ 1kg,False
produce,PC Blue Menu,Blue Menu Unsalted Virginia Peanuts,PC Blue MenuBlue Menu Unsalted Virginia Peanuts454 g,$3.99ea,,$0.88/ 100g,False
produce,,Santa Claus Melons,Santa Claus Melons,$10.44(est.)ea,,$5.49/ 1kg,False
produce,,Cilantro,Cilantro1 bunch,$2.69ea,,$2.69/ 1ea,False
produce,,French Bean,French Bean680 g,$8.99ea,,$1.32/ 100g,False
produce,,Spaghetti Squash,Spaghetti Squash,$5.53(est.)ea,,$4.39/ 1kg,False
produce,PC Organics,Organic Beefsteak Red Tomato,PC OrganicsOrganic Beefsteak Red Tomato,$2.97(est.)ea,,$11.00/ 1kg,False
produce,,Blackberries 1 pint,Blackberries 1 pint340 g,$8.99ea,,$2.64/ 100g,False
produce,,Organic Kiwi,Organic Kiwi454 g,$5.99ea,,$1.32/ 100g,False
produce,,Turnips,Turnips,$3.09(est.)ea,,$8.14/ 1kg,False
produce,No Name,Naturally Imperfect Lemons 3lb Bag,No NameNaturally Imperfect Lemons 3lb Bag1.36 kg,$8.99ea,,$0.66/ 100g,False
produce,,Envy Apples,Envy Apples,$1.76(est.)ea,,$8.80/ 1kg,False
produce,,Karela (1Pack),Karela (1Pack),$2.77(est.)ea,,$8.80/ 1kg,False
produce,,Yellow Yams,Yellow Yams,$3.85(est.)ea,,$7.69/ 1kg,False
produce,President's Choice,Salted California Pistachios,President's ChoiceSalted California Pistachios225 g,$5.99ea,,$2.66/ 100g,False
produce,Love Beets,Organic Cooked Beets,Love BeetsOrganic Cooked Beets250 ea,$5.99ea,,$2.40/ 100g,False
produce,,Endive,Endive300 g,$5.99ea,,$2.00/ 100g,False
produce,Farmer's Market,Grape Tomato 907G    ,Farmer's MarketGrape Tomato 907G    908 g,$8.99ea,,$0.99/ 100g,False
produce,PC Organics,Organic Lime,PC OrganicsOrganic Lime1 lb bag,$7.99ea,,$1.76/ 100g,False
produce,,Yellow Asian Pears,Yellow Asian Pears,$2.82(est.)ea,,$8.80/ 1kg,False
produce,Farmer's Market,Greenhouse Peppers,Farmer's MarketGreenhouse Peppers1 ea,$6.49ea,,$2.16/ 1ea,False
produce,,Kohlrabi,Kohlrabi,$3.23(est.)ea,,$6.59/ 1kg,False
produce,President's Choice,Ambrosia Apples,President's ChoiceAmbrosia Apples,$1.45(est.)ea,,$6.59/ 1kg,False
produce,,Galia Melons,Galia Melons1 ea,$5.99ea,,$5.99/ 1ea,False
produce,,Romaine Lettuce,Romaine Lettuce1 ea,$3.99ea,,$3.99/ 1ea,False
produce,,Cortland Apples,Cortland Apples,$1.15(est.)ea,,$5.49/ 1kg,False
produce,,"Spinach, Bunched","Spinach, Bunched1 ea",$2.99ea,,$2.99/ 1ea,False
produce,,Celery Stalks,Celery Stalks1 ea,$4.49ea,,$4.49/ 1ea,False
produce,Farmer's Market,Red Delicious Apples,Farmer's MarketRed Delicious Apples4 lb bag,$7.99ea,,$0.44/ 100g,False
produce,,Red Beets,Red Beets2 lb bag,$2.99ea,,$0.33/ 100g,False
produce,President's Choice,Fresh Poultry Herb Blend,President's ChoiceFresh Poultry Herb Blend28 g,$2.99ea,,,False
produce,The Little Potato Company,Oven BBQ Ready Garlic Herb Potatoes,The Little Potato CompanyOven BBQ Ready Garlic Herb Potatoes454 g,$4.99ea,,$1.10/ 100g,False
produce,,Field Cucumbers,Field Cucumbers1 ea,$1.99ea,,$1.99/ 1ea,False
produce,PC Organics,Organic Axiany Tomato,PC OrganicsOrganic Axiany Tomato255 g,$4.99ea,,$1.96/ 100g,False
produce,,Brussels Sprouts,Brussels Sprouts,$0.26(est.)ea,,$8.80/ 1kg,False
produce,,Packaged Yellow Nectarine,Packaged Yellow Nectarine907 g,$7.99ea,,$0.88/ 100g,False
produce,,Leeks,Leeks1 bunch,$4.99ea,,$4.99/ 1ea,False
produce,PC Organics,Organic Lemons,PC OrganicsOrganic Lemons2 lb bag,$8.99ea,,$0.99/ 100g,False
produce,President's Choice,Red Potatoes,President's ChoiceRed Potatoes5 lb bag,$5.99ea,,$0.26/ 100g,False
produce,PC Organics,Organics Yellow Onions,PC OrganicsOrganics Yellow Onions2 lb bag,$4.99ea,,$0.55/ 100g,False
produce,,Red Delicious Apples,Red Delicious Apples,$1.15(est.)ea,,$5.49/ 1kg,False
produce,,Avocados Bag,Avocados Bag1 bag,$4.99ea,,$1.00/ 1ea,False
produce,,Cauliflower,Cauliflower1 ea,$5.99ea,,$5.99/ 1ea,False
produce,,Red Peppers    ,Red Peppers    ,$2.64(est.)ea,,$11.00/ 1kg,False
produce,The Little Potato Company,Microwave Ready Lemon and Garden Herb Potatoes,The Little Potato CompanyMicrowave Ready Lemon and Garden Herb Potatoes454 g,$4.99ea,,$1.10/ 100g,False
produce,Bolthouse,100% Carrot,Bolthouse100% Carrot1.54 l,$9.99ea,,$0.65/ 100ml,False
produce,Bolthouse,C-Boost,BolthouseC-Boost946 ml,$6.99ea,,$0.74/ 100ml,False
produce,Marzetti,"Veggie Dip, Ranch Snack Pack","MarzettiVeggie Dip, Ranch Snack Pack43 g",$6.99ea,,$16.26/ 100g,False
produce,President's Choice,Blackberries ,President's ChoiceBlackberries 170 g,$4.99ea,,$2.94/ 100g,False
produce,President's Choice,Baby Spinach,President's ChoiceBaby Spinach0.142 kg,$4.99ea,,$3.51/ 100g,False
produce,Farmer's Market,Mini Cucumbers,Farmer's MarketMini Cucumbers6 pack,$5.99ea,,$1.00/ 1ea,False
produce,President's Choice,Axiany Cherry Tomatoes,President's ChoiceAxiany Cherry Tomatoes0.225 kg,$4.99ea,,$2.22/ 100g,False
produce,,Horseradish,Horseradish,$6.94(est.)ea,,$19.82/ 1kg,False
produce,,Red Prince Apple,Red Prince Apple1 ea,$9.99ea,,,False
produce,,Parsnip,Parsnip,$1.76(est.)ea,,$7.03/ 1kg,False
produce,,Fennel,Fennel1 ea,$4.99ea,,$4.99/ 1ea,False
produce,President's Choice,Sage,President's ChoiceSage28 g,$2.99ea,,,False
produce,,Fuji Apples,Fuji Apples,$1.58(est.)ea,,$6.59/ 1kg,False
produce,,Green Seedless Grapes,Green Seedless Grapes,$6.72(est.)ea,$5.60(est.)ea,$5.49/ 1kg,True
produce,,Organic Italian Parsley,Organic Italian Parsley1 bunch,$3.99ea,,$3.99/ 1ea,False
produce,President's Choice,Hazelnuts in Shell,President's ChoiceHazelnuts in Shell0.454 kg,$4.96ea,,$1.09/ 100g,False
produce,,Tomato Beefsteak  Red,Tomato Beefsteak  Red,$2.06(est.)ea,,$7.69/ 1kg,False
produce,,English Cucumber,English Cucumber1 ea,$1.99ea,,$1.99/ 1ea,False
produce,PC Organics,Gala Apples,PC OrganicsGala Apples,$1.94(est.)ea,,$8.80/ 1kg,False
produce,PC Organics,Organic Mini Carrots 1lb Bag,PC OrganicsOrganic Mini Carrots 1lb Bag1 lb bag,$3.99ea,,$0.88/ 100g,False
produce,President's Choice,Beets Mixed 907G,President's ChoiceBeets Mixed 907G907 g,$3.99ea,,$0.44/ 100g,False
produce,President's Choice,Kent Mango,President's ChoiceKent Mango1 ea,$2.99ea,,$2.99/ 1ea,False
produce,,"Lemon Grass, 2 Pack","Lemon Grass, 2 Pack104 g",$2.99ea,,$2.88/ 100g,False
produce,,Zucchini,Zucchini,$1.85(est.)ea,,$6.59/ 1kg,False
produce,,Acorn Squash,Acorn Squash,$3.69(est.)ea,,$4.39/ 1kg,False
produce,,Organic Green Zucchini,Organic Green Zucchini2x1.0 ea,$5.99ea,,$3.00/ 1ea,False
produce,President's Choice,Yellow Hot Hot Peppers,President's ChoiceYellow Hot Hot Peppers226 g,$5.99ea,,$2.65/ 100g,False
produce,,Spanish Onion,Spanish Onion,$1.81(est.)ea,,$5.49/ 1kg,False
produce,,Orange Chocolate,Orange Chocolate,$2.20(est.)ea,,$8.80/ 1kg,False
produce,,"Bananas, Bunch","Bananas, Bunch",$1.75(est.)ea,,$1.52/ 1kg,False
produce,,Shanghai Bok Choy,Shanghai Bok Choy,$4.22(est.)ea,,$6.59/ 1kg,False
produce,,Savoy Cabbage,Savoy Cabbage,$3.20(est.)ea,,$3.28/ 1kg,False
produce,President's Choice,Ontario Greenhouse-Grown Strawberries ,President's ChoiceOntario Greenhouse-Grown Strawberries 340 g,$6.49ea,,$1.91/ 100g,False
produce,The Little Potato Company,Microwave Ready Lemon and Garden Herb Potatoes,The Little Potato CompanyMicrowave Ready Lemon and Garden Herb Potatoes454 g,$4.99ea,,$1.10/ 100g,False
produce,Farmer's Market,Mini Cucumbers,Farmer's MarketMini Cucumbers6 pack,$5.99ea,,$1.00/ 1ea,False
produce,President's Choice,Axiany Cherry Tomatoes,President's ChoiceAxiany Cherry Tomatoes0.225 kg,$4.99ea,,$2.22/ 100g,False
produce,,Horseradish,Horseradish,$6.94(est.)ea,,$19.82/ 1kg,False
produce,,Red Prince Apple,Red Prince Apple1 ea,$9.99ea,,,False
produce,,Red Potatoes,Red Potatoes,$1.43(est.)ea,,$5.49/ 1kg,False
produce,,Red Peppers    ,Red Peppers    ,$2.64(est.)ea,,$11.00/ 1kg,False
produce,,"Greenhouse Peppers, Orange","Greenhouse Peppers, Orange",$2.64(est.)ea,,$11.00/ 1kg,False
produce,,Lettuce Iceberg,Lettuce Iceberg1 ea,$3.99ea,,$3.99/ 1ea,False
produce,,Green Seedless Grapes,Green Seedless Grapes,$6.72(est.)ea,$5.60(est.)ea,$5.49/ 1kg,True
produce,,Raspberries 1/2 pint,Raspberries 1/2 pint170 g,$4.99ea,,$2.94/ 100g,False
produce,,Blueberries 1/2 pint,Blueberries 1/2 pint170 g,$3.99ea,,$2.35/ 100g,False
produce,,Tomato Beefsteak  Red,Tomato Beefsteak  Red,$2.06(est.)ea,,$7.69/ 1kg,False
produce,,English Cucumber,English Cucumber1 ea,$1.99ea,,$1.99/ 1ea,False
produce,,Zucchini,Zucchini,$1.85(est.)ea,,$6.59/ 1kg,False
produce,,Sweet Onion,Sweet Onion,$2.53(est.)ea,,$5.49/ 1kg,False
produce,PC Organics,Organic White Mushrooms,PC OrganicsOrganic White Mushrooms227 g,$3.69ea,,$1.63/ 100g,False
produce,,Lemon,Lemon1 ea,$1.29ea,,$1.29/ 1ea,False
produce,President's Choice,Mixiany Cherry Tomatoes,President's ChoiceMixiany Cherry Tomatoes680 g,$7.99ea,,$1.18/ 100g,False
produce,No Name,Naturally Imperfect Green Peppers 2.5lb Bag,No NameNaturally Imperfect Green Peppers 2.5lb Bag1130 g,$5.99ea,,$5.99/ 1ea,False
produce,President's Choice,Basil,President's ChoiceBasil28 g,$2.99ea,,,False
produce,,Chinese Napa Cabbage,Chinese Napa Cabbage,$4.92(est.)ea,,$4.39/ 1kg,False
produce,,Tamarillo,Tamarillo1 ea,$1.99ea,,$1.99/ 1ea,False
produce,President's Choice,Scotch Bonnet Hot Peppers,President's ChoiceScotch Bonnet Hot Peppers113 g,$5.99ea,,$5.30/ 100g,False
produce,President's Choice,Walnuts,President's ChoiceWalnuts0.454 kg,$2.96ea,,$0.65/ 100g,False
produce,,Sweet Green Peppers,Sweet Green Peppers,$2.15(est.)ea,$1.85(est.)ea,$6.59/ 1kg,True
produce,,"Mini Bananas, Bunch","Mini Bananas, Bunch",$1.89(est.)ea,,$4.39/ 1kg,False
produce,PC Organics,Organic Carrots,PC OrganicsOrganic Carrots2 lb bag,$4.99ea,,$0.55/ 100g,False
produce,,Eddoes,Eddoes,$1.32(est.)ea,,$8.80/ 1kg,False
produce,,Mini Seedless Watermelon,Mini Seedless Watermelon1 ea,$6.99ea,,$6.99/ 1ea,False
produce,,Cantaloupe,Cantaloupe1 ea,$5.99ea,,$5.99/ 1ea,False
produce,,Physalis (Gooseberries),Physalis (Gooseberries)200 g,$4.99ea,,$2.50/ 100g,False
produce,,Long Eggplants (1Pack),Long Eggplants (1Pack),$9.56(est.)ea,,$6.59/ 1kg,False
produce,President's Choice,Mixiany Cherry Tomatoes ,President's ChoiceMixiany Cherry Tomatoes 255 g,$4.99ea,,$1.96/ 100g,False
produce,President's Choice,Arugula,President's ChoiceArugula0.142 kg,$4.99ea,,$3.51/ 100g,False
produce,,Organic Red Grapes,Organic Red Grapes1 ea,$9.99ea,,$2.21/ 100g,False
produce,,Chinese Bitter Melon,Chinese Bitter Melon,$2.18(est.)ea,,$9.90/ 1kg,False
produce,Farmer's Market,Sweet Potatoes,Farmer's MarketSweet Potatoes5 lb,$6.49ea,,$0.29/ 100g,False
produce,,Celery Root,Celery Root,$4.16(est.)ea,,$5.49/ 1kg,False
produce,,Navel Orange,Navel Orange,$1.92(est.)ea,,$5.49/ 1kg,False
produce,,Granny Smith Apples,Granny Smith Apples,$1.32(est.)ea,,$6.59/ 1kg,False
produce,PC Organics,Mixiany Cherry Tomatoes,PC OrganicsMixiany Cherry Tomatoes255 g,$4.99ea,,$1.96/ 100g,False
produce,,Vero Tomato,Vero Tomato680 g,$6.99ea,,$1.03/ 100g,False
produce,,"Plantains, Single","Plantains, Single",$1.30(est.)ea,,$3.95/ 1kg,False
produce,,Red Cabbage,Red Cabbage,$4.36(est.)ea,,$3.28/ 1kg,False
produce,President's Choice,Rosemary,President's ChoiceRosemary28 g,$2.99ea,,,False
produce,President's Choice,Habanero Hot Peppers,President's ChoiceHabanero Hot Peppers50 g,$5.99ea,,$11.98/ 100g,False
produce,President's Choice,Jalapeno Hot Peppers,President's ChoiceJalapeno Hot Peppers226 g,$5.99ea,$4.99ea,$2.21/ 100g,True
produce,,Red Swiss Chard,Red Swiss Chard1 bunch,$4.49ea,,$4.49/ 1ea,False
produce,Farmer's Market,Yellow Onions,Farmer's MarketYellow Onions3 lb bag,$2.99ea,,$0.22/ 100g,False
produce,,Parsley Root,Parsley Root1 bunch,$4.99ea,,$4.99/ 1ea,False
produce,,Organic Blackberries,Organic Blackberries170 g,$5.99ea,,$3.52/ 100g,False
produce,,Sweet Onions 3lb Bag,Sweet Onions 3lb Bag3 lb bag,$7.99ea,,$0.59/ 100g,False
produce,PC Organics,Organic Blueberries,PC OrganicsOrganic Blueberries277 g,$6.99ea,,$2.52/ 100g,False
produce,Taylor Farms,"Chopped Salad Kit, Buffalo Ranch","Taylor FarmsChopped Salad Kit, Buffalo Ranch383 g",$6.99ea,,$1.83/ 100g,False
produce,President's Choice,Chives,President's ChoiceChives28 g,$2.99ea,,,False
produce,,Organic Green Kale,Organic Green Kale1 bunch,$4.99ea,,$4.99/ 1ea,False
produce,Farmer's Market,Mandarin Oranges,Farmer's MarketMandarin Oranges2 lb bag,$4.99ea,,$0.55/ 100g,False
produce,,Kumato Tomatoes,Kumato Tomatoes454 g,$6.99ea,,$1.54/ 100g,False
produce,,Green Beans,Green Beans380 g,$5.99ea,,$1.58/ 100g,False
produce,Paramount,"Wonderful Pistachios, Sweet Chili","ParamountWonderful Pistachios, Sweet Chili200 g",$6.49ea,,$3.25/ 100g,False
produce,No Name,Imperfect Apples,No NameImperfect Apples6 lb,$6.99ea,,$0.26/ 100g,False
produce,The Little Potato Company,Microwave Ready Savoury Herb Potatoes,The Little Potato CompanyMicrowave Ready Savoury Herb Potatoes454 g,$4.99ea,,$1.10/ 100g,False
produce,,White Yams,White Yams,$3.85(est.)ea,,$7.69/ 1kg,False
produce,PC Organics,Organic Granny Smith Apples,PC OrganicsOrganic Granny Smith Apples,$1.67(est.)ea,,$8.80/ 1kg,False
produce,President's Choice,Yellow Potatoes,President's ChoiceYellow Potatoes5 lb bag,$5.99ea,,$0.26/ 100g,False
