category,brand,product_text,product_name,price_text,sale_price,per_unit_price_text,is_sale,ranking,sale_valid_to
snacks,No Name, Lightly Salted Rippled Potato Chips ,No Name Lightly Salted Rippled Potato Chips 200 g,$2.99ea,,$1.50/ 100g,False,1.0,
snacks,No Name,Cheese Rice Crackers,No NameCheese Rice Crackers100 g,$1.99ea,,$1.99/ 100g,False,2.0,
snacks,GoGo squeez, Fruit Sauce 16 Pouches,GoGo squeez Fruit Sauce 16 Pouches16x90.0 g,$10.99ea,,$0.76/ 100g,False,3.0,
snacks,Twigz,"Craft Pretzels, Buttery Herb and Garlic","TwigzCraft Pretzels, Buttery Herb and Garlic130 g",$4.99ea,,$3.84/ 100g,False,4.0,
snacks,FERRERO ROCHER,"Hollow Hazelnut Milk Chocolate Squirrel, Easter Gift","FERRERO ROCHERHollow Hazelnut Milk Chocolate Squirrel, Easter Gift90 g",$6.99ea,,$7.77/ 100g,False,5.0,
snacks,Pringles,Mega Can BBQ Flavour,PringlesMega Can BBQ Flavour202 g,$3.99ea,,$1.97/ 100g,False,6.0,
snacks,No Name,Vanilla Crème-Filled Wafers,No NameVanilla Crème-Filled Wafers175 g,$1.69ea,,$0.97/ 100g,False,7.0,
snacks,Cadbury,Mini Eggs Assorted Chocolate Eggs Mini,CadburyMini Eggs Assorted Chocolate Eggs Mini33 g,$1.69ea,,$5.12/ 100g,False,8.0,
snacks,Jelly Belly,"Candy, Gourmet Jelly Beans - Single Serve Assorted Flavours","Jelly BellyCandy, Gourmet Jelly Beans - Single Serve Assorted Flavours40 g",$1.29ea,,$3.23/ 100g,False,9.0,
snacks,No Name,Microwave Butter Flavour Popcorn,No NameMicrowave Butter Flavour Popcorn493 g,$3.99ea,,$0.81/ 100g,False,10.0,
snacks,Galil,"Rice Cakes With Sesame Seeds And Salt Thin, 18 Cakes","GalilRice Cakes With Sesame Seeds And Salt Thin, 18 Cakes100 g",$1.99ea,,$1.99/ 100g,False,11.0,
snacks,Jack Links,Turkey Jerky,Jack LinksTurkey Jerky80 g,$6.99ea,,$8.74/ 100g,False,12.0,
snacks,Cookie It Up,"Shortbread Cookies, White Chocolate Cranberry","Cookie It UpShortbread Cookies, White Chocolate Cranberry140 g",$5.49ea,,$3.92/ 100g,False,13.0,
snacks,Shneider's,Creamy Milk,Shneider'sCreamy Milk100 g,$2.99ea,,$2.99/ 100g,False,14.0,
snacks,Handfuel,Cashews Coconut,HandfuelCashews Coconut150 g,$6.99ea,,$4.66/ 100g,False,15.0,
snacks,Loacker,"Cookies, Crispy Milk Chocolate Specialty With Hazelnut Cream Filling Original","LoackerCookies, Crispy Milk Chocolate Specialty With Hazelnut Cream Filling Original63 g",$3.99ea,,$6.33/ 100g,False,16.0,
snacks,5 Gum,"Peppermint-Cobalt Flavoured Sugar Free Chewing Gum, 35 Sticks, 1 Pack","5 GumPeppermint-Cobalt Flavoured Sugar Free Chewing Gum, 35 Sticks, 1 Pack94.49 g",$4.99ea,,$5.28/ 100g,False,17.0,
snacks,Ferrero,"Collection Eggs, Hazelnut Milk Chocolate Eggs, Creamy Hazelnut Filling, Easter Eggs","FerreroCollection Eggs, Hazelnut Milk Chocolate Eggs, Creamy Hazelnut Filling, Easter Eggs100 g",$5.99ea,,$5.99/ 100g,False,18.0,
snacks,Jack Links,Teriyaki Jerky,Jack LinksTeriyaki Jerky230 g,$14.99ea,,$6.52/ 100g,False,19.0,
snacks,GoGo squeez,"Squeeze, Apple Blueberry","GoGo squeezSqueeze, Apple Blueberry90 g",$4.59ea,,$1.28/ 100g,False,20.0,
snacks,Whisps,Cheddar Cheese Crisps    ,WhispsCheddar Cheese Crisps    60 g,$5.99ea,,$9.98/ 100g,False,21.0,
snacks,Christie,Nutter Butter Fudge Covered Cookies,ChristieNutter Butter Fudge Covered Cookies223 g,$4.29ea,,$1.92/ 100g,False,22.0,
snacks,Wrigley,"Peppermint Flavoured Sugar Free Soft Chew Gum, 15 Pieces, 1 Pack","WrigleyPeppermint Flavoured Sugar Free Soft Chew Gum, 15 Pieces, 1 Pack1 ea",$2.79ea,,$2.79/ 1ea,False,23.0,
snacks,Grissol,Baguettes Bites Bruschetta,GrissolBaguettes Bites Bruschetta130 g,$3.89ea,,$2.99/ 100g,False,24.0,
snacks,Bubbies Biscotti,Double Belgian Chocolate Biscotti,Bubbies BiscottiDouble Belgian Chocolate Biscotti159 g,$6.99ea,,$4.40/ 100g,False,25.0,
snacks,Hershey's,Easter Egg Hunt Multi 10 Pack,Hershey'sEaster Egg Hunt Multi 10 Pack348 g,$15.99ea,,$4.59/ 100g,False,26.0,
snacks,Reese's, Peanut Butter Cups Candy,Reese's Peanut Butter Cups Candy46 g,$1.49ea,,$3.24/ 100g,False,27.0,
snacks,Sprucewood Handmade Cookie Co.,Pure Maple Shortbread,Sprucewood Handmade Cookie Co.Pure Maple Shortbread170 g,$6.49ea,,$3.82/ 100g,False,28.0,
snacks,S&F,Ajvar Hot Vegetable Spread,S&FAjvar Hot Vegetable Spread375 ml,$4.79ea,,$1.28/ 100ml,False,29.0,
snacks,M&M's,"Peanut Milk Chocolate Candies, Bowl Size","M&M'sPeanut Milk Chocolate Candies, Bowl Size400 g",$9.99ea,,$2.50/ 100g,False,30.0,
snacks,Al Rifai,Mix Classic ,Al RifaiMix Classic 450 g,$9.49ea,,$2.11/ 100g,False,31.0,
snacks,Cadbury,Creme Egg 3 Eggs,CadburyCreme Egg 3 Eggs102 g,$4.99ea,,$4.89/ 100g,False,32.0,
snacks,President's Choice,Teriyaki Beef Jerky ,President's ChoiceTeriyaki Beef Jerky 80 g,$5.99ea,,$7.49/ 100g,False,33.0,
snacks,Tremarie, Milk Chocolate And Almonds Cream Filled Wafers,Tremarie Milk Chocolate And Almonds Cream Filled Wafers140 g,$3.49ea,$3.29ea,$2.35/ 100g,True,34.0,saleEnds 03/22
snacks,Nestle,Kitkat Roasted Almond Wafer Bar,NestleKitkat Roasted Almond Wafer Bar120 g,$2.99ea,,$2.49/ 100g,False,35.0,
snacks,Hershey's,Eggies Dark Chocolate,Hershey'sEggies Dark Chocolate200 g,$5.49ea,,$2.75/ 100g,False,36.0,
snacks,Dare,Breton Cheddar Bites,DareBreton Cheddar Bites150 g,$3.89ea,,$2.59/ 100g,False,37.0,
snacks,PC Black Label,Cranberry and Fennel Artisan Crisps,PC Black LabelCranberry and Fennel Artisan Crisps150 g,$6.49ea,,$4.33/ 100g,False,38.0,
snacks,Kambly,"Biscuits, Caprice","KamblyBiscuits, Caprice100 g",$5.99ea,,$5.99/ 100g,False,39.0,
snacks,Haitai,Honey Butter Chip Sweet Honey Flavour,HaitaiHoney Butter Chip Sweet Honey Flavour60 g,$3.29ea,,$5.48/ 100g,False,40.0,
snacks,Orville,"Popcorn, Buttery Light","OrvillePopcorn, Buttery Light6x76.0 g",$5.99ea,,$1.31/ 100g,False,41.0,
snacks,Nong Shim,Onion Rings,Nong ShimOnion Rings50 g,$1.59ea,,$3.18/ 100g,False,42.0,
snacks,Lindt,"Kissing GOLD BUNNY, Milk Chocolate Box","LindtKissing GOLD BUNNY, Milk Chocolate Box100 g",$9.99ea,,$9.99/ 100g,False,43.0,
snacks,Planters,Mixed Nuts Deluxe Salted   ,PlantersMixed Nuts Deluxe Salted   200 g,$4.49ea,,$2.25/ 100g,False,44.0,
snacks,Zweet,Ropes Rainbow Sour    ,ZweetRopes Rainbow Sour    285 g,$4.29ea,,$1.51/ 100g,False,45.0,
snacks,Kosa,Sunflower Seeds Spiced Flavor,KosaSunflower Seeds Spiced Flavor260 g,$2.79ea,,$1.07/ 100g,False,46.0,
snacks,Handfuel,Sweet Chili Mixed Nuts,HandfuelSweet Chili Mixed Nuts150 g,$6.99ea,,$4.66/ 100g,False,47.0,
snacks,Aero,Hide Me Eggs Candy,AeroHide Me Eggs Candy100 g,$7.49ea,,$7.49/ 100g,False,48.0,
snacks,Lindt,"Kissing GOLD BUNNY, Milk Chocolate Box","LindtKissing GOLD BUNNY, Milk Chocolate Box100 g",$9.99ea,,$9.99/ 100g,False,49.0,
snacks,Planters,Mixed Nuts Deluxe Salted   ,PlantersMixed Nuts Deluxe Salted   200 g,$4.49ea,,$2.25/ 100g,False,50.0,
snacks,Zweet,Ropes Rainbow Sour    ,ZweetRopes Rainbow Sour    285 g,$4.29ea,,$1.51/ 100g,False,51.0,
snacks,Kosa,Sunflower Seeds Spiced Flavor,KosaSunflower Seeds Spiced Flavor260 g,$2.79ea,,$1.07/ 100g,False,52.0,
snacks,Handfuel,Sweet Chili Mixed Nuts,HandfuelSweet Chili Mixed Nuts150 g,$6.99ea,,$4.66/ 100g,False,53.0,
snacks,Aero,Hide Me Eggs Candy,AeroHide Me Eggs Candy100 g,$7.49ea,,$7.49/ 100g,False,54.0,
snacks,Shufra,Premier Chocolate Milk,ShufraPremier Chocolate Milk100 g,$2.29ea,,$2.29/ 100g,False,55.0,
snacks,Papadopoulos,"Biscuits, Petit-Beurre    ","PapadopoulosBiscuits, Petit-Beurre    225 g",$1.99ea,,$0.88/ 100g,False,56.0,
snacks,President's Choice,Chia & Quinoa Baked Pita Crackers,President's ChoiceChia & Quinoa Baked Pita Crackers142 g,$3.79ea,,$2.67/ 100g,False,57.0,
snacks,President's Choice,Tropical Fruits Squeeze Fruit Snacks,President's ChoiceTropical Fruits Squeeze Fruit Snacks4x90.0 g,$2.99ea,,$0.83/ 100g,False,58.0,
snacks,No Name,Cheese Sandwich Crackers,No NameCheese Sandwich Crackers180 g,$2.99ea,,$1.66/ 100g,False,59.0,
snacks,President's Choice,Butter Flavour Purple Kernel Microwave Popcorn,President's ChoiceButter Flavour Purple Kernel Microwave Popcorn247 g,$3.99ea,,$1.62/ 100g,False,60.0,
snacks,Nestle,KitKat Pops Milk Chocolaty Snacks Pouch,NestleKitKat Pops Milk Chocolaty Snacks Pouch170 g,$5.99ea,,$3.52/ 100g,False,61.0,
snacks,Maynards,Sour Patch Kids  Soft Candy,MaynardsSour Patch Kids  Soft Candy185 g,$2.99ea,,$1.62/ 100g,False,62.0,
snacks,Haribo,Gummy Candies Pocket Size,HariboGummy Candies Pocket Size60 g,$1.69ea,,$2.82/ 100g,False,63.0,
snacks,Cracker Jack,Original Caramel Coated Popcorn and Peanuts 200g,Cracker JackOriginal Caramel Coated Popcorn and Peanuts 200g200 g,$5.49ea,,$2.75/ 100g,False,64.0,
snacks,Hershey's,Eggies Milk Chocolate,Hershey'sEggies Milk Chocolate400 g,$9.99ea,,$2.50/ 100g,False,65.0,
snacks,McVitie's,Dark Chocolate Digestive,McVitie'sDark Chocolate Digestive300 g,$4.49ea,,$1.50/ 100g,False,66.0,
snacks,T&T,Ready-to-Eat Organic Chestnuts,T&TReady-to-Eat Organic Chestnuts100 g,$1.99ea,,$1.99/ 100g,False,67.0,
snacks,T&T,Chinese Pastry with Egg,T&TChinese Pastry with Egg228 g,$2.99ea,,$1.31/ 100g,False,68.0,
snacks,Loacker,Lemon Wafer,LoackerLemon Wafer150 g,$3.49ea,,$2.33/ 100g,False,69.0,
snacks,Orville,"Microwave Popcorn, Buttery","OrvilleMicrowave Popcorn, Buttery24x99.0 g",$13.99ea,,$0.59/ 100g,False,70.0,
snacks,The Snack Factory,Pretzel Crisps Bold & Spicy Buffalo Wing,The Snack FactoryPretzel Crisps Bold & Spicy Buffalo Wing200 g,$5.99ea,,$3.00/ 100g,False,71.0,
snacks,Dan D Pak,"Cashews, Salted","Dan D PakCashews, Salted908 g",$19.99ea,,$2.20/ 100g,False,72.0,
snacks,Orville,"Microwavable Popcorn, Sweet & Salty","OrvilleMicrowavable Popcorn, Sweet & Salty492 g",$5.99ea,,$1.22/ 100g,False,73.0,
snacks,M&M's,"Peanut Milk Chocolate Candies, Sharing Bag","M&M'sPeanut Milk Chocolate Candies, Sharing Bag200 g",$5.99ea,,$3.00/ 100g,False,74.0,
snacks,Kambly,"Biscuits, Matterhorn","KamblyBiscuits, Matterhorn100 g",$5.99ea,,$5.99/ 100g,False,75.0,
snacks,Nong Shim,Shrimp Chips,Nong ShimShrimp Chips45 g,$1.59ea,,$3.53/ 100g,False,76.0,
snacks,Kinder,Surprise Maxi,KinderSurprise Maxi150 g,$13.99ea,,$9.33/ 100g,False,77.0,
snacks,Lindt,GOLD BUNNY Dark Chocolate Easter Bunny,LindtGOLD BUNNY Dark Chocolate Easter Bunny100 g,$7.99ea,,$7.99/ 100g,False,78.0,
snacks,Skittles,"Original Chewy Candy, Bowl Size Bag","SkittlesOriginal Chewy Candy, Bowl Size Bag320 g",$5.99ea,,$1.87/ 100g,False,79.0,
snacks,Carnaby Sweet,Real Milk Chocolate Solid Eggs,Carnaby SweetReal Milk Chocolate Solid Eggs150 g,$1.49ea,,$0.99/ 100g,False,80.0,
snacks,Nestle,Aero Milk Chocolate Easter Lamb,NestleAero Milk Chocolate Easter Lamb25 g,$1.69ea,,$6.76/ 100g,False,81.0,
snacks,Nestle,Aero Milk Chocolate 3-Piece Share Pack,NestleAero Milk Chocolate 3-Piece Share Pack63 g,$2.79ea,,$0.04/ 1ea,False,82.0,
snacks,Oh Henry!, Chocolatey Full Size Candy Bar,Oh Henry! Chocolatey Full Size Candy Bar58 g,$1.49ea,,$2.57/ 100g,False,83.0,
snacks,Freddo,Hen Hunt,FreddoHen Hunt264 g,$7.99ea,,$3.03/ 100g,False,84.0,
snacks,Que Pasa,Unsalted Tortilla Chips,Que PasaUnsalted Tortilla Chips350 g,$4.99ea,,$1.43/ 100g,False,85.0,
snacks,Dan D Pak,Butter Toffee Almonds,Dan D PakButter Toffee Almonds113 g,$2.99ea,,$2.65/ 100g,False,86.0,
snacks,Planters,"Peanuts, Dry Roasted","PlantersPeanuts, Dry Roasted600 g",$7.99ea,,$1.33/ 100g,False,87.0,
snacks,Surati,Thai Sweet Chili Flavoured Potato Chips,SuratiThai Sweet Chili Flavoured Potato Chips80 g,$1.79ea,,$2.24/ 100g,False,88.0,
snacks,From Farm To Table,Seriously Crispy Kettle Chips Salt & Malt Flavour,From Farm To TableSeriously Crispy Kettle Chips Salt & Malt Flavour142 g,$3.69ea,,$2.60/ 100g,False,89.0,
snacks,President's Choice,Loads Of Ketchup Rippled Potato Chips,President's ChoiceLoads Of Ketchup Rippled Potato Chips200 g,$3.49ea,,$1.75/ 100g,False,90.0,
snacks,Britannia,Crackers 50 50 Maska Chaska Family Pack,BritanniaCrackers 50 50 Maska Chaska Family Pack372 g,$5.99ea,,$1.61/ 100g,False,91.0,
snacks,Whittaker's,Almond Milk Chocolate,Whittaker'sAlmond Milk Chocolate200 g,$5.99ea,,$3.00/ 100g,False,92.0,
snacks,Eat My Shortbread,"Shortbread, Buttercrunch Toffee","Eat My ShortbreadShortbread, Buttercrunch Toffee43 g",$2.49ea,,$5.79/ 100g,False,93.0,
snacks,Brookside,Dark Chocolate  Acai & Blueberry,BrooksideDark Chocolate  Acai & Blueberry90 g,$3.29ea,,$3.66/ 100g,False,94.0,
snacks,Nestle,Smarties Easter Chocolate,NestleSmarties Easter Chocolate45 g,$1.69ea,,$3.76/ 100g,False,95.0,
snacks,SunRype,Apple Strawberry 100% Fruit Bar,SunRypeApple Strawberry 100% Fruit Bar37 g,$1.29ea,,$3.49/ 100g,False,96.0,
snacks,Brookside,Dark Chocolate  Acai & Blueberry,BrooksideDark Chocolate  Acai & Blueberry90 g,$3.29ea,,$3.66/ 100g,False,97.0,
snacks,Nestle,Smarties Easter Chocolate,NestleSmarties Easter Chocolate45 g,$1.69ea,,$3.76/ 100g,False,98.0,
snacks,SunRype,Apple Strawberry 100% Fruit Bar,SunRypeApple Strawberry 100% Fruit Bar37 g,$1.29ea,,$3.49/ 100g,False,99.0,
snacks,Vicenzi,Millefoglie Mini Snack,VicenziMillefoglie Mini Snack125 g,$3.49ea,,$2.79/ 100g,False,100.0,
snacks,Crispers,Bits & Bites Original Snacks,CrispersBits & Bites Original Snacks145 g,$3.99ea,,$2.75/ 100g,False,101.0,
snacks,Nestle,KitKat Chunky Sharing Bar,NestleKitKat Chunky Sharing Bar73 g,$2.79ea,,$3.82/ 100g,False,102.0,
snacks,President's Choice,Garlic Crackers,President's ChoiceGarlic Crackers185 g,$3.79ea,,$2.05/ 100g,False,103.0,
snacks,No Name,Vanilla Pudding Cups 4 Pack,No NameVanilla Pudding Cups 4 Pack4x99.0 g,$1.79ea,,$0.45/ 100g,False,104.0,
snacks,Lindt,Milk Chocolate Hazelnut Eggs Bag,LindtMilk Chocolate Hazelnut Eggs Bag89 g,$5.99ea,,$6.73/ 100g,False,105.0,
snacks,President's Choice,Dipped & Chewy Chocolate Fudge & Chocolate Chip Granola Bars,President's ChoiceDipped & Chewy Chocolate Fudge & Chocolate Chip Granola Bars618 g,$6.99ea,$5.99ea,$0.97/ 100g,True,106.0,saleEnds 03/15
snacks,Alma,Wafers Chocolate Belgian,AlmaWafers Chocolate Belgian200 g,$1.59ea,,$0.80/ 100g,False,107.0,
snacks,Oh Henry!,"Chocolate, Pouch","Oh Henry!Chocolate, Pouch230 g",$5.99ea,,$2.60/ 100g,False,108.0,
snacks,President's Choice,Candy Coated Milk Chocolate Eggs,President's ChoiceCandy Coated Milk Chocolate Eggs200 g,$3.49ea,,$1.75/ 100g,False,109.0,
snacks,President's Choice,Mini Crisp & Thin Multigrain Crackers,President's ChoiceMini Crisp & Thin Multigrain Crackers200 g,$3.79ea,,$1.90/ 100g,False,110.0,
snacks,Skittles,"Original Gummy Candy, Full Size Bag","SkittlesOriginal Gummy Candy, Full Size Bag57 g",$1.79ea,,$3.14/ 100g,False,111.0,
snacks,Wrigley,"Spearmint Flavoured Sugar Free Soft Chew Gum, 40 Pieces, 1 Bottle","WrigleySpearmint Flavoured Sugar Free Soft Chew Gum, 40 Pieces, 1 Bottle1 ea",$4.99ea,,$4.99/ 1ea,False,112.0,
snacks,Whittaker's,Creamy Milk Chocolate Coconut Block,Whittaker'sCreamy Milk Chocolate Coconut Block200 g,$5.99ea,,$3.00/ 100g,False,113.0,
snacks,Frito-lay,Cheesy Mix 504g,Frito-layCheesy Mix 504g504 g,$10.99ea,,$2.18/ 100g,False,114.0,
snacks,Carnaby Sweet,"Crispy O'hare Jr., 100g","Carnaby SweetCrispy O'hare Jr., 100g100 g",$1.99ea,,$1.99/ 100g,False,115.0,
snacks,Aero,Nestlé Dark Mint Chocolate,AeroNestlé Dark Mint Chocolate95 g,$2.99ea,,$3.15/ 100g,False,116.0,
snacks,No Name,Onion Rice Crackers,No NameOnion Rice Crackers100 g,$1.99ea,,$1.99/ 100g,False,117.0,
snacks,Surati,Spicy Chilli Crunch Tubes   ,SuratiSpicy Chilli Crunch Tubes   80 g,$1.79ea,,$2.24/ 100g,False,118.0,
snacks,Dole,Parfait Peaches in Strawberry Gel,DoleParfait Peaches in Strawberry Gel4x123.0 g,$3.99ea,,$0.81/ 100g,False,119.0,
snacks,No Name,Peanut Butter Sandwich Crackers,No NamePeanut Butter Sandwich Crackers180 g,$2.99ea,,$1.66/ 100g,False,120.0,
snacks,Cheez-It,Baked Original Snack Crackers   ,Cheez-ItBaked Original Snack Crackers   200 g,$3.99ea,,$2.00/ 100g,False,121.0,
snacks,Keebler,Town House Oven Baked Crackers Light and Buttery Flavour Original,KeeblerTown House Oven Baked Crackers Light and Buttery Flavour Original391 g,$3.49ea,,$0.89/ 100g,False,122.0,
snacks,John Wm. Macy's,CheeseSticks Garlic Romano,John Wm. Macy'sCheeseSticks Garlic Romano113 g,$5.99ea,$5.49ea,$4.86/ 100g,True,123.0,saleEnds 03/22
snacks,GoGo Quinoa,Sriracha Quinoa Puffs,GoGo QuinoaSriracha Quinoa Puffs113 g,$3.99ea,,$3.53/ 100g,False,124.0,
snacks,President's Choice,Apple Strawberry Squeeze Fruit Snacks,President's ChoiceApple Strawberry Squeeze Fruit Snacks4x90.0 g,$2.99ea,,$0.83/ 100g,False,125.0,
snacks,The Snack Factory,"Pretzel Crisps, Garlic Parmesan    ","The Snack FactoryPretzel Crisps, Garlic Parmesan    200 g",$5.99ea,,$3.00/ 100g,False,126.0,
snacks,PC Blue Menu,Fruit & Nut Mixed Berry Chewy Bars,PC Blue MenuFruit & Nut Mixed Berry Chewy Bars165 g,$4.49ea,,$2.72/ 100g,False,127.0,
snacks,No Name,Barbecue Rice Crackers,No NameBarbecue Rice Crackers100 g,$1.99ea,,$1.99/ 100g,False,128.0,
snacks,Wrigley,"Polar Ice Flavoured Sugar Free Chewing Gum, 12 Pieces, 1 Pack","WrigleyPolar Ice Flavoured Sugar Free Chewing Gum, 12 Pieces, 1 Pack12 ea",$1.79ea,,$0.15/ 1ea,False,129.0,
snacks,Wrigley,"Spearmint Flavoured Sugar Free Chewing Gum, 12 Pieces, 1 Pack","WrigleySpearmint Flavoured Sugar Free Chewing Gum, 12 Pieces, 1 Pack12 ea",$1.79ea,,$0.15/ 1ea,False,130.0,
snacks,Lindt,Double Milk Chocolate Mini Eggs Bag,LindtDouble Milk Chocolate Mini Eggs Bag100 g,$4.99ea,,$4.99/ 100g,False,131.0,
snacks,Lotte,"Koala's March Koala Biscuits, Strawberry","LotteKoala's March Koala Biscuits, Strawberry195 g",$6.99ea,,$3.58/ 100g,False,132.0,
snacks,Dare,Real Hoppy Marshmallow Rabbits,DareReal Hoppy Marshmallow Rabbits220 g,$2.99ea,,$1.36/ 100g,False,133.0,
snacks,President's Choice,Water Crackers,President's ChoiceWater Crackers125 g,$3.49ea,,$2.79/ 100g,False,134.0,
snacks,Kinder,"Bueno Mini Chocolate and Hazelnut Cream Candy Bars, 27 Individually Wrapped Chocolates Per Bag","KinderBueno Mini Chocolate and Hazelnut Cream Candy Bars, 27 Individually Wrapped Chocolates Per Bag145 g",$4.29ea,,$2.96/ 100g,False,135.0,
snacks,Haddar,"Tea Biscuits, Vanilla","HaddarTea Biscuits, Vanilla175 g",$1.29ea,,$0.74/ 100g,False,136.0,
snacks,President's Choice,Butter Flavour Purple Kernel Microwave Popcorn,President's ChoiceButter Flavour Purple Kernel Microwave Popcorn1980 g,$14.99ea,,$0.76/ 100g,False,137.0,
snacks,Maynards,Sour Patch Kids Kids Soft Candy,MaynardsSour Patch Kids Kids Soft Candy355 g,$4.99ea,,$1.41/ 100g,False,138.0,
snacks,Christie,Chips Ahoy! Rainbow Cookies,ChristieChips Ahoy! Rainbow Cookies225 g,$3.99ea,,$1.77/ 100g,False,139.0,
snacks,Dentyne,Ice Peppermint Gum,DentyneIce Peppermint Gum60 ea,$4.99ea,,$0.08/ 1ea,False,140.0,
snacks,Milano,"Croissants, Custard Cream Filling","MilanoCroissants, Custard Cream Filling300 g",$3.99ea,,$1.33/ 100g,False,141.0,
snacks,Double Dutch,"Mini Waffle Bites, Maple Flavour","Double DutchMini Waffle Bites, Maple Flavour160 g",$3.99ea,,$2.49/ 100g,False,142.0,
snacks,President's Choice,Ruby Cocoa Bean Bar with Coconut and Raspberry,President's ChoiceRuby Cocoa Bean Bar with Coconut and Raspberry90 g,$2.49ea,,$2.77/ 100g,False,143.0,
snacks,GoGo squeez,Fruit Sauce 12 Pouches,GoGo squeezFruit Sauce 12 Pouches1.08 kg,$9.99ea,,$0.93/ 100g,False,144.0,
snacks,Oh Henry!,Level Up Single Bar,Oh Henry!Level Up Single Bar42 g,$1.49ea,,$3.55/ 100g,False,145.0,
snacks,,Roasted & Salted Pistachios,Roasted & Salted Pistachios400 g,$10.99ea,,$2.75/ 100g,False,146.0,
snacks,Nestle,Coffee Crisp Pops Chocolaty Snacks Pouch,NestleCoffee Crisp Pops Chocolaty Snacks Pouch170 g,$5.99ea,,$3.52/ 100g,False,147.0,
snacks,Cookie It Up,"Shortbread Cookies, Salted Butterscotch","Cookie It UpShortbread Cookies, Salted Butterscotch140 g",$5.49ea,,$3.92/ 100g,False,148.0,
snacks,Skittles,"Berry Chewy Candy, Bowl Size Bag","SkittlesBerry Chewy Candy, Bowl Size Bag320 g",$5.99ea,,$1.87/ 100g,False,149.0,
snacks,Nestle,KitKat Easter Break Bunny,NestleKitKat Easter Break Bunny29 g,$1.69ea,,$5.83/ 100g,False,150.0,
snacks,Britannia,"Nice Time, Cookies","BritanniaNice Time, Cookies480 g",$5.99ea,,$1.25/ 100g,False,151.0,
snacks,Nature Valley,Lunchbox - S'Mores Flavour,Nature ValleyLunchbox - S'Mores Flavour130 g,$3.99ea,,$3.07/ 100g,False,152.0,
snacks,Hershey's,Eggies Triple Flavour Fun Pack,Hershey'sEggies Triple Flavour Fun Pack400 g,$9.99ea,,$2.50/ 100g,False,153.0,
snacks,Nestle,Smarties Candy Coated Milk Chocolate Carton,NestleSmarties Candy Coated Milk Chocolate Carton45 g,$1.79ea,,$3.98/ 100g,False,154.0,
snacks,Cheez-It,"Crunch, Sharp White Cheddar, Baked Snack Crackers","Cheez-ItCrunch, Sharp White Cheddar, Baked Snack Crackers191 g",$3.99ea,,$2.09/ 100g,False,155.0,
snacks,Christie,Crispers Ranch Crackers,ChristieCrispers Ranch Crackers145 g,$3.99ea,,$2.75/ 100g,False,156.0,
snacks,SunRype,100% Fruit Snack Pack,SunRype100% Fruit Snack Pack24x14.0 g,$9.99ea,,$2.97/ 100g,False,157.0,
snacks,Ferrero,"Collection Eggs, Cocoa Chocolate Eggs, Creamy Cocoa Filling, Easter Eggs","FerreroCollection Eggs, Cocoa Chocolate Eggs, Creamy Cocoa Filling, Easter Eggs100 g",$5.99ea,,$5.99/ 100g,False,158.0,
snacks,Tic Tac,"Mints, Breath Freshener, Big Berry Adventure, 60 pills","Tic TacMints, Breath Freshener, Big Berry Adventure, 60 pills29 g",$1.99ea,,$6.86/ 100g,False,159.0,
snacks,Uncle Bob,Popcorn Seasoning Salt & Vinegar,Uncle BobPopcorn Seasoning Salt & Vinegar78 g,$5.99ea,,$7.68/ 100g,False,160.0,
snacks,Mom's Best,Taralli Hot Chili,Mom's BestTaralli Hot Chili250 g,$5.59ea,,$2.24/ 100g,False,161.0,
snacks,Galil,"Corn Cakes No Salt Thin, 18 Cakes","GalilCorn Cakes No Salt Thin, 18 Cakes100 g",$1.99ea,,$1.99/ 100g,False,162.0,
snacks,Mom's Best,Taralli Black Olive & Rosemary,Mom's BestTaralli Black Olive & Rosemary250 g,$5.59ea,,$2.24/ 100g,False,163.0,
snacks,Healthy Crunch,Super Hero Trail Mix,Healthy CrunchSuper Hero Trail Mix225 g,$7.99ea,,$3.55/ 100g,False,164.0,
snacks,Quaker,"Chewy Harvest Granola Bars, Yogourt - 3 Flavour 30 bar - Variety pack","QuakerChewy Harvest Granola Bars, Yogourt - 3 Flavour 30 bar - Variety pack1.05 kg",$16.99ea,,$1.62/ 100g,False,165.0,
snacks,Lindt,LINDOR Assorted Chocolate Mini Eggs Bag,LindtLINDOR Assorted Chocolate Mini Eggs Bag300 g,$10.99ea,,$3.66/ 100g,False,166.0,
snacks,Rawcology,Chocolate With Probiotics Organic Oat Clusters,RawcologyChocolate With Probiotics Organic Oat Clusters90 g,$6.49ea,,"$7,211.11/ 100g",False,167.0,
snacks,Lindt,Milk Chocolate Candy Coated Mini Eggs Bag,LindtMilk Chocolate Candy Coated Mini Eggs Bag125 g,$5.99ea,,$4.79/ 100g,False,168.0,
snacks,Dan D Pak,Pucks Cashew,Dan D PakPucks Cashew135 g,$3.99ea,,$2.96/ 100g,False,169.0,
snacks,Dole,Fruit Bowls Mandarins,DoleFruit Bowls Mandarins4x107.0 ml,$3.99ea,,$0.93/ 100ml,False,170.0,
snacks,Bubbies Biscotti,Old Fashioned Brown Sugar Biscotti,Bubbies BiscottiOld Fashioned Brown Sugar Biscotti159 g,$6.99ea,,$4.40/ 100g,False,171.0,
snacks,Haldiram,Tasty Nuts,HaldiramTasty Nuts350 g,$3.99ea,,$1.14/ 100g,False,172.0,
snacks,Reese's,3D Peanut Butter Egg,Reese's3D Peanut Butter Egg136 g,$4.99ea,,$3.67/ 100g,False,173.0,
snacks,Ducales,Crackers      ,DucalesCrackers      294 g,$2.49ea,,$0.85/ 100g,False,174.0,
snacks,President's Choice,Black Pepper & Sea Salt Crackers,President's ChoiceBlack Pepper & Sea Salt Crackers185 g,$3.79ea,,$2.05/ 100g,False,175.0,
snacks,Reese's,Pieces Candy     ,Reese'sPieces Candy     230 g,$5.99ea,,$2.60/ 100g,False,176.0,
snacks,Sprucewood Handmade Cookie Co.,Cheddar Shortbread,Sprucewood Handmade Cookie Co.Cheddar Shortbread170 g,$6.49ea,,$3.82/ 100g,False,177.0,
snacks,Grace,Sweet Plantain Chips,GraceSweet Plantain Chips85 g,$1.49ea,,$1.75/ 100g,False,178.0,
snacks,Lindt,Milk Chocolate Carrots Gift Box,LindtMilk Chocolate Carrots Gift Box54 g,$5.99ea,,$11.09/ 100g,False,179.0,
snacks,Alprose,"Chocolate Bar, Milk Chocolate","AlproseChocolate Bar, Milk Chocolate100 g",$3.99ea,,$3.99/ 100g,False,180.0,
snacks,Humpty Dumpty,Potato Snack Bbq Flavoured,Humpty DumptyPotato Snack Bbq Flavoured280 g,$4.99ea,,$1.78/ 100g,False,181.0,
snacks,Christie,Wheat Thins  Crackers,ChristieWheat Thins  Crackers300 g,$4.49ea,,$1.50/ 100g,False,182.0,
snacks,Aero,Gold Chocolate     ,AeroGold Chocolate     42 g,$1.79ea,,$4.26/ 100g,False,183.0,
snacks,Lindt,Lindor 70% Cacao Extra Dark,LindtLindor 70% Cacao Extra Dark150 g,$8.99ea,,$5.99/ 100g,False,184.0,
snacks,Cadbury,Dairy Milk Oreo Chocolate Bar,CadburyDairy Milk Oreo Chocolate Bar38 g,$1.49ea,,$3.92/ 100g,False,185.0,
snacks,Ryvita,Snackbread Cheese Flavour,RyvitaSnackbread Cheese Flavour125 g,$4.49ea,,$3.59/ 100g,False,186.0,
snacks,No Name,Cheese Flavoured Twists,No NameCheese Flavoured Twists200 g,$2.29ea,,$1.15/ 100g,False,187.0,
snacks,Kagi,"Mini Wafer, Classic Chocolate","KagiMini Wafer, Classic Chocolate125 g",$5.49ea,,$4.39/ 100g,False,188.0,
snacks,34 Degrees,Rosemary Crispbread,34 DegreesRosemary Crispbread127 g,$5.99ea,,$4.72/ 100g,False,189.0,
snacks,Sunkist,"Fruit Snacks, Assorted Flavours","SunkistFruit Snacks, Assorted Flavours792 g",$10.99ea,,$1.39/ 100g,False,190.0,
snacks,Grace,Plantain Chips Sweet Chili Flavoured,GracePlantain Chips Sweet Chili Flavoured85 g,$1.39ea,,$1.64/ 100g,False,191.0,
snacks,Mentos,"Pure Fresh Cinnamon Mint Gum, Sugar Free","MentosPure Fresh Cinnamon Mint Gum, Sugar Free50 ea",$4.29ea,,$0.09/ 1ea,False,192.0,
snacks,JOLLY RANCHER,Jolly Rancher Easter Egg Fruit,JOLLY RANCHERJolly Rancher Easter Egg Fruit185 g,$5.99ea,,$3.24/ 100g,False,193.0,
snacks,Sunkist,"Fruit Snacks, Assorted Flavours","SunkistFruit Snacks, Assorted Flavours792 g",$10.99ea,,$1.39/ 100g,False,194.0,
snacks,Grace,Plantain Chips Sweet Chili Flavoured,GracePlantain Chips Sweet Chili Flavoured85 g,$1.39ea,,$1.64/ 100g,False,195.0,
snacks,Mentos,"Pure Fresh Cinnamon Mint Gum, Sugar Free","MentosPure Fresh Cinnamon Mint Gum, Sugar Free50 ea",$4.29ea,,$0.09/ 1ea,False,196.0,
snacks,Allan,Solid Milk Chocolate Easter Bunny,AllanSolid Milk Chocolate Easter Bunny150 g,$2.99ea,,$1.99/ 100g,False,197.0,
snacks,Nestle,Smarties Candy Coated Milk Chocolate Carton,NestleSmarties Candy Coated Milk Chocolate Carton45 g,$1.79ea,,$3.98/ 100g,False,198.0,
snacks,Cheez-It,"Crunch, Sharp White Cheddar, Baked Snack Crackers","Cheez-ItCrunch, Sharp White Cheddar, Baked Snack Crackers191 g",$3.99ea,,$2.09/ 100g,False,199.0,
snacks,Christie,Crispers Ranch Crackers,ChristieCrispers Ranch Crackers145 g,$3.99ea,,$2.75/ 100g,False,200.0,
snacks,Tic Tac,"Mints, Breath Freshener, Big Berry Adventure, 60 pills","Tic TacMints, Breath Freshener, Big Berry Adventure, 60 pills29 g",$1.99ea,,$6.86/ 100g,False,201.0,
snacks,Mentos,Fruit,MentosFruit4 ea,$3.49ea,,$0.87/ 1ea,False,202.0,
snacks,PC Blue Menu," Natural Flavour Microwave Popcorn, Mini Bags","PC Blue Menu Natural Flavour Microwave Popcorn, Mini Bags8x32.0 g",$4.99ea,,$1.95/ 100g,False,203.0,
snacks,Covered Bridge,Potato Chips Smokin' Sweet Bbq,Covered BridgePotato Chips Smokin' Sweet Bbq170 g,$3.99ea,,$2.35/ 100g,False,204.0,
snacks,No Name,Ice Cream Cups,No NameIce Cream Cups1 ea,$2.49ea,,$3.11/ 100g,False,205.0,
snacks,Britannia,Digestive Biscuits,BritanniaDigestive Biscuits400 g,$3.99ea,,$1.00/ 100g,False,206.0,
snacks,Haddar,"Tea Biscuits, Chocolate","HaddarTea Biscuits, Chocolate175 g",$1.29ea,,$0.74/ 100g,False,207.0,
snacks,Dan D Pak,Coconut Cashews,Dan D PakCoconut Cashews113 g,$2.99ea,,$2.65/ 100g,False,208.0,
snacks,Nestle,KitKat Gold Caramelized White Wafer Bar,NestleKitKat Gold Caramelized White Wafer Bar45 g,$1.79ea,,$3.98/ 100g,False,209.0,
snacks,Cadbury,Dairy Milk Oreo Chocolate Bar,CadburyDairy Milk Oreo Chocolate Bar38 g,$1.49ea,,$3.92/ 100g,False,210.0,
snacks,Ryvita,Snackbread Cheese Flavour,RyvitaSnackbread Cheese Flavour125 g,$4.49ea,,$3.59/ 100g,False,211.0,
snacks,President's Choice,Dipped & Chewy Chocolate Fudge & Chocolate Chip Granola Bars,President's ChoiceDipped & Chewy Chocolate Fudge & Chocolate Chip Granola Bars172 g,$3.29ea,,$1.91/ 100g,False,212.0,
snacks,Covered Bridge,"Potato Chips, Creamy Dill Pickle","Covered BridgePotato Chips, Creamy Dill Pickle170 g",$3.99ea,,$2.35/ 100g,False,213.0,
snacks,Tostitos,Hint of Roasted Garlic flavour tortilla chips 275g,TostitosHint of Roasted Garlic flavour tortilla chips 275g275 g,$5.49ea,,$2.00/ 100g,False,214.0,
snacks,President's Choice,World of Flavours Chicken Flavour Filipino Adobo Rippled Chips,President's ChoiceWorld of Flavours Chicken Flavour Filipino Adobo Rippled Chips200 g,$3.49ea,,$1.75/ 100g,False,215.0,
snacks,Baken-Ets,Traditional Smoked Pork Rinds (small bag) 70g,Baken-EtsTraditional Smoked Pork Rinds (small bag) 70g70 g,$2.49ea,,$3.56/ 100g,False,216.0,
snacks,Casa Bonita,Cantina Style Corn Tortilla Chips,Casa BonitaCantina Style Corn Tortilla Chips300 g,$3.79ea,,$1.26/ 100g,False,217.0,
snacks,President's Choice,Loads Of Jalapeño Popper Flavour Rippled Potato Chips,President's ChoiceLoads Of Jalapeño Popper Flavour Rippled Potato Chips200 g,$3.49ea,,$1.75/ 100g,False,218.0,
snacks,Smart Food,Sour Cream & Onion Flavour Seasoned Popcorn 175g,Smart FoodSour Cream & Onion Flavour Seasoned Popcorn 175g175 g,$5.49ea,,$3.14/ 100g,False,219.0,
snacks,Lay's,Wavy Original potato chips,Lay'sWavy Original potato chips415 g,$6.99ea,,$1.68/ 100g,False,220.0,
snacks,President's Choice,Sweet & Salty Kettle Corn ,President's ChoiceSweet & Salty Kettle Corn 220 g,$3.49ea,,$1.59/ 100g,False,221.0,
snacks,Miss Vickies,Honey Dijon flavour kettle cooked potato chips 200g,Miss VickiesHoney Dijon flavour kettle cooked potato chips 200g200 g,$5.49ea,,$2.75/ 100g,False,222.0,
snacks,Tostitos,Low Sodium Rounds tortilla chips 295g,TostitosLow Sodium Rounds tortilla chips 295g295 g,$5.49ea,,$1.86/ 100g,False,223.0,
snacks,Hardbite,Sea Salt & Pepper Handcrafted Potato Chips,HardbiteSea Salt & Pepper Handcrafted Potato Chips150 g,$4.49ea,,$2.99/ 100g,False,224.0,
snacks,Hostess,Hostess Original Flavour Potato Sticks 275g,HostessHostess Original Flavour Potato Sticks 275g275 g,$5.49ea,,$2.00/ 100g,False,225.0,
snacks,Humpty Dumpty,Party Mix Snack Mix Cheesy Flavoured Snack,Humpty DumptyParty Mix Snack Mix Cheesy Flavoured Snack250 g,$4.99ea,,$2.00/ 100g,False,226.0,
snacks,Ruffles,Regular Potato Chips,RufflesRegular Potato Chips200 g,$4.99ea,,$2.50/ 100g,False,227.0,
snacks,Ruffles,Double Crunch Jalapeño Cheddar Flavoured Potato Chips,RufflesDouble Crunch Jalapeño Cheddar Flavoured Potato Chips180 g,$4.99ea,,$2.77/ 100g,False,228.0,
snacks,Popchips,Sea Salt & Vinegar Flavoured Original Popped Potato Snack,PopchipsSea Salt & Vinegar Flavoured Original Popped Potato Snack142 g,$3.99ea,,$2.81/ 100g,False,229.0,
snacks,Kelloggs,Rice Krispies Bars Rainbow,KelloggsRice Krispies Bars Rainbow176 g,$4.49ea,,$2.55/ 100g,False,230.0,
snacks,Dare,Whippet Strawberry Cookies,DareWhippet Strawberry Cookies285 g,$4.29ea,,$1.51/ 100g,False,231.0,
snacks,M&M's,"Almond Milk Chocolate Candies, Sharing Bag","M&M'sAlmond Milk Chocolate Candies, Sharing Bag185 g",$5.99ea,,$3.24/ 100g,False,232.0,
snacks,President's Choice,Dark Chocolate Crêpes,President's ChoiceDark Chocolate Crêpes100 g,$3.99ea,,$3.99/ 100g,False,233.0,
snacks,Sunmaid,Fruity Raisin Snacks Sour Strawberry,SunmaidFruity Raisin Snacks Sour Strawberry7x20.0 g,$5.49ea,,$3.92/ 100g,False,234.0,
snacks,Cadbury,Dairy Milk Milk Chocolate Chocolate Bar-Minis,CadburyDairy Milk Milk Chocolate Chocolate Bar-Minis152 g,$5.99ea,,$3.94/ 100g,False,235.0,
snacks,Dare,Ultimate Fudge Chocolate Cookies,DareUltimate Fudge Chocolate Cookies290 g,$4.29ea,,$1.48/ 100g,False,236.0,
snacks,Kelloggs,Rice Krispies Bars Original,KelloggsRice Krispies Bars Original176 g,$4.49ea,,$2.55/ 100g,False,237.0,
snacks,Dentyne,Ice Intense Gum,DentyneIce Intense Gum4 pack,$4.99ea,,$1.25/ 1ea,False,238.0,
snacks,Peek Freans,Lifestyle Selections Blueberry Brown Sugar Biscuit,Peek FreansLifestyle Selections Blueberry Brown Sugar Biscuit290 g,$4.99ea,,$1.72/ 100g,False,239.0,
snacks,President's Choice,Dipped & Chewy Chocolate Chip Granola Bars,President's ChoiceDipped & Chewy Chocolate Chip Granola Bars1240 g,$14.99ea,,$1.21/ 100g,False,240.0,
snacks,Quaker,Chewy Granola Bars - Peach Fruit Crumble,QuakerChewy Granola Bars - Peach Fruit Crumble120 g,$3.49ea,,$2.91/ 100g,False,241.0,
snacks,GoGo squeez,Fruit Sauce Apple Lime Orange Lemon,GoGo squeezFruit Sauce Apple Lime Orange Lemon360 g,$4.59ea,,$1.28/ 100g,False,242.0,
snacks,Kinder,Happy Moments Assorted Easter Eggs,KinderHappy Moments Assorted Easter Eggs184 g,$7.99ea,,$4.34/ 100g,False,243.0,
snacks,Dare,Breton Gluten Free Herb and Garlic ,DareBreton Gluten Free Herb and Garlic 135 g,$3.89ea,,$2.88/ 100g,False,244.0,
snacks,Rebisco,Chocolate Cake Bar Chocolate Cream-Filled,RebiscoChocolate Cake Bar Chocolate Cream-Filled420 g,$6.49ea,,$1.55/ 100g,False,245.0,
snacks,Manischewitz,"Tam Tams, Original","ManischewitzTam Tams, Original272 g",$4.99ea,,$1.83/ 100g,False,246.0,
snacks,Ruffles,All Dressed Flavoured Potato Chips (small bag),RufflesAll Dressed Flavoured Potato Chips (small bag)66 g,$1.89ea,,$2.86/ 100g,False,247.0,
snacks,SS Frutas,Naturally Sweet Plantain Crunchy Crisps,SS FrutasNaturally Sweet Plantain Crunchy Crisps85 g,$1.79ea,,$2.11/ 100g,False,248.0,
snacks,Hershey's,Rainbow Eggies Milk Chocolate,Hershey'sRainbow Eggies Milk Chocolate200 g,$5.49ea,,$2.75/ 100g,False,249.0,
snacks,Ryvita,"Wholegrain Rye Crispbread, Dark Rye","RyvitaWholegrain Rye Crispbread, Dark Rye250 g",$4.49ea,,$1.80/ 100g,False,250.0,
snacks,Mom's Best,Taralli Original,Mom's BestTaralli Original250 g,$5.59ea,,$2.24/ 100g,False,251.0,
snacks,Nagi,Protein Snack Makaroons Vanilla Almond,NagiProtein Snack Makaroons Vanilla Almond50 g,$4.29ea,,$8.58/ 100g,False,252.0,
snacks,Kinder,"Surprise Chocolate Egg with Toy, Pink Edition","KinderSurprise Chocolate Egg with Toy, Pink Edition20 g",$1.39ea,,$6.95/ 100g,False,253.0,
snacks,M&M's,"Mini Milk Chocolate Candies, Sharing Bag","M&M'sMini Milk Chocolate Candies, Sharing Bag200 g",$5.99ea,,$3.00/ 100g,False,254.0,
snacks,Carnaby Sweet,Cotton Candy Syrup,Carnaby SweetCotton Candy Syrup428 ml,$3.99ea,,$0.93/ 100ml,False,255.0,
snacks,Jelly Belly,"Jelly Beans, Fruit Bowl","Jelly BellyJelly Beans, Fruit Bowl100 g",$3.49ea,,$3.49/ 100g,False,256.0,
snacks,Lotte,Chocolate Almond Stick,LotteChocolate Almond Stick47 g,$1.19ea,,$3.72/ 100g,False,257.0,
snacks,Wrigley,"Spearmint Flavoured Sugar Free Chewing Gum, 60 Pieces, 1 Bottle","WrigleySpearmint Flavoured Sugar Free Chewing Gum, 60 Pieces, 1 Bottle83 g",$4.99ea,,$6.01/ 100g,False,258.0,
snacks,Excel,"Winterfresh Flavoured Sugar Free Chewing Gum, 12 Pieces, 4 Packs","ExcelWinterfresh Flavoured Sugar Free Chewing Gum, 12 Pieces, 4 Packs1 ea",$1.79ea,,$1.79/ 1ea,False,259.0,
snacks,No Name,Chocolate Fudge Pudding Cups 4 Pack ,No NameChocolate Fudge Pudding Cups 4 Pack 4x99.0 g,$1.79ea,,$0.45/ 100g,False,260.0,
snacks,FERRERO ROCHER,Hollow Boxed Easter Egg Gift,FERRERO ROCHERHollow Boxed Easter Egg Gift200 g,$19.99ea,,$10.00/ 100g,False,261.0,
snacks,Oh Henry!,Easter Eggs,Oh Henry!Easter Eggs160 g,$4.99ea,,$3.12/ 100g,False,262.0,
snacks,Wellness Bites,Crispy Quinoa Brittle ,Wellness BitesCrispy Quinoa Brittle 156 g,$6.49ea,,$4.16/ 100g,False,263.0,
snacks,Haldiram,Indian Snacks Chatpata Masala Namkeen,HaldiramIndian Snacks Chatpata Masala Namkeen115 g,$1.99ea,,$1.73/ 100g,False,264.0,
snacks,SunRype,Apple Wildberry 100% Fruit Snack,SunRypeApple Wildberry 100% Fruit Snack14 g,$0.79ea,,$5.64/ 100g,False,265.0,
snacks,Maynards,Fuzzy Peach Peach Soft Candy,MaynardsFuzzy Peach Peach Soft Candy355 g,$4.99ea,,$1.41/ 100g,False,266.0,
snacks,Dare,Breton Veggie Bites,DareBreton Veggie Bites200 g,$3.89ea,,$1.95/ 100g,False,267.0,
snacks,Lindt,Milk Chocolate Crispy Eggs Bag,LindtMilk Chocolate Crispy Eggs Bag89 g,$5.99ea,,$6.73/ 100g,False,268.0,
snacks,President's Choice,Dipped & Chewy Chocolate Fudge & Chocolate Chip Granola Bars,President's ChoiceDipped & Chewy Chocolate Fudge & Chocolate Chip Granola Bars172 g,$3.29ea,,$1.91/ 100g,False,269.0,
snacks,Milano,"Cookies, Croissants with Cocoa Cream Filling ","MilanoCookies, Croissants with Cocoa Cream Filling 300 g",$3.99ea,,$1.33/ 100g,False,270.0,
snacks,Kinder,Hunt T14 Classic,KinderHunt T14 Classic186 g,$13.99ea,,$7.52/ 100g,False,271.0,
snacks,Cheez-It,"Crunch, Zesty Cheddar Ranch Flavor, Baked Snack Crackers ","Cheez-ItCrunch, Zesty Cheddar Ranch Flavor, Baked Snack Crackers 191 g",$3.99ea,,$2.09/ 100g,False,272.0,
snacks,No Name,Thin Vegetable Crackers,No NameThin Vegetable Crackers200 g,$2.99ea,,$1.50/ 100g,False,273.0,
snacks,Christie,Premium Plus Whole Wheat Crackers-Soda,ChristiePremium Plus Whole Wheat Crackers-Soda500 g,$4.79ea,,$0.96/ 100g,False,274.0,
snacks,From Farm To Table,Kettle Chips Sea Salt Flavour,From Farm To TableKettle Chips Sea Salt Flavour142 g,$3.69ea,,$2.60/ 100g,False,275.0,
snacks,Britannia,"Fifty Fifty, Cookies","BritanniaFifty Fifty, Cookies372 g",$3.49ea,,$0.94/ 100g,False,276.0,
snacks,PC Black Label,Fig & Kalamata Olive Artisan Mini Crisps,PC Black LabelFig & Kalamata Olive Artisan Mini Crisps150 g,$6.49ea,,$4.33/ 100g,False,277.0,
snacks,Haldiram,Moorukulu,HaldiramMoorukulu150 g,$1.99ea,,$1.33/ 100g,False,278.0,
snacks,Lucky Elephant,Pink Candy Popcorn,Lucky ElephantPink Candy Popcorn70 g,$2.18ea,,$3.11/ 100g,False,279.0,
snacks,Finn Crisp,"Crispbread, Original Rye","Finn CrispCrispbread, Original Rye200 g",$3.79ea,,$1.90/ 100g,False,280.0,
snacks,Garden,Onion,GardenOnion200 g,$3.29ea,,$1.65/ 100g,False,281.0,
snacks,Jell-O,"Refrigerated Gelatin Snacks, Orange (4 X 96G)","Jell-ORefrigerated Gelatin Snacks, Orange (4 X 96G)4x96.0 g",$4.29ea,,$1.12/ 100g,False,282.0,
snacks,Wellness Bites,Crispy Peanut Brittle ,Wellness BitesCrispy Peanut Brittle 156 g,$6.49ea,,$4.16/ 100g,False,283.0,
snacks,Bounty,"Coconut Milk Chocolate Bar, Full Size Bag","BountyCoconut Milk Chocolate Bar, Full Size Bag57 g",$1.79ea,,$3.14/ 100g,False,284.0,
snacks,Christie,Ritz Original Crackers,ChristieRitz Original Crackers350 g,$5.49ea,,$1.57/ 100g,False,285.0,
snacks,GoGo squeez,"Squeeze, Apple Mango","GoGo squeezSqueeze, Apple Mango90 g",$4.59ea,,$1.28/ 100g,False,286.0,
snacks,Snickers,"Peanut Milk Chocolate Candy Bar, Full Size Bar","SnickersPeanut Milk Chocolate Candy Bar, Full Size Bar52 g",$1.79ea,,$3.44/ 100g,False,287.0,
snacks,TRIDENT,Vibe Spearmint Rush,TRIDENTVibe Spearmint Rush40 ea,$4.99ea,,$0.12/ 1ea,False,288.0,
snacks,GoGo squeez,Fruit Sauce Apple Pineapple Passion Fruit,GoGo squeezFruit Sauce Apple Pineapple Passion Fruit360 g,$4.59ea,,$1.28/ 100g,False,289.0,
snacks,Cadbury,Chocolate Assorted Mini Eggs Chocolate,CadburyChocolate Assorted Mini Eggs Chocolate745 g,$20.99ea,,$2.82/ 100g,False,290.0,
snacks,Cadbury,Dairy Milk Mini Eggs Chocolate Bar,CadburyDairy Milk Mini Eggs Chocolate Bar100 g,$2.99ea,,$2.99/ 100g,False,291.0,
snacks,Loacker,Quadratini Bite Size Wafer Cookies Lemon,LoackerQuadratini Bite Size Wafer Cookies Lemon250 g,$4.99ea,,$2.00/ 100g,False,292.0,
snacks,Nestle,COFFEE CRISP 2-Pack Wafer Bars,NestleCOFFEE CRISP 2-Pack Wafer Bars75 g,$2.79ea,,$3.72/ 100g,False,293.0,
snacks,President's Choice,Milk Chocolate Bar With Hazelnuts,President's ChoiceMilk Chocolate Bar With Hazelnuts300 g,$5.99ea,,$2.00/ 100g,False,294.0,
snacks,Jakeman's,Maple Popcorn,Jakeman'sMaple Popcorn140 g,$4.79ea,,$3.42/ 100g,False,295.0,
snacks,Cadbury,Micro Mini Eggs Assorted Chocolate Eggs,CadburyMicro Mini Eggs Assorted Chocolate Eggs90 g,$3.79ea,,$4.21/ 100g,False,296.0,
snacks,Nature Valley,Double Chocolate,Nature ValleyDouble Chocolate728 g,$11.99ea,,$1.65/ 100g,False,297.0,
snacks,The Snack Factory,"Pretzel Crisps, Everything    ","The Snack FactoryPretzel Crisps, Everything    200 g",$5.99ea,,$3.00/ 100g,False,298.0,
snacks,Christie,"Ritz Chips, Cheddar","ChristieRitz Chips, Cheddar225 g",$3.99ea,,$1.77/ 100g,False,299.0,
snacks,Cheez-It,Crackers Double Cheese Flavour Snack,Cheez-ItCrackers Double Cheese Flavour Snack213 g,$4.00ea,$3.79ea,$1.78/ 100g,True,300.0,saleEnds 03/22
snacks,GoGo squeez,"Squeeze, Apple Grape","GoGo squeezSqueeze, Apple Grape90 g",$4.59ea,,$1.28/ 100g,False,301.0,
snacks,Kozy Shack,Tapioca Pudding Tubs,Kozy ShackTapioca Pudding Tubs624 g,$4.49ea,,$0.72/ 100g,False,302.0,
snacks,President's Choice,"World of Flavours, Crispy Taco Potato Chips","President's ChoiceWorld of Flavours, Crispy Taco Potato Chips200 g",$3.49ea,,$1.75/ 100g,False,303.0,
snacks,Mackintosh's,Toffee Bar,Mackintosh'sToffee Bar45 g,$1.79ea,,$3.98/ 100g,False,304.0,
snacks,Kambly,Butterfly Caramel Salé Delicately Thin Butter Biscuits With Caramel And Salt,KamblyButterfly Caramel Salé Delicately Thin Butter Biscuits With Caramel And Salt100 g,$5.99ea,,$5.99/ 100g,False,305.0,
snacks,Reese's,Peanut Butter Cups Candy King Size,Reese'sPeanut Butter Cups Candy King Size79 g,$2.79ea,,$3.53/ 100g,False,306.0,
snacks,No Name,Fruit Bowl Variety Pack,No NameFruit Bowl Variety Pack16x107.0 ml,$9.99ea,,$0.58/ 100ml,False,307.0,
snacks,President's Choice,Extra Cheesy Little Penguins,President's ChoiceExtra Cheesy Little Penguins200 g,$2.99ea,,$1.50/ 100g,False,308.0,
snacks,Buddy Fruits,"All Natural Blended Fruits, Apple and Strawberry","Buddy FruitsAll Natural Blended Fruits, Apple and Strawberry4x90.0 g",$3.99ea,,$1.11/ 100g,False,309.0,
snacks,ChaCheer,"Sunflower Seeds, Original","ChaCheerSunflower Seeds, Original260 g",$2.99ea,,$1.15/ 100g,False,310.0,
snacks,President's Choice,World of Flavours Nashville Hot Flavour Potato Chips,President's ChoiceWorld of Flavours Nashville Hot Flavour Potato Chips200 g,$3.49ea,,$1.75/ 100g,False,311.0,
snacks,Purity,"Biscuits, Milk Lunch","PurityBiscuits, Milk Lunch350 g",$5.99ea,,$1.71/ 100g,False,312.0,
snacks,Purity,"Cookies, Ginger Snap","PurityCookies, Ginger Snap300 g",$3.99ea,,$1.33/ 100g,False,313.0,
snacks,,Roasted & Salted Pistachios,Roasted & Salted Pistachios200 g,$6.99ea,,$3.50/ 100g,False,314.0,
snacks,Nestle,Assorted Hide Me Eggs Pouch,NestleAssorted Hide Me Eggs Pouch656 g,$19.99ea,,$3.05/ 100g,False,315.0,
snacks,President's Choice,Sweet Potato Veggie Snaps,President's ChoiceSweet Potato Veggie Snaps180 g,$5.49ea,,$3.05/ 100g,False,316.0,
snacks,Dole,Fruit Bowls Diced Peaches in Light Syrup,DoleFruit Bowls Diced Peaches in Light Syrup4x107.0 ml,$3.99ea,,$0.93/ 100ml,False,317.0,
snacks,Humpty Dumpty,Corn Snack ,Humpty DumptyCorn Snack 290 g,$4.99ea,,$1.72/ 100g,False,318.0,
snacks,Sarah's Fine Foods,Crostini Olive Oil and Sea Salt ,Sarah's Fine FoodsCrostini Olive Oil and Sea Salt 150 g,$3.99ea,,$2.66/ 100g,False,319.0,
snacks,T&T,"Cashews, Salted","T&TCashews, Salted800 g",$18.99ea,,$2.37/ 100g,False,320.0,
snacks,Reese's,PEANUT BUTTER CUPS candy,Reese'sPEANUT BUTTER CUPS candy62 g,$2.79ea,,$4.50/ 100g,False,321.0,
snacks,No Name,Fruit Salad in Light Syrup,No NameFruit Salad in Light Syrup4x107.0 ml,$3.29ea,,$0.77/ 100ml,False,322.0,
snacks,Mentos,Pure Fresh Sugar-Free Gum Watermelon,MentosPure Fresh Sugar-Free Gum Watermelon50 ea,$4.29ea,,$4.29/ 100g,False,323.0,
snacks,Moon Cheese,White Cheddar Clack Pepper Crackers,Moon CheeseWhite Cheddar Clack Pepper Crackers57 g,$6.49ea,$5.99ea,$10.51/ 100g,True,324.0,saleEnds 03/22
snacks,Rawcology,Apple Cinnamon With Probiotics Organic Oat Clusters,RawcologyApple Cinnamon With Probiotics Organic Oat Clusters90 g,$6.49ea,,$7.21/ 100g,False,325.0,
snacks,GoGo squeez,"Squeeze, Apple Peach","GoGo squeezSqueeze, Apple Peach90 g",$4.59ea,,$1.28/ 100g,False,326.0,
snacks,Parle,Monaco Salted Snack,ParleMonaco Salted Snack63.3 g,$0.79ea,,$1.25/ 100g,False,327.0,
snacks,Carnaby Sweet,Dirt and Worms Ice Cream and Dessert Topping,Carnaby SweetDirt and Worms Ice Cream and Dessert Topping100 g,$3.29ea,,$3.29/ 100g,False,328.0,
snacks,7 Days,Croissant With Cocoa & Vanilla Filling,7 DaysCroissant With Cocoa & Vanilla Filling185 g,$3.29ea,,$1.78/ 100g,False,329.0,
snacks,Haldiram,Indian Biscuits Pista Badam Cookies,HaldiramIndian Biscuits Pista Badam Cookies250 g,$4.59ea,,$1.84/ 100g,False,330.0,
snacks,Orville,"Popcorn Bowl, Buttery","OrvillePopcorn Bowl, Buttery6x82.0 g",$5.99ea,,$1.22/ 100g,False,331.0,
snacks,Kambly,"Biscuits, Butterfly Almond","KamblyBiscuits, Butterfly Almond100 g",$5.99ea,,$5.99/ 100g,False,332.0,
snacks,Jabsons,Thai Sweet Chilli Roasted Peanuts,JabsonsThai Sweet Chilli Roasted Peanuts140 g,$1.99ea,,$1.42/ 100g,False,333.0,
snacks,Nestle,Smarties Chocolate Easter Hide Me Eggs,NestleSmarties Chocolate Easter Hide Me Eggs150 g,$7.49ea,,$4.99/ 100g,False,334.0,
snacks,T&T,Pineapple Cakes,T&TPineapple Cakes224 g,$2.99ea,,$1.33/ 100g,False,335.0,
snacks,President's Choice,Butter Flavour Purple Kernel Microwave Popcorn,President's ChoiceButter Flavour Purple Kernel Microwave Popcorn822 g,$8.99ea,,$1.09/ 100g,False,336.0,
snacks,Pringles,Original Potato Chips,PringlesOriginal Potato Chips148 g,$3.29ea,,$2.22/ 100g,False,337.0,
snacks,Lay's,Cream & Onion ridged flavoured potato chips,Lay'sCream & Onion ridged flavoured potato chips165 g,$3.49ea,,$2.12/ 100g,False,338.0,
snacks,Katjes,Candy Rainbow-Edition,KatjesCandy Rainbow-Edition170 g,$3.49ea,,$2.05/ 100g,False,339.0,
snacks,Jack Links,"Beef Jerky, Original","Jack LinksBeef Jerky, Original80 g",$6.99ea,,$8.74/ 100g,False,340.0,
snacks,Nestle,Smarties Easter Milk Chocolate,NestleSmarties Easter Milk Chocolate300 g,$9.99ea,,$3.33/ 100g,False,341.0,
snacks,Loacker,"Biscuits, Gran Pasticceria Coconut","LoackerBiscuits, Gran Pasticceria Coconut100 g",$4.49ea,,$4.49/ 100g,False,342.0,
snacks,Ryvita,Muesli Crunch,RyvitaMuesli Crunch200 g,$4.49ea,,$2.25/ 100g,False,343.0,
snacks,Wrigley,"Peppermint Flavoured Mints, 1 Tin","WrigleyPeppermint Flavoured Mints, 1 Tin34 g",$3.29ea,,$9.68/ 100g,False,344.0,
snacks,,Salt & Pepper Pistachios,Salt & Pepper Pistachios178 g,$6.99ea,,$3.93/ 100g,False,345.0,
snacks,Covered Bridge,Potato Chips Sea Salt & Vinegar,Covered BridgePotato Chips Sea Salt & Vinegar60 g,$1.99ea,,$3.32/ 100g,False,346.0,
snacks,Carnaby Sweet,Peanut Butter Choco Crunch Ice Cream and Dessert Topping,Carnaby SweetPeanut Butter Choco Crunch Ice Cream and Dessert Topping100 g,$2.99ea,,$2.99/ 100g,False,347.0,
snacks,Quaker,Dipps Salted Butterscotch Crunch Flavour Granola Bars,QuakerDipps Salted Butterscotch Crunch Flavour Granola Bars155 g,$3.49ea,,$2.25/ 100g,False,348.0,
snacks,Nestle,Aero Minis Milk Chocolate Pouch,NestleAero Minis Milk Chocolate Pouch135 g,$5.99ea,,$4.44/ 100g,False,349.0,
snacks,Hershey's,Eggies Milk Chocolate,Hershey'sEggies Milk Chocolate220 g,$5.49ea,,$2.50/ 100g,False,350.0,
snacks,President's Choice,Apple Strawberry Squeeze Fruit Snacks,President's ChoiceApple Strawberry Squeeze Fruit Snacks1080 g,$6.99ea,,$0.65/ 100g,False,351.0,
snacks,TRIDENT,Spearmint Gum,TRIDENTSpearmint Gum14 ea,$1.99ea,,$0.14/ 1ea,False,352.0,
snacks,Whittaker's,Dark Chocolate Dark Almond 200 G ,Whittaker'sDark Chocolate Dark Almond 200 G 200 g,$5.99ea,,$3.00/ 100g,False,353.0,
snacks,Prigat,Sunflower Seeds,PrigatSunflower Seeds200 g,$2.79ea,,$1.40/ 100g,False,354.0,
snacks,Cadbury,Dairy Milk Filled Chocolate Eggs Mini,CadburyDairy Milk Filled Chocolate Eggs Mini362 g,$14.99ea,,$4.14/ 100g,False,355.0,
snacks,Nairn's,"Oatcakes, Rough","Nairn'sOatcakes, Rough250 g",$3.99ea,,$1.60/ 100g,False,356.0,
snacks,Prigat,"Roasted Pumpkin Seeds, Salted","PrigatRoasted Pumpkin Seeds, Salted200 g",$5.49ea,,$2.75/ 100g,False,357.0,
snacks,Lotte,Koala's March Chocolate Cookies,LotteKoala's March Chocolate Cookies195 g,$6.99ea,,$3.58/ 100g,False,358.0,
snacks,Nestle,"Big’R Turk, 2-pack","NestleBig’R Turk, 2-pack86 g",$2.79ea,,$3.24/ 100g,False,359.0,
snacks,Bubbie's Biscotti,Handcrafted Biscotti Belgian Chocolate Marble,Bubbie's BiscottiHandcrafted Biscotti Belgian Chocolate Marble252 g,$10.99ea,,$4.36/ 100g,False,360.0,
snacks,No Name,Fruit & Nut Medley Trail Mix,No NameFruit & Nut Medley Trail Mix800 g,$10.99ea,,$1.37/ 100g,False,361.0,
snacks,,"Mixed Berry Flavoured Mints, 1 Tin","Mixed Berry Flavoured Mints, 1 Tin1 ea",$3.29ea,,$3.29/ 1ea,False,362.0,
snacks,SunRype,Apple Raspberry 100% Fruit Snack,SunRypeApple Raspberry 100% Fruit Snack14 g,$0.79ea,,$5.64/ 100g,False,363.0,
snacks,New York Style,"Bagel Crisps, Garlic","New York StyleBagel Crisps, Garlic170 g",$4.99ea,,$2.94/ 100g,False,364.0,
snacks,Christie,"Stoned Wheat Thins, Club Pack","ChristieStoned Wheat Thins, Club Pack600 g",$4.99ea,,$0.83/ 100g,False,365.0,
snacks,Christie,Premium Plus Unsalted Crackers,ChristiePremium Plus Unsalted Crackers450 g,$4.79ea,,$1.06/ 100g,False,366.0,
snacks,Pringles,BBQ Flavour Potato Chips,PringlesBBQ Flavour Potato Chips156 g,$3.29ea,,$2.11/ 100g,False,367.0,
snacks,Britannia,Cookies Pista-Almond,BritanniaCookies Pista-Almond231 g,$3.29ea,,$1.42/ 100g,False,368.0,
snacks,Keebler,Town House Pretzel FlipSides Oven Baked Crackers Original,KeeblerTown House Pretzel FlipSides Oven Baked Crackers Original260 g,$3.49ea,,$1.34/ 100g,False,369.0,
snacks,Grace,Plantain Chips,GracePlantain Chips85 g,$1.49ea,,$1.75/ 100g,False,370.0,
snacks,Lay's,Sweet Chili Heat Chips,Lay'sSweet Chili Heat Chips220 g,$4.99ea,,$2.27/ 100g,False,371.0,
snacks,President's Choice,Peanut Butter Syrup,President's ChoicePeanut Butter Syrup428 ml,$3.99ea,,$0.93/ 100ml,False,372.0,
snacks,Dole,"Parfait Fruit in Peach Gel, Peach","DoleParfait Fruit in Peach Gel, Peach4x123.0 g",$3.99ea,,$0.81/ 100g,False,373.0,
snacks,Katjes,Plant Based Gummies Candy Peace & Love,KatjesPlant Based Gummies Candy Peace & Love170 g,$3.49ea,,$2.05/ 100g,False,374.0,
snacks,Dare,Bold ‘n Baked Tangy Ranch,DareBold ‘n Baked Tangy Ranch150 g,$3.89ea,,$2.59/ 100g,False,375.0,
snacks,Junior Mints,Creamy Mints In Pure Chocolate Minis,Junior MintsCreamy Mints In Pure Chocolate Minis127 g,$2.99ea,,$2.35/ 100g,False,376.0,
snacks,Hershey's,Cookies 'N' Creme Polka Dot Candy Easter Eggs,Hershey'sCookies 'N' Creme Polka Dot Candy Easter Eggs185 g,$5.49ea,,$2.97/ 100g,False,377.0,
snacks,SunRype,Apple Mango 100% Fruit Snack,SunRypeApple Mango 100% Fruit Snack14 g,$0.79ea,,$5.64/ 100g,False,378.0,
snacks,President's Choice,Red Chili Pepper Crackers ,President's ChoiceRed Chili Pepper Crackers 185 g,$3.79ea,,$2.05/ 100g,False,379.0,
snacks,Wrigley,"Fruit Flavoured Chewing Gum, 12 Pieces, 1 Pack","WrigleyFruit Flavoured Chewing Gum, 12 Pieces, 1 Pack12 ea",$1.79ea,,$0.15/ 1ea,False,380.0,
snacks,Britannia,Good Day Butter Cookies,BritanniaGood Day Butter Cookies231 g,$3.29ea,,$1.42/ 100g,False,381.0,
snacks,Shufra,Premier White Chocolate,ShufraPremier White Chocolate100 g,$2.29ea,,$2.29/ 100g,False,382.0,
snacks,Ryvita,"Wholegrain Rye Crispbread, Multi-Grain","RyvitaWholegrain Rye Crispbread, Multi-Grain250 g",$4.49ea,,$1.80/ 100g,False,383.0,
snacks,Dole,Parfait Apples in Raspberry Gel,DoleParfait Apples in Raspberry Gel4x123.0 g,$3.99ea,,$0.81/ 100g,False,384.0,
snacks,Dole,Parfait Apples in Raspberry Gel,DoleParfait Apples in Raspberry Gel4x123.0 g,$3.99ea,,$0.81/ 100g,False,385.0,
snacks,Nestle,KITKAT 4-Finger Milk Chocolate Bar,NestleKITKAT 4-Finger Milk Chocolate Bar45 g,$1.79ea,,$3.98/ 100g,False,386.0,
snacks,Cheez-It,"Hot & Spicy, Baked Snack Crackers ","Cheez-ItHot & Spicy, Baked Snack Crackers 200 g",$3.99ea,,$2.00/ 100g,False,387.0,
snacks,PC Blue Menu,Oatmeal Nut Butter Bar Cranberry,PC Blue MenuOatmeal Nut Butter Bar Cranberry190 g,$4.49ea,,$2.36/ 100g,False,388.0,
snacks,Alma,Wafer Belgian Lemon,AlmaWafer Belgian Lemon200 g,$1.59ea,,$0.80/ 100g,False,389.0,
snacks,Twix,"Caramel Cookie Chocolate Candy Bar, Full Size Bar","TwixCaramel Cookie Chocolate Candy Bar, Full Size Bar50 g",$1.79ea,,$3.58/ 100g,False,390.0,
snacks,PC Blue Menu,Natural Flavour Microwave Popcorn,PC Blue MenuNatural Flavour Microwave Popcorn6x80.0 g,$5.49ea,,$1.14/ 100g,False,391.0,
snacks,Purity,Jam Jams,PurityJam Jams425 g,$5.49ea,,$1.29/ 100g,False,392.0,
snacks,Doritos,Sweet Chili Heat! flavoured tortilla chips (small bag),DoritosSweet Chili Heat! flavoured tortilla chips (small bag)80 g,$1.89ea,,$2.36/ 100g,False,393.0,
snacks,Pringles,Scorchin' Potato Chips Cheddar Flavour,PringlesScorchin' Potato Chips Cheddar Flavour156 g,$3.29ea,,$2.11/ 100g,False,394.0,
snacks,Orville,Gourmet Popcorn Simply Salted,OrvilleGourmet Popcorn Simply Salted492 g,$5.99ea,,$1.22/ 100g,False,395.0,
snacks,D Arbo,Sour Cherry Spread,D ArboSour Cherry Spread350 ml,$5.49ea,,$1.57/ 100ml,False,396.0,
snacks,Hershey's,Mix COOKIES 'N' CRÈME candy,Hershey'sMix COOKIES 'N' CRÈME candy43 g,$1.49ea,,$3.47/ 100g,False,397.0,
snacks,President's Choice,Loads Of White Cheddar Cheese Crackers,President's ChoiceLoads Of White Cheddar Cheese Crackers200 g,$3.79ea,,$1.90/ 100g,False,398.0,
snacks,Hershey's, Kisses Milk Chocolate Easter Candy,Hershey's Kisses Milk Chocolate Easter Candy180 g,$5.49ea,,$3.05/ 100g,False,399.0,
snacks,Pringles,Cheddar Cheese Flavour Party Stack Potato Chips,PringlesCheddar Cheese Flavour Party Stack Potato Chips203 g,$3.99ea,,$1.97/ 100g,False,400.0,
snacks,Britannia,Little Heart Biscuits,BritanniaLittle Heart Biscuits75 g,$1.39ea,,$1.85/ 100g,False,401.0,
snacks,Cheez-It,Crackers Cheddar Sour Cream & Onion Flavour Snack ,Cheez-ItCrackers Cheddar Sour Cream & Onion Flavour Snack 213 g,$4.00ea,$3.79ea,$1.78/ 100g,True,402.0,saleEnds 03/22
snacks,Wrigley,"Spearmint Flavoured Mints, 1 Tin","WrigleySpearmint Flavoured Mints, 1 Tin34 g",$3.29ea,,$9.68/ 100g,False,403.0,
snacks,President's Choice,Apple-Strawberry Apple Sauce,President's ChoiceApple-Strawberry Apple Sauce6x100.0 ml,$2.99ea,,$0.50/ 100ml,False,404.0,
snacks,Mott's,"Fruitsations, Original Apple","Mott'sFruitsations, Original Apple104 ml",$3.79ea,,$3.64/ 100ml,False,405.0,
snacks,Hershey's,Syrup Genuine Chocolate Flavour,Hershey'sSyrup Genuine Chocolate Flavour523 ml,$5.99ea,,$1.15/ 100ml,False,406.0,
snacks,President's Choice,Apple Peach Squeeze Fruit Snacks,President's ChoiceApple Peach Squeeze Fruit Snacks90 g,$2.99ea,,$3.32/ 100g,False,407.0,
snacks,Hershey's,Peanut Butter Candy Bar,Hershey'sPeanut Butter Candy Bar85 g,$2.79ea,,$3.28/ 100g,False,408.0,
snacks,Lindt,GOLD BUNNY Milk Chocolate Easter Bunny,LindtGOLD BUNNY Milk Chocolate Easter Bunny100 g,$7.99ea,,$7.99/ 100g,False,409.0,
snacks,Wrigley,"Strawberry-Flood Flavoured Sugar Free Chewing Gum, 15 Sticks, 1 Pack","WrigleyStrawberry-Flood Flavoured Sugar Free Chewing Gum, 15 Sticks, 1 Pack15 ea",$2.79ea,,$0.19/ 1ea,False,410.0,
snacks,Tate's Bake Shop,Chocolate Chip Flavour Cookies,Tate's Bake ShopChocolate Chip Flavour Cookies198 g,$7.99ea,,$4.04/ 100g,False,411.0,
snacks,Dare,Ultimate Coconut Crème Cookies,DareUltimate Coconut Crème Cookies290 g,$4.29ea,,$1.48/ 100g,False,412.0,
snacks,ChaCheer,"Sunflower Seeds, Spiced","ChaCheerSunflower Seeds, Spiced260 g",$2.99ea,,$1.15/ 100g,False,413.0,
snacks,Simple Pleasures,Digestive,Simple PleasuresDigestive350 g,$4.49ea,,$1.28/ 100g,False,414.0,
snacks,Kinder,Joy Egg,KinderJoy Egg20 g,$1.99ea,,$9.95/ 100g,False,415.0,
snacks,Parle,Sweet & Salty Crackers The Original,ParleSweet & Salty Crackers The Original60 g,$0.79ea,,$1.32/ 100g,False,416.0,
snacks,Nestle,Smarties Chocolate Easter Bunny Gift Pack,NestleSmarties Chocolate Easter Bunny Gift Pack150 g,$9.99ea,,$6.66/ 100g,False,417.0,
snacks,President's Choice,Caramel Syrup,President's ChoiceCaramel Syrup428 ml,$3.99ea,,$0.93/ 100ml,False,418.0,
snacks,Glico,"Pocky, Strawberry Cream","GlicoPocky, Strawberry Cream33 g",$1.99ea,,$6.03/ 100g,False,419.0,
snacks,Jayone,Seasoned and Roasted Seaweed,JayoneSeasoned and Roasted Seaweed120 g,$11.99ea,,$9.99/ 100g,False,420.0,
snacks,Exclusive Brands,Seasoned Pretzel Pieces All Dressed,Exclusive BrandsSeasoned Pretzel Pieces All Dressed56 g,$1.99ea,,$3.55/ 100g,False,421.0,
snacks,From Farm To Table,Butter Salt Popcorn,From Farm To TableButter Salt Popcorn105 g,$3.49ea,,$3.32/ 100g,False,422.0,
snacks,Pringles,Scorchin' Potato Chips Bbq Flavour,PringlesScorchin' Potato Chips Bbq Flavour156 g,$3.29ea,,$2.11/ 100g,False,423.0,
snacks,SunRype,100% Fruit Bar Variety Pack,SunRype100% Fruit Bar Variety Pack1.11 kg,$22.99ea,$21.99ea,$1.98/ 100g,True,424.0,saleEnds 03/29
snacks,Leclerc,Go Pure Oatmeal Bars Apple & Cinnamon,LeclercGo Pure Oatmeal Bars Apple & Cinnamon175 g,$3.29ea,,$1.88/ 100g,False,425.0,
snacks,Crusty's,Salted Egg Crispy Fish Skin Snack ,Crusty'sSalted Egg Crispy Fish Skin Snack 100 g,$9.99ea,,$9.99/ 100g,False,426.0,
snacks,Sprucewood Handmade Cookie Co.,Classic Vanilla Shortbread,Sprucewood Handmade Cookie Co.Classic Vanilla Shortbread170 g,$6.49ea,,$3.82/ 100g,False,427.0,
snacks,President's Choice,Apple Mango Sweet Potato Squeeze Fruit Snacks,President's ChoiceApple Mango Sweet Potato Squeeze Fruit Snacks4x90.0 g,$2.99ea,,$0.83/ 100g,False,428.0,
snacks,Pepperidge Farm,Xtreme Cheddar Family Size Baked Snack Crackers,Pepperidge FarmXtreme Cheddar Family Size Baked Snack Crackers750 g,$9.99ea,,$1.33/ 100g,False,429.0,
snacks,Haldiram,Indian Snacks Bhujia Sev,HaldiramIndian Snacks Bhujia Sev150 g,$1.99ea,,$1.33/ 100g,False,430.0,
snacks,Betty Crocker,Starburst,Betty CrockerStarburst128 g,$3.99ea,,$3.12/ 100g,False,431.0,
snacks,Orville,"Popcorn Bowl, Extra Butter","OrvillePopcorn Bowl, Extra Butter246 g",$4.49ea,,$1.83/ 100g,False,432.0,
snacks,Quaker,Dipps Cookies and Cream Flavour Granola Bars,QuakerDipps Cookies and Cream Flavour Granola Bars150 g,$3.49ea,,$2.33/ 100g,False,433.0,
snacks,Holy Crap,Hot Wasabi Peas,Holy CrapHot Wasabi Peas140 g,$5.29ea,,$3.78/ 100g,False,434.0,
snacks,Manner,Chocolate Cocoa Cream Filled Wafers,MannerChocolate Cocoa Cream Filled Wafers200 g,$4.49ea,,$2.25/ 100g,False,435.0,
snacks,Jack Links,"Beef Jerky, Teriyaki","Jack LinksBeef Jerky, Teriyaki80 g",$6.99ea,,$8.74/ 100g,False,436.0,
snacks,President's Choice,Salted Caramel Cookie Chips ,President's ChoiceSalted Caramel Cookie Chips 170 g,$3.99ea,,$2.35/ 100g,False,437.0,
snacks,Purity,Cookies ,PurityCookies 350 g,$5.49ea,,$1.57/ 100g,False,438.0,
snacks,Paris Toasts,Whole Wheat Paris Toasts,Paris ToastsWhole Wheat Paris Toasts80 g,$3.49ea,,$4.36/ 100g,False,439.0,
snacks,Tremarie, Hazelnut Cream Filled Wafers,Tremarie Hazelnut Cream Filled Wafers140 g,$3.49ea,$3.29ea,$2.35/ 100g,True,440.0,saleEnds 03/22
snacks,SunRype,Chocolate Macaroon Bites,SunRypeChocolate Macaroon Bites150 g,$3.99ea,,$2.66/ 100g,False,441.0,
snacks,Nagi,Protein Snack Makaroons Chocolate Almond,NagiProtein Snack Makaroons Chocolate Almond50 g,$4.29ea,,$8.58/ 100g,False,442.0,
snacks,,Alpine Milk Milk Chocolate,Alpine Milk Milk Chocolate100 g,$1.99ea,,$1.99/ 100g,False,443.0,
snacks,Kinder,Mini Eggs 182G,KinderMini Eggs 182G182 g,$7.99ea,,$4.39/ 100g,False,444.0,
snacks,Nature Valley,Crunchy Granola Bars Oats 'n' Honey,Nature ValleyCrunchy Granola Bars Oats 'n' Honey1.28 kg,$11.99ea,,$0.94/ 100ml,False,445.0,
snacks,Healthy Crunch,All About The Crunch Trail Mix,Healthy CrunchAll About The Crunch Trail Mix225 g,$7.99ea,,$3.55/ 100g,False,446.0,
snacks,Quaker,Crispy Minis Savoury Tomato & Basil Flavour Large Brown Rice Cakes,QuakerCrispy Minis Savoury Tomato & Basil Flavour Large Brown Rice Cakes173 g,$3.99ea,,$2.31/ 100g,False,447.0,
snacks,Lindt,LINDOR Hazelnut Milk Chocolate Truffles Bag,LindtLINDOR Hazelnut Milk Chocolate Truffles Bag150 g,$8.99ea,,$5.99/ 100g,False,448.0,
snacks,Freddo,Milk Chocolate Caramel Filled Bunny Shaped Minis,FreddoMilk Chocolate Caramel Filled Bunny Shaped Minis240 g,$6.99ea,,$2.91/ 100g,False,449.0,
snacks,Schneider,"Hot Rod® Sausage Snacks, Original Flavour, 8-Gram Sticks","SchneiderHot Rod® Sausage Snacks, Original Flavour, 8-Gram Sticks160 g",$6.79ea,,$4.24/ 100g,False,450.0,
snacks,Twizzler,Strawberry Twists,TwizzlerStrawberry Twists90 g,$1.69ea,,$1.88/ 100g,False,451.0,
snacks,Dare,Breton Original Bites,DareBreton Original Bites200 g,$3.89ea,,$1.95/ 100g,False,452.0,
snacks,Dentyne,Ice Spearmint Gum,DentyneIce Spearmint Gum60 ea,$4.99ea,,$0.08/ 1ea,False,453.0,
snacks,Mondoux,Chocolate Milk Egg with Sweet Sixteen Moon Berries,MondouxChocolate Milk Egg with Sweet Sixteen Moon Berries200 g,$6.99ea,,$3.50/ 100g,False,454.0,
snacks,Britannia,Strawberry Crm Bis    ,BritanniaStrawberry Crm Bis    120 g,$1.29ea,,$1.08/ 100g,False,455.0,
snacks,Humpty Dumpty,"Rings, Sour Cream & Onion","Humpty DumptyRings, Sour Cream & Onion265 g",$4.99ea,,$1.88/ 100g,False,456.0,
snacks,Nong Shim,Cuttlefish Snack,Nong ShimCuttlefish Snack55 g,$1.49ea,,$2.71/ 100g,False,457.0,
snacks,President's Choice,Black Olive Swiss Sticks,President's ChoiceBlack Olive Swiss Sticks100 g,$3.49ea,,$3.49/ 100g,False,458.0,
snacks,Cheez-It,Baked Snack Crackers Crunch Original Cheddar,Cheez-ItBaked Snack Crackers Crunch Original Cheddar191 g,$3.99ea,,$2.09/ 100g,False,459.0,
snacks,No Name,Sour Cream & Onion Rings,No NameSour Cream & Onion Rings200 g,$2.29ea,,$1.15/ 100g,False,460.0,
snacks,President's Choice,"Garlic, Parmesan, & Herb Baked Pita Crackers","President's ChoiceGarlic, Parmesan, & Herb Baked Pita Crackers142 g",$3.79ea,,$2.67/ 100g,False,461.0,
snacks,Britannia,Cake Rusk,BritanniaCake Rusk550 g,$5.99ea,,$1.09/ 100g,False,462.0,
snacks,Nestle,"Quality Street Imported Caramels, Crèmes & Pralines","NestleQuality Street Imported Caramels, Crèmes & Pralines180 g",$6.99ea,,$3.88/ 100g,False,463.0,
snacks,Leclerc,Go Pure Soft Baked Chocolate Chip Oatmeal Bars,LeclercGo Pure Soft Baked Chocolate Chip Oatmeal Bars175 g,$3.49ea,$3.29ea,$1.88/ 100g,True,464.0,saleEnds 03/15
snacks,Karachi Bakery,Osmania Biscuits,Karachi BakeryOsmania Biscuits400 g,$7.99ea,,$2.00/ 100g,False,465.0,
snacks,Langnese,Forest Honey,LangneseForest Honey375 g,$11.99ea,,$3.20/ 100g,False,466.0,
snacks,Loacker,Crispy Dark Chocolate Specialty With Cocoa Cream Filling Triple Chocolate,LoackerCrispy Dark Chocolate Specialty With Cocoa Cream Filling Triple Chocolate63 g,$3.99ea,,$6.33/ 100g,False,467.0,
snacks,Mediterranean,Tahini with Cocoa,MediterraneanTahini with Cocoa350 g,$6.49ea,,$1.85/ 100g,False,468.0,
snacks,Cadbury,Dairy Milk Filled Chocolate Eggs Mini,CadburyDairy Milk Filled Chocolate Eggs Mini148 g,$7.99ea,,$5.40/ 100g,False,469.0,
snacks,Buddy Fruits,"All Natural Blended Fruits, Apple and Banana","Buddy FruitsAll Natural Blended Fruits, Apple and Banana4x90.0 g",$3.99ea,,$1.11/ 100g,False,470.0,
snacks,Pepperidge Farm,Goldfish  Flavour Blasted  Wild White Cheddar,Pepperidge FarmGoldfish  Flavour Blasted  Wild White Cheddar180 g,$3.99ea,,$2.22/ 100g,False,471.0,
snacks,Nestle,Smarties Easter Chocolate Chicken,NestleSmarties Easter Chocolate Chicken85 g,$7.49ea,,$8.81/ 100g,False,472.0,
snacks,FERRERO ROCHER,"Fine Hazelnut Milk Chocolate, 3 Individually Wrapped Chocolates","FERRERO ROCHERFine Hazelnut Milk Chocolate, 3 Individually Wrapped Chocolates37.5 g",$1.69ea,,$4.51/ 100g,False,473.0,
snacks,President's Choice,Rosemary Crackers,President's ChoiceRosemary Crackers185 g,$3.79ea,,$2.05/ 100g,False,474.0,
snacks,Pepperidge Farm,Goldfish  Cheddar 22 Pack,Pepperidge FarmGoldfish  Cheddar 22 Pack616 g,$9.99ea,,$1.62/ 100g,False,475.0,
snacks,Kinder,"Bueno Chocolate and Hazelnut Cream Candy Bars, 2 Individually Wrapped Bars Per Pack","KinderBueno Chocolate and Hazelnut Cream Candy Bars, 2 Individually Wrapped Bars Per Pack43 g",$1.39ea,,$3.23/ 100g,False,476.0,
snacks,M&M's,"Peanut Butter Milk Chocolate Candies, Sharing Bag","M&M'sPeanut Butter Milk Chocolate Candies, Sharing Bag115 g",$3.99ea,,$3.47/ 100g,False,477.0,
snacks,Dole,Lots of Cherries in Water,DoleLots of Cherries in Water428 ml,$3.99ea,,$0.93/ 100ml,False,478.0,
snacks,Grace,Green Banana Chips,GraceGreen Banana Chips85 g,$1.49ea,,$1.75/ 100g,False,479.0,
snacks,Ice Breakers,Assorted Gum Mint Berry Bottle,Ice BreakersAssorted Gum Mint Berry Bottle82 g,$5.29ea,,$6.45/ 100g,False,480.0,
snacks,SunRype,Chocolate Macaroon Bites,SunRypeChocolate Macaroon Bites150 g,$3.99ea,,$2.66/ 100g,False,481.0,
snacks,Cadbury,Mini Eggs,CadburyMini Eggs33 g,$1.49ea,,$4.52/ 100g,False,482.0,
snacks,No Name,Mandarin Oranges in Orange Gel,No NameMandarin Oranges in Orange Gel4x123.0 g,$3.29ea,,$0.67/ 100g,False,483.0,
snacks,From Farm To Table,Kettle Chips Barbeque Flavour,From Farm To TableKettle Chips Barbeque Flavour142 g,$3.69ea,,$2.60/ 100g,False,484.0,
snacks,Wrigley,"Strawberry-Flood Flavoured Sugar Free Chewing Gum, 15 Sticks, 1 Pack","WrigleyStrawberry-Flood Flavoured Sugar Free Chewing Gum, 15 Sticks, 1 Pack15 ea",$2.79ea,,$0.19/ 1ea,False,485.0,
snacks,Tate's Bake Shop,Chocolate Chip Flavour Cookies,Tate's Bake ShopChocolate Chip Flavour Cookies198 g,$7.99ea,,$4.04/ 100g,False,486.0,
snacks,Dare,Ultimate Coconut Crème Cookies,DareUltimate Coconut Crème Cookies290 g,$4.29ea,,$1.48/ 100g,False,487.0,
snacks,No Name,Sour Cream & Onion Rings,No NameSour Cream & Onion Rings200 g,$2.29ea,,$1.15/ 100g,False,488.0,
snacks,Parle,Sweet & Salty Crackers The Original,ParleSweet & Salty Crackers The Original60 g,$0.79ea,,$1.32/ 100g,False,489.0,
snacks,President's Choice,Rosemary Crackers,President's ChoiceRosemary Crackers185 g,$3.79ea,,$2.05/ 100g,False,490.0,
snacks,Pepperidge Farm,Goldfish  Cheddar 22 Pack,Pepperidge FarmGoldfish  Cheddar 22 Pack616 g,$9.99ea,,$1.62/ 100g,False,491.0,
snacks,Kinder,"Bueno Chocolate and Hazelnut Cream Candy Bars, 2 Individually Wrapped Bars Per Pack","KinderBueno Chocolate and Hazelnut Cream Candy Bars, 2 Individually Wrapped Bars Per Pack43 g",$1.39ea,,$3.23/ 100g,False,492.0,
snacks,Dole,Lots of Cherries in Water,DoleLots of Cherries in Water428 ml,$3.99ea,,$0.93/ 100ml,False,493.0,
snacks,Nutella,"and Go Snack Packs, Chocolate Hazelnut Spread with Breadsticks","Nutellaand Go Snack Packs, Chocolate Hazelnut Spread with Breadsticks52 g",$1.49ea,,$2.87/ 100g,False,494.0,
snacks,Hershey's,Syrup Delicious Strawberry Flavour,Hershey'sSyrup Delicious Strawberry Flavour472 ml,$5.99ea,,$1.27/ 100ml,False,495.0,
snacks,Christie,Crispers All Dressed Crackers,ChristieCrispers All Dressed Crackers145 g,$3.99ea,,$2.75/ 100g,False,496.0,
snacks,Golden Bonbon,"Almond Nougat, Assorted","Golden BonbonAlmond Nougat, Assorted100 g",$2.99ea,,$2.99/ 100g,False,497.0,
snacks,Lindt,LINDOR White Chocolate Mini Eggs Bag,LindtLINDOR White Chocolate Mini Eggs Bag100 g,$4.99ea,,$4.99/ 100g,False,498.0,
snacks,Shufra,Premier Dark Chocolate,ShufraPremier Dark Chocolate100 g,$2.29ea,,$2.29/ 100g,False,499.0,
snacks,No Name,Ice Cream Cones,No NameIce Cream Cones1 ea,$2.29ea,,$3.05/ 100g,False,500.0,
snacks,Jelly Belly,Kids Mix,Jelly BellyKids Mix100 g,$3.49ea,,$3.49/ 100g,False,501.0,
snacks,Kagi,"Mini Wafer, Dark Chocolate 60%","KagiMini Wafer, Dark Chocolate 60%125 g",$5.49ea,,$4.39/ 100g,False,502.0,
snacks,President's Choice,Biscuits for Cheese ,President's ChoiceBiscuits for Cheese 500 g,$6.99ea,,$1.40/ 100g,False,503.0,
snacks,President's Choice,Extra Butter Flavour Purple Kernel Microwave Popcorn,President's ChoiceExtra Butter Flavour Purple Kernel Microwave Popcorn493 g,$5.49ea,,$1.11/ 100g,False,504.0,
snacks,Covered Bridge,Potato Chips Sea Salt,Covered BridgePotato Chips Sea Salt60 g,$1.99ea,,$3.32/ 100g,False,505.0,
snacks,The Snack Factory,"Pretzel Crisps Gluten Free Minis, Original","The Snack FactoryPretzel Crisps Gluten Free Minis, Original142 g",$5.99ea,,$4.22/ 100g,False,506.0,
snacks,Handfuel,Marcona Almonds Lemon,HandfuelMarcona Almonds Lemon150 g,$6.99ea,,$4.66/ 100g,False,507.0,
snacks,GoGo squeez,Fruit Sauce 16 Pouches,GoGo squeezFruit Sauce 16 Pouches16x90.0 g,$10.99ea,,$0.76/ 100g,False,508.0,
snacks,Mott's,"Fruitsations, Unsweetened Strawberry Kiwi","Mott'sFruitsations, Unsweetened Strawberry Kiwi6x111.0 g",$3.79ea,,$0.57/ 100g,False,509.0,
snacks,Paris Toasts,Rusks,Paris ToastsRusks270 g,$5.49ea,,$2.03/ 100g,False,510.0,
snacks,Werther's,Original Soft Crème Caramel Candy,Werther'sOriginal Soft Crème Caramel Candy128 g,$3.49ea,,$2.73/ 100g,False,511.0,
snacks,Whittaker's,"Chocolate, Milk  Peanut Butter 220 G ","Whittaker'sChocolate, Milk  Peanut Butter 220 G 220 g",$5.99ea,,$2.72/ 100g,False,512.0,
snacks,Nestle,Chunky King Size Bar,NestleChunky King Size Bar85 g,$2.79ea,,$3.28/ 100g,False,513.0,
snacks,Wrigley,"Polar Ice Flavoured Sugar Free Chewing Gum, 60 Pieces, 1 Bottle","WrigleyPolar Ice Flavoured Sugar Free Chewing Gum, 60 Pieces, 1 Bottle83 g",$4.99ea,,$6.01/ 100g,False,514.0,
snacks,Mott's,Fruitsations Pomegranate Flavoured Apple Fruit Snack Unsweetened,Mott'sFruitsations Pomegranate Flavoured Apple Fruit Snack Unsweetened6x111.0 g,$3.79ea,,$0.57/ 100g,False,515.0,
snacks,Rold Gold,Classic Style Tiny Twists Pretzels 295g,Rold GoldClassic Style Tiny Twists Pretzels 295g295 g,$4.79ea,,$1.62/ 100g,False,516.0,
snacks,Vicenzi,Puff Pastry Filled With Milk Cream ,VicenziPuff Pastry Filled With Milk Cream 125 g,$3.99ea,,$3.19/ 100g,False,517.0,
snacks,San Ignacio,Caramel,San IgnacioCaramel450 g,$5.69ea,,$1.26/ 100g,False,518.0,
snacks,Grissol,Melba Toast Original,GrissolMelba Toast Original200 g,$3.89ea,,$1.95/ 100g,False,519.0,
snacks,Snackpack,"Snack Pack, Pudding, Chocolate Fudge","SnackpackSnack Pack, Pudding, Chocolate Fudge4x99.0 g",$3.79ea,,$0.96/ 100g,False,520.0,
snacks,Milano,Mini S Biscuits 6 x 26 g,MilanoMini S Biscuits 6 x 26 g156 g,$3.29ea,,$2.11/ 100g,False,521.0,
snacks,Pepperidge Farm,Monaco Double Chocolate,Pepperidge FarmMonaco Double Chocolate213 g,$4.29ea,,$2.01/ 100g,False,522.0,
snacks,Humpty Dumpty,Cheese Sticks,Humpty DumptyCheese Sticks265 g,$4.99ea,,$1.88/ 100g,False,523.0,
snacks,Wrigley,"Spearmint Flavoured Sugar Free Soft Chew Gum, 15 Pieces, 1 Pack","WrigleySpearmint Flavoured Sugar Free Soft Chew Gum, 15 Pieces, 1 Pack1 ea",$2.79ea,,$2.79/ 1ea,False,524.0,
snacks,Dare,Breton Gluten Free Original with Flax ,DareBreton Gluten Free Original with Flax 135 g,$3.89ea,,$2.88/ 100g,False,525.0,
snacks,Wellness Bites,Crispy Quinoa Brittle ,Wellness BitesCrispy Quinoa Brittle 156 g,$6.49ea,,$4.16/ 100g,False,526.0,
snacks,Keebler,Town House Flatbread Crisps Oven Baked Crackers Italian Herb,KeeblerTown House Flatbread Crisps Oven Baked Crackers Italian Herb269 g,$3.49ea,,$1.30/ 100g,False,527.0,
snacks,Dare,Bear Paws Morning Snack Cereal and Strawberries Cookies,DareBear Paws Morning Snack Cereal and Strawberries Cookies189 g,$4.49ea,,$2.38/ 100g,False,528.0,
snacks,Monde,Eggnog Cookies,MondeEggnog Cookies130 g,$2.19ea,,$1.68/ 100g,False,529.0,
snacks,Dan D Pak,Whiskey Kiss Almonds,Dan D PakWhiskey Kiss Almonds113 g,$2.99ea,,$2.65/ 100g,False,530.0,
snacks,President's Choice,"Milk Chocolate, Toasted Coconut","President's ChoiceMilk Chocolate, Toasted Coconut300 g",$5.99ea,,$2.00/ 100g,False,531.0,
snacks,Exclusive Brands,Seasoned Pretzel Pieces Sour Cream & Chive,Exclusive BrandsSeasoned Pretzel Pieces Sour Cream & Chive56 g,$1.99ea,,$3.55/ 100g,False,532.0,
snacks,Meiji,Giant Hello Panda Chocolate,MeijiGiant Hello Panda Chocolate258 g,$9.69ea,,$3.76/ 100g,False,533.0,
snacks,Cheez-It,Crackers jalapeño Jack Flavour Snack ,Cheez-ItCrackers jalapeño Jack Flavour Snack 213 g,$4.00ea,$3.79ea,$1.78/ 100g,True,534.0,saleEnds 03/22
snacks,Kinder,"Easter Mini Hollow Chocolate Figures, 6X15g","KinderEaster Mini Hollow Chocolate Figures, 6X15g90 g",$4.99ea,,$5.54/ 100g,False,535.0,
snacks,President's Choice,Rich & Chewy Chocolate Chip Granola Bars,President's ChoiceRich & Chewy Chocolate Chip Granola Bars1460 g,$14.99ea,,$1.03/ 100g,False,536.0,
snacks,Kinder,"Surprise Chocolate Egg with Toy, Classic Edition","KinderSurprise Chocolate Egg with Toy, Classic Edition20 g",$1.39ea,,$6.95/ 100g,False,537.0,
snacks,Healthy Crunch,Chocolate Cherry Sundae Trail Mix,Healthy CrunchChocolate Cherry Sundae Trail Mix225 g,$7.99ea,,$3.55/ 100g,False,538.0,
snacks,President's Choice,Sugar Cones ,President's ChoiceSugar Cones 142 g,$2.79ea,,$1.96/ 100g,False,539.0,
snacks,Dare,Bold ‘n Baked Sweet Chili,DareBold ‘n Baked Sweet Chili150 g,$3.89ea,,$2.59/ 100g,False,540.0,
snacks,Cheez-It,Four Cheese Crackers,Cheez-ItFour Cheese Crackers200 g,$3.99ea,,$2.00/ 100g,False,541.0,
snacks,,Unsalted Pistachios,Unsalted Pistachios200 g,$6.99ea,,$3.50/ 100g,False,542.0,
snacks,President's Choice,Garden Vegetable Veggie Snaps,President's ChoiceGarden Vegetable Veggie Snaps180 g,$5.49ea,,$3.05/ 100g,False,543.0,
snacks,President's Choice,Loads Of Cheddar Cheese Crackers,President's ChoiceLoads Of Cheddar Cheese Crackers200 g,$3.79ea,,$1.90/ 100g,False,544.0,
snacks,SunRype,100% Fruit Bar Pack,SunRype100% Fruit Bar Pack444 g,$9.99ea,,$2.25/ 100g,False,545.0,
snacks,Nestle,Coffee Crisp Minis Classic Chocolate Wafer Bars Pouch,NestleCoffee Crisp Minis Classic Chocolate Wafer Bars Pouch180 g,$5.99ea,,$3.33/ 100g,False,546.0,
snacks,PC Blue Menu," Butter Flavour Microwave Popcorn, Mini Bags","PC Blue Menu Butter Flavour Microwave Popcorn, Mini Bags8x32.0 g",$4.99ea,,$1.95/ 100g,False,547.0,
snacks,Hershey's,Syrup Indulgent Caramel Flavour,Hershey'sSyrup Indulgent Caramel Flavour623 g,$5.99ea,,$0.96/ 100g,False,548.0,
snacks,Christie,Premium Plus Salted Crackers,ChristiePremium Plus Salted Crackers900 g,$9.49ea,,$1.05/ 100g,False,549.0,
snacks,Nestle,KitKat Chunky Milk Chocolate Wafer Bar,NestleKitKat Chunky Milk Chocolate Wafer Bar49 g,$1.79ea,,$3.65/ 100g,False,550.0,
snacks,President's Choice,Fibre Chocolate Brownie Bars,President's ChoiceFibre Chocolate Brownie Bars150 g,$4.79ea,,$3.19/ 100g,False,551.0,
snacks,President's Choice,Peanut Butter Cookie Chips,President's ChoicePeanut Butter Cookie Chips170 g,$3.99ea,,$2.35/ 100g,False,552.0,
snacks,Werther's,Original No Sugar Added Caramel Chocolate Hard Candy,Werther'sOriginal No Sugar Added Caramel Chocolate Hard Candy60 g,$3.29ea,,$5.48/ 100g,False,553.0,
snacks,No Name,Mandarin Oranges in Light Syrup,No NameMandarin Oranges in Light Syrup4x107.0 ml,$3.29ea,,$0.77/ 100ml,False,554.0,
snacks,Mott's,"Fruitsations + Veggies, Unsweetened Peach Apple Carrot","Mott'sFruitsations + Veggies, Unsweetened Peach Apple Carrot6x111.0 g",$3.79ea,,$0.57/ 100g,False,555.0,
snacks,S&F,Acacia Honey,S&FAcacia Honey500 ml,$10.99ea,,$2.20/ 100ml,False,556.0,
snacks,Maynards,"Wine Gums, Rolls","MaynardsWine Gums, Rolls44 g",$1.79ea,,$4.07/ 100ea,False,557.0,
snacks,Lindt,LINDOR Caramel Milk Chocolate Mini Eggs Bag,LindtLINDOR Caramel Milk Chocolate Mini Eggs Bag100 g,$4.99ea,,$4.99/ 100g,False,558.0,
snacks,SunRype,Apple Wildberry Carrot 100% Fruit and Veggie Bar,SunRypeApple Wildberry Carrot 100% Fruit and Veggie Bar37 g,$1.29ea,,$3.49/ 100g,False,559.0,
snacks,Reese's,Thins Peanut Butter Cups Dark Chocolate,Reese'sThins Peanut Butter Cups Dark Chocolate165 g,$5.99ea,,$3.63/ 100g,False,560.0,
snacks,President's Choice,Extra Butter Flavour Purple Kernel Microwave Popcorn,President's ChoiceExtra Butter Flavour Purple Kernel Microwave Popcorn822 g,$8.99ea,,$1.09/ 100g,False,561.0,
snacks,Nestle,Coffee Crisp Easter Hide Me Chocolate Eggs,NestleCoffee Crisp Easter Hide Me Chocolate Eggs150 g,$7.49ea,,$4.99/ 100g,False,562.0,
snacks,Snackpack,No Sugar Added Vanilla Pudding,SnackpackNo Sugar Added Vanilla Pudding4x99.0 g,$3.79ea,,$0.96/ 100g,False,563.0,
snacks,Lindt,GOLD BUNNY Milk Chocolate Easter Bunny and Carrots Gift Box,LindtGOLD BUNNY Milk Chocolate Easter Bunny and Carrots Gift Box154 g,$14.99ea,,$9.73/ 100g,False,564.0,
snacks,Mott's,"Fruitsations Apple Sauce, Unsweetened","Mott'sFruitsations Apple Sauce, Unsweetened104 ml",$3.79ea,,$3.64/ 100ml,False,565.0,
snacks,Snackpack,Butterscotch Pudding,SnackpackButterscotch Pudding4x99.0 g,$3.79ea,,$0.96/ 100g,False,566.0,
snacks,Nairn's,Fruit Seed Oat Cracker,Nairn'sFruit Seed Oat Cracker225 g,$4.99ea,,$2.22/ 100g,False,567.0,
snacks,No Name,Fruit Salad with Cherries in Light Syrup,No NameFruit Salad with Cherries in Light Syrup4x107.0 ml,$3.29ea,,$0.77/ 100ml,False,568.0,
snacks,Nestle,Aero Bubbles Milk Chocolate Minis Pouch,NestleAero Bubbles Milk Chocolate Minis Pouch800 g,$13.99ea,,$1.75/ 100g,False,569.0,
snacks,TRIDENT,Splash Strawberry Kiwi Gum,TRIDENTSplash Strawberry Kiwi Gum40 ea,$4.99ea,,$0.12/ 1ea,False,570.0,
snacks,Nestle,TURTLES Minis Classic Recipe,NestleTURTLES Minis Classic Recipe142 g,$5.99ea,,$4.22/ 100g,False,571.0,
snacks,34 Degrees,Toasted Onion Crispbread,34 DegreesToasted Onion Crispbread127 g,$5.99ea,,$4.72/ 100g,False,572.0,
snacks,Pepperidge Farm,Mega Bites Sharp Cheddar,Pepperidge FarmMega Bites Sharp Cheddar167 g,$3.99ea,,$2.39/ 100g,False,573.0,
snacks,Lay's,Dill Pickle flavoured potato chips,Lay'sDill Pickle flavoured potato chips235 g,$4.99ea,,$2.12/ 100g,False,574.0,
snacks,Pepperidge Farm,Flavour Blasted Baked Snack Crackers Xtreme Cheddar 6 Snack Packs,Pepperidge FarmFlavour Blasted Baked Snack Crackers Xtreme Cheddar 6 Snack Packs26 g,$3.99ea,,$15.35/ 100g,False,575.0,
snacks,Lay's,Poppables Honey BBQ Flavoured Potato Snacks,Lay'sPoppables Honey BBQ Flavoured Potato Snacks130 g,$4.99ea,,$3.84/ 100g,False,576.0,
snacks,Lay's,Old Fashioned Bar-B-Q flavoured potato chips,Lay'sOld Fashioned Bar-B-Q flavoured potato chips235 g,$4.99ea,,$2.12/ 100g,False,577.0,
snacks,Covered Bridge,Potato Chips Thick Cut Sea Salt,Covered BridgePotato Chips Thick Cut Sea Salt142 g,$3.99ea,,$2.81/ 100g,False,578.0,
snacks,President's Choice,Dipped & Chewy Chocolate Fudge & Chocolate Chip Granola Bars,President's ChoiceDipped & Chewy Chocolate Fudge & Chocolate Chip Granola Bars618 g,$6.99ea,$5.99ea,$0.97/ 100g,True,579.0,saleEnds 03/15
snacks,President's Choice,Fibre Chocolate Brownie Bars,President's ChoiceFibre Chocolate Brownie Bars150 g,$4.79ea,,$3.19/ 100g,False,580.0,
snacks,Milano,Chocolate  Biscuit    ,MilanoChocolate  Biscuit    200 g,$2.49ea,,$1.25/ 100g,False,581.0,
snacks,Dare,Whippet Black Forest Cookies,DareWhippet Black Forest Cookies285 g,$4.29ea,,$1.51/ 100g,False,582.0,
snacks,Wrigley,"Fruit Flavoured Chewing Gum, 15 Sticks, 3 Pack","WrigleyFruit Flavoured Chewing Gum, 15 Sticks, 3 Pack3 ea",$5.49ea,,$1.83/ 1ea,False,583.0,
snacks,Leclerc,Fruit & Oat Bars Strawberry,LeclercFruit & Oat Bars Strawberry140 g,$3.49ea,$3.29ea,$2.35/ 100g,True,584.0,saleEnds 03/15
snacks,Maynards,Wine Gums Assorted Soft Candy,MaynardsWine Gums Assorted Soft Candy170 g,$2.99ea,,$1.76/ 100g,False,585.0,
snacks,Carnaby Sweet,Mixed Gummies,Carnaby SweetMixed Gummies300 g,$2.99ea,,$1.00/ 100g,False,586.0,
snacks,Katjes,Candy Pink-Edition,KatjesCandy Pink-Edition170 g,$3.49ea,,$2.05/ 100g,False,587.0,
snacks,Martin's Family Fruit Farm,Nothin' But Apple Crispy Apple Chips,Martin's Family Fruit FarmNothin' But Apple Crispy Apple Chips85 g,$3.69ea,,$4.34/ 100g,False,588.0,
snacks,Cadbury,Smooth Chocolate Bar,CadburySmooth Chocolate Bar90 g,$5.99ea,,$6.66/ 100g,False,589.0,
snacks,Terra,Sweets & Beet,TerraSweets & Beet170 g,$6.49ea,,$3.82/ 100g,False,590.0,
snacks,Terra,Exotic Vegetables Chips,TerraExotic Vegetables Chips170 g,$6.49ea,,$3.82/ 100g,False,591.0,
snacks,Nestle,Milk and Dark Chocolate Tablet,NestleMilk and Dark Chocolate Tablet42 g,$1.79ea,,$4.26/ 100g,False,592.0,
snacks,HIPPEAS,Chickpea Puff Snacks Bohemian Barbecue,HIPPEASChickpea Puff Snacks Bohemian Barbecue113 g,$5.99ea,,$5.30/ 100g,False,593.0,
snacks,Cadbury,Jersey Milk Milk Chocolate Chocolate Bar,CadburyJersey Milk Milk Chocolate Chocolate Bar100 g,$2.99ea,,$2.99/ 100g,False,594.0,
snacks,Ritter Sport,Mini Chocolate Mix Assorted Chocolates,Ritter SportMini Chocolate Mix Assorted Chocolates133 g,$5.99ea,,$4.50/ 100g,False,595.0,
snacks,JOLLY RANCHER,Misfits Gummies Candy,JOLLY RANCHERMisfits Gummies Candy355 g,$5.99ea,,$1.69/ 100g,False,596.0,
snacks,Waterbridge,Sour Candy Wine Gums ,WaterbridgeSour Candy Wine Gums 200 g,$4.49ea,,$2.25/ 100g,False,597.0,
snacks,Hershey's,"Chocolate, Milk  with Almonds","Hershey'sChocolate, Milk  with Almonds100 g",$2.99ea,,$2.99/ 100g,False,598.0,
snacks,President's Choice,Milk Chocolate Cashews,President's ChoiceMilk Chocolate Cashews250 g,$5.99ea,,$2.40/ 100g,False,599.0,
snacks,Jack Links,Turkey Snacksticks Sausage Snacks,Jack LinksTurkey Snacksticks Sausage Snacks1 ea,$9.99ea,,$9.99/ 1ea,False,600.0,
snacks,Peace By Chocolate,With Milk Chocolate,Peace By ChocolateWith Milk Chocolate46 g,$3.99ea,,$8.67/ 100g,False,601.0,
snacks,Lindt,Vegan Original Chocolate Bar,LindtVegan Original Chocolate Bar100 g,$6.49ea,,$6.49/ 100g,False,602.0,
snacks,President's Choice,Milk Chocolate Bar,President's ChoiceMilk Chocolate Bar300 g,$5.99ea,,$2.00/ 100g,False,603.0,
snacks,Ritter Sport,Mini Chocolate Nut Selection Assorted Chocolates,Ritter SportMini Chocolate Nut Selection Assorted Chocolates116 g,$5.99ea,,$5.16/ 100g,False,604.0,
snacks,Caramilk,Minis Chocolate Bar-Minis,CaramilkMinis Chocolate Bar-Minis147 g,$5.99ea,,$4.07/ 100g,False,605.0,
snacks,Lindt,SWISS CLASSIC Almond Milk Chocolate Bar,LindtSWISS CLASSIC Almond Milk Chocolate Bar100 g,$3.99ea,,$3.99/ 100g,False,606.0,
snacks,Pringles,Pizza Flavour Potato Chips,PringlesPizza Flavour Potato Chips156 g,$3.29ea,,$2.11/ 100g,False,607.0,
snacks,Maynards,Sour Patch Kids Grape Soft Candy,MaynardsSour Patch Kids Grape Soft Candy185 g,$2.99ea,,$1.62/ 100g,False,608.0,
snacks,Excel,"Strong Mint Flavoured Sugar Free Chewing Gum, 18 Pieces, 3 Packs","ExcelStrong Mint Flavoured Sugar Free Chewing Gum, 18 Pieces, 3 Packs77 g",$4.99ea,,$6.48/ 100g,False,609.0,
snacks,Nestle,Kitkat Gooey Salted Caramel Bar,NestleKitkat Gooey Salted Caramel Bar112 g,$2.99ea,,$2.67/ 100g,False,610.0,
snacks,Hardbite,"Handcrafted-Style Chips, BBQ Sweet Potato Chips","HardbiteHandcrafted-Style Chips, BBQ Sweet Potato Chips150 g",$5.99ea,,$3.99/ 100g,False,611.0,
snacks,Lindt,SWISS CLASSIC Gold Hazelnut Milk Chocolate Bar,LindtSWISS CLASSIC Gold Hazelnut Milk Chocolate Bar300 g,$9.99ea,,$3.33/ 100g,False,612.0,
snacks,Garden,"Cream Wafers, Chocolate Flavour","GardenCream Wafers, Chocolate Flavour200 g",$2.39ea,,$1.20/ 100g,False,613.0,
snacks,Merci,"Chocolate, Dark Orange-Almond  Bar, 100G  ","MerciChocolate, Dark Orange-Almond  Bar, 100G  100 g",$3.49ea,,$3.49/ 100g,False,614.0,
snacks,Garden,"Cream Wafers, Strawberry Flavour","GardenCream Wafers, Strawberry Flavour200 g",$2.39ea,,$1.20/ 100g,False,615.0,
snacks,Dare,Realfruit Medley,DareRealfruit Medley1 kg,$10.99ea,$9.99ea,$1.00/ 100g,True,616.0,saleEnds 03/22
snacks,Jelly Belly,Kids Mix,Jelly BellyKids Mix100 g,$3.49ea,,$3.49/ 100g,False,617.0,
snacks,President's Choice,Peanut Butter Cookie Chips,President's ChoicePeanut Butter Cookie Chips170 g,$3.99ea,,$2.35/ 100g,False,618.0,
snacks,Werther's,Original No Sugar Added Caramel Chocolate Hard Candy,Werther'sOriginal No Sugar Added Caramel Chocolate Hard Candy60 g,$3.29ea,,$5.48/ 100g,False,619.0,
snacks,No Name,Mandarin Oranges in Light Syrup,No NameMandarin Oranges in Light Syrup4x107.0 ml,$3.29ea,,$0.77/ 100ml,False,620.0,
snacks,Nature Valley,Lunchbox Caramel Chocolate Granola Bar,Nature ValleyLunchbox Caramel Chocolate Granola Bar130 g,$3.99ea,,$3.07/ 100g,False,621.0,
snacks,Werther's,Original Caramel Hard Candy,Werther'sOriginal Caramel Hard Candy135 g,$3.49ea,,$2.59/ 100g,False,622.0,
snacks,Christie,Chips Ahoy! Rainbow Cookies,ChristieChips Ahoy! Rainbow Cookies457 g,$5.99ea,$5.79ea,$1.27/ 100g,True,623.0,saleEnds 03/15
snacks,Betty Crocker,Paw Patrol Special Edition Fruit Flavoured Snacks,Betty CrockerPaw Patrol Special Edition Fruit Flavoured Snacks226 g,$3.99ea,,$1.77/ 100g,False,624.0,
snacks,McSweeneys,Honey Garlic L'il Peps,McSweeneysHoney Garlic L'il Peps150 g,$6.99ea,,$4.66/ 100g,False,625.0,
snacks,Cadbury,Cadbury Chocolate Premium Dark Chocolate Bar,CadburyCadbury Chocolate Premium Dark Chocolate Bar100 g,$2.99ea,,$2.99/ 100g,False,626.0,
snacks,Wrigley,"Peppermint-Cobalt Flavoured Sugar Free Chewing Gum, 15 Sticks, 3 Packs","WrigleyPeppermint-Cobalt Flavoured Sugar Free Chewing Gum, 15 Sticks, 3 Packs3 ea",$5.99ea,,$2.00/ 1ea,False,627.0,
snacks,Peek Freans,Fruit Creme Biscuits,Peek FreansFruit Creme Biscuits300 g,$4.99ea,,$1.66/ 100g,False,628.0,
snacks,Cadbury,Dairy Milk Milk Chocolate Chocolate Bar,CadburyDairy Milk Milk Chocolate Chocolate Bar100 g,$2.99ea,,$2.99/ 100g,False,629.0,
snacks,Christie,Dads Oatmeal Chocolate Chip Cookies,ChristieDads Oatmeal Chocolate Chip Cookies305 g,$4.79ea,,$1.57/ 100g,False,630.0,
snacks,President's Choice,Unsalted Peanuts,President's ChoiceUnsalted Peanuts700 g,$6.99ea,,$1.00/ 100g,False,631.0,
snacks,Hi-Chew,Mango Chewy Candy,Hi-ChewMango Chewy Candy58 g,$1.89ea,,$3.26/ 100g,False,632.0,
snacks,bare,Cinnamon Apple Chips 96g,bareCinnamon Apple Chips 96g96 g,$6.99ea,,$7.28/ 100g,False,633.0,
snacks,Hershey's,Cookie N Cream Dipper Pretzel,Hershey'sCookie N Cream Dipper Pretzel170 g,$5.99ea,,$3.52/ 100g,False,634.0,
snacks,Enjoy Life,Lentil Chips Salt And Vinegar,Enjoy LifeLentil Chips Salt And Vinegar113 g,$4.99ea,$4.49ea,$3.97/ 100g,True,635.0,saleEnds 03/15
snacks,Hershey's,Chocolate Mini Pouch,Hershey'sChocolate Mini Pouch191 g,$5.99ea,,$3.14/ 100g,False,636.0,
snacks,No Name,Fudge-Covered Graham Cookies,No NameFudge-Covered Graham Cookies350 g,$3.99ea,,$1.14/ 100g,False,637.0,
snacks,Christie,Chips Ahoy! Original Cookies,ChristieChips Ahoy! Original Cookies460 g,$5.99ea,$5.79ea,$1.26/ 100g,True,638.0,saleEnds 03/15
snacks,Dentyne,Fire Cinnamon Gum,DentyneFire Cinnamon Gum4 ea,$4.99ea,,$1.25/ 1ea,False,639.0,
snacks,Nature Valley,Biscuits with Peanut Butter,Nature ValleyBiscuits with Peanut Butter190 g,$4.49ea,,$2.36/ 100g,False,640.0,
snacks,Merci,"Chocolate, Coffee & Cream Chocoalte Bar, 100G ","MerciChocolate, Coffee & Cream Chocoalte Bar, 100G 100 g",$3.49ea,,$3.49/ 100g,False,641.0,
snacks,Loacker,"Wafer, Vanilla","LoackerWafer, Vanilla175 g",$3.99ea,,$2.28/ 100g,False,642.0,
snacks,Jack Links,"Beef Jerky, Jalapeno","Jack LinksBeef Jerky, Jalapeno80 g",$6.99ea,,$8.74/ 100g,False,643.0,
snacks,Hershey's,Reese'S Pieces With Chocolate Cookie Candy,Hershey'sReese'S Pieces With Chocolate Cookie Candy170 g,$5.99ea,,$3.52/ 100g,False,644.0,
snacks,Lindt,Vegan Hazelnut Chocolate Bar,LindtVegan Hazelnut Chocolate Bar100 g,$6.49ea,,$6.49/ 100g,False,645.0,
snacks,Mentos,"Gum,  Fresh Mint with Green Tea Extract","MentosGum,  Fresh Mint with Green Tea Extract50 ea",$4.29ea,,$0.09/ 1ea,False,646.0,
snacks,Christie,Dads Oatmeal Cookies,ChristieDads Oatmeal Cookies520 g,$5.99ea,,$1.15/ 100g,False,647.0,
snacks,Kettle,Krinkle Cut Potato Chips Habanero Lime,KettleKrinkle Cut Potato Chips Habanero Lime198 g,$4.99ea,,$2.52/ 100g,False,648.0,
snacks,President's Choice,Sweet Chili Purple Kernel Corn Crisps,President's ChoiceSweet Chili Purple Kernel Corn Crisps110 g,$2.79ea,,$2.54/ 100g,False,649.0,
snacks,Excel,"Spearmint Flavoured Sugar Free Chewing Gum, 18 Pieces, 3 Packs","ExcelSpearmint Flavoured Sugar Free Chewing Gum, 18 Pieces, 3 Packs77 g",$4.99ea,,$6.48/ 100g,False,650.0,
snacks,Tostitos,Simply Yellow Corn Tortilla Chips 240g,TostitosSimply Yellow Corn Tortilla Chips 240g240 g,$5.99ea,,$2.50/ 100g,False,651.0,
snacks,Toffifee,Imported Box Chocolate,ToffifeeImported Box Chocolate123 g,$3.99ea,,$3.24/ 100g,False,652.0,
snacks,Mr. Cookies,Mr. Mini Vanilla Flavoured Cookies with Chocolate Drizzle,Mr. CookiesMr. Mini Vanilla Flavoured Cookies with Chocolate Drizzle150 g,$2.99ea,,$1.99/ 100g,False,653.0,
snacks,President's Choice,Milk Chocolate Covered Peanuts,President's ChoiceMilk Chocolate Covered Peanuts400 g,$5.99ea,,$1.50/ 100g,False,654.0,
snacks,Christie,Oreo Mega Stuff Cookies,ChristieOreo Mega Stuff Cookies374 g,$5.99ea,$5.79ea,$1.55/ 100g,True,655.0,saleEnds 03/15
snacks,Nature Valley,Lunchbox - Double Chocolate Flavour,Nature ValleyLunchbox - Double Chocolate Flavour130 g,$3.99ea,,$3.07/ 100g,False,656.0,
snacks,Nature Valley,Sweet & Salty Peanut,Nature ValleySweet & Salty Peanut525 g,$7.99ea,$6.99ea,$1.33/ 100g,True,657.0,saleEnds 03/15
snacks,No Name,Seasoned Dry Roasted Peanuts,No NameSeasoned Dry Roasted Peanuts650 g,$4.99ea,,$0.77/ 100g,False,658.0,
snacks,No Name,Dark Chocolate with Almonds,No NameDark Chocolate with Almonds100 g,$1.49ea,,$1.49/ 100g,False,659.0,
snacks,Nature Valley,Wafer Peanut Butter Chocolate,Nature ValleyWafer Peanut Butter Chocolate184 g,$5.49ea,,$2.98/ 100g,False,660.0,
snacks,Quaker,"Harvest Granola Bars, Yogurt  Strawberry","QuakerHarvest Granola Bars, Yogurt  Strawberry175 g",$4.79ea,,$2.74/ 100g,False,661.0,
snacks,Planters,"Cashews, Roasted & Salted","PlantersCashews, Roasted & Salted200 g",$4.49ea,,$2.25/ 100g,False,662.0,
snacks,Skittles,"Wild Berry Gummy Candy, Bag","SkittlesWild Berry Gummy Candy, Bag165 g",$3.79ea,,$2.30/ 100g,False,663.0,
snacks,Kopiko,Candy Coffee,KopikoCandy Coffee120 g,$1.79ea,,$1.49/ 100g,False,664.0,
snacks,Christie,Chips Ahoy! Chewy Cookies,ChristieChips Ahoy! Chewy Cookies453 g,$5.99ea,$5.79ea,$1.28/ 100g,True,665.0,saleEnds 03/15
snacks,Nature Valley,Sweet & Salty Dark Chocolate Nut Chewy Granola Bars,Nature ValleySweet & Salty Dark Chocolate Nut Chewy Granola Bars210 g,$4.49ea,,$2.14/ 100g,False,666.0,
snacks,Nestle,Aero Truffle Nanaimo Pouch,NestleAero Truffle Nanaimo Pouch135 g,$5.99ea,,$4.44/ 100g,False,667.0,
snacks,Paqui,Jalapeno Tropicale Tortilla Chips,PaquiJalapeno Tropicale Tortilla Chips155 g,$4.50ea,$3.99ea,$2.57/ 100g,True,668.0,saleEnds 03/15
snacks,Mott's,Fruitsations + Veggie Assorted Fruit,Mott'sFruitsations + Veggie Assorted Fruit226 g,$3.99ea,,$1.77/ 100g,False,669.0,
snacks,Quaker,Crispy Minis Original Large Brown Rice Cakes,QuakerCrispy Minis Original Large Brown Rice Cakes127 g,$3.99ea,,$3.14/ 100g,False,670.0,
snacks,No Name,Original Trail Mix,No NameOriginal Trail Mix1 kg,$10.99ea,,$1.10/ 100g,False,671.0,
snacks,Nestle, Quality Street Share Bag,Nestle Quality Street Share Bag190 g,$7.49ea,,$3.94/ 100g,False,672.0,
snacks,Hershey's,"Chocolate, Milk  with Almonds","Hershey'sChocolate, Milk  with Almonds100 g",$2.99ea,,$2.99/ 100g,False,673.0,
snacks,President's Choice,Milk Chocolate Cashews,President's ChoiceMilk Chocolate Cashews250 g,$5.99ea,,$2.40/ 100g,False,674.0,
snacks,Jack Links,Turkey Snacksticks Sausage Snacks,Jack LinksTurkey Snacksticks Sausage Snacks1 ea,$9.99ea,,$9.99/ 1ea,False,675.0,
snacks,Peace By Chocolate,With Milk Chocolate,Peace By ChocolateWith Milk Chocolate46 g,$3.99ea,,$8.67/ 100g,False,676.0,
snacks,Lindt,Vegan Original Chocolate Bar,LindtVegan Original Chocolate Bar100 g,$6.49ea,,$6.49/ 100g,False,677.0,
snacks,President's Choice,Milk Chocolate Bar,President's ChoiceMilk Chocolate Bar300 g,$5.99ea,,$2.00/ 100g,False,678.0,
snacks,Ritter Sport,Mini Chocolate Nut Selection Assorted Chocolates,Ritter SportMini Chocolate Nut Selection Assorted Chocolates116 g,$5.99ea,,$5.16/ 100g,False,679.0,
snacks,Caramilk,Minis Chocolate Bar-Minis,CaramilkMinis Chocolate Bar-Minis147 g,$5.99ea,,$4.07/ 100g,False,680.0,
snacks,Lindt,SWISS CLASSIC Almond Milk Chocolate Bar,LindtSWISS CLASSIC Almond Milk Chocolate Bar100 g,$3.99ea,,$3.99/ 100g,False,681.0,
snacks,Pringles,Pizza Flavour Potato Chips,PringlesPizza Flavour Potato Chips156 g,$3.29ea,,$2.11/ 100g,False,682.0,
snacks,Maynards,Sour Patch Kids Grape Soft Candy,MaynardsSour Patch Kids Grape Soft Candy185 g,$2.99ea,,$1.62/ 100g,False,683.0,
snacks,Excel,"Strong Mint Flavoured Sugar Free Chewing Gum, 18 Pieces, 3 Packs","ExcelStrong Mint Flavoured Sugar Free Chewing Gum, 18 Pieces, 3 Packs77 g",$4.99ea,,$6.48/ 100g,False,684.0,
snacks,Nestle,Kitkat Gooey Salted Caramel Bar,NestleKitkat Gooey Salted Caramel Bar112 g,$2.99ea,,$2.67/ 100g,False,685.0,
snacks,Hardbite,"Handcrafted-Style Chips, BBQ Sweet Potato Chips","HardbiteHandcrafted-Style Chips, BBQ Sweet Potato Chips150 g",$5.99ea,,$3.99/ 100g,False,686.0,
snacks,Cadbury,Jersey Milk Milk Chocolate Chocolate Bar,CadburyJersey Milk Milk Chocolate Chocolate Bar100 g,$2.99ea,,$2.99/ 100g,False,687.0,
snacks,Ritter Sport,Mini Chocolate Mix Assorted Chocolates,Ritter SportMini Chocolate Mix Assorted Chocolates133 g,$5.99ea,,$4.50/ 100g,False,688.0,
snacks,Waterbridge,Sour Candy Wine Gums ,WaterbridgeSour Candy Wine Gums 200 g,$4.49ea,,$2.25/ 100g,False,689.0,
snacks,Harvest Snaps,"Snapea Crisps, Wasabi Ranch","Harvest SnapsSnapea Crisps, Wasabi Ranch93 g",$3.79ea,,$4.08/ 100g,False,690.0,
snacks,Lindt,EXCELLENCE Roasted Almond Dark Chocolate Bar,LindtEXCELLENCE Roasted Almond Dark Chocolate Bar100 g,$4.29ea,,$4.29/ 100g,False,691.0,
snacks,Leclerc,Celebration 45% Chocolate Butter Cake,LeclercCelebration 45% Chocolate Butter Cake240 g,$4.49ea,,$1.87/ 100g,False,692.0,
snacks,President's Choice,Dry-Roasted Jumbo Pistachios,President's ChoiceDry-Roasted Jumbo Pistachios290 g,$9.99ea,,$3.44/ 100g,False,693.0,
snacks,Werther's,Original Creamy Caramel Filled Hard Candy,Werther'sOriginal Creamy Caramel Filled Hard Candy135 g,$3.49ea,,$2.59/ 100g,False,694.0,
snacks,Dare,Wagon Wheels Original Cookies,DareWagon Wheels Original Cookies630 g,$5.49ea,$5.29ea,$0.84/ 100g,True,695.0,saleEnds 03/22
snacks,Terra,Sour Cream & Onion,TerraSour Cream & Onion141 g,$6.49ea,,$4.60/ 100g,False,696.0,
snacks,Quaker,Chewy Granola Cereal Or Fruit Bars Strawberry Fruit Crumble,QuakerChewy Granola Cereal Or Fruit Bars Strawberry Fruit Crumble120 g,$3.49ea,,$2.91/ 100g,False,697.0,
snacks,Christie,Golden Oreo Thins,ChristieGolden Oreo Thins287 g,$4.29ea,,$1.49/ 100g,False,698.0,
snacks,Siete,Nacho Grain Freetortilla,SieteNacho Grain Freetortilla142 g,$6.49ea,$5.49ea,$3.87/ 100g,True,699.0,saleEnds 03/15
snacks,Freeyumm,Pizza Cracker Bites,FreeyummPizza Cracker Bites120 g,$5.49ea,,$4.58/ 100g,False,700.0,
snacks,Nestle,"Rolo Mini, Reclosable Pack","NestleRolo Mini, Reclosable Pack203 g",$5.99ea,,$2.95/ 100g,False,701.0,
snacks,Kelloggs,"Special K Fruit Crisps, Strawberry Flavour, 10 Bars","KelloggsSpecial K Fruit Crisps, Strawberry Flavour, 10 Bars125 g",$4.49ea,,$3.59/ 100g,False,702.0,
snacks,Nature Valley,Trail Mix - Coconut Dark Chocolate,Nature ValleyTrail Mix - Coconut Dark Chocolate160 g,$3.99ea,,$2.49/ 100g,False,703.0,
snacks,Kelloggs,"Nutri-Grain Cereal Bars, Mixed Berry 8 Bars","KelloggsNutri-Grain Cereal Bars, Mixed Berry 8 Bars295 g",$4.49ea,,$1.52/ 100g,False,704.0,
snacks,Mars,"Peanut Free Chocolate Candy Bites, Sharing Bag","MarsPeanut Free Chocolate Candy Bites, Sharing Bag400 g",$9.99ea,,$2.50/ 100g,False,705.0,
snacks,Haldiram,Indian Snacks Pani Puri Water Balls,HaldiramIndian Snacks Pani Puri Water Balls275 g,$6.49ea,,$2.36/ 100g,False,706.0,
snacks,President's Choice,The World's Best Shortbread Cookies,President's ChoiceThe World's Best Shortbread Cookies200 g,$4.99ea,,$2.50/ 100g,False,707.0,
snacks,Popchips,Fully Loaded Natural Flavour Original Popped Potato Snack,PopchipsFully Loaded Natural Flavour Original Popped Potato Snack142 g,$3.99ea,,$2.81/ 100g,False,708.0,
snacks,Nature Valley,"Crunchy Granola Bars, Roasted Almond","Nature ValleyCrunchy Granola Bars, Roasted Almond230 g",$3.99ea,,$1.73/ 100g,False,709.0,
snacks,Lindt,SWISS CLASSIC Gold Milk Chocolate Bar,LindtSWISS CLASSIC Gold Milk Chocolate Bar300 g,$9.99ea,,$3.33/ 100g,False,710.0,
snacks,Freeyumm,Cheezy Cracker Bites,FreeyummCheezy Cracker Bites120 g,$5.49ea,,$4.58/ 100g,False,711.0,
snacks,Twizzler,Strawberry Twists Candy,TwizzlerStrawberry Twists Candy454 g,$3.99ea,,$0.88/ 100g,False,712.0,
snacks,Leclerc,Go Pure Oatmeal Bars Brown Sugar & Maple,LeclercGo Pure Oatmeal Bars Brown Sugar & Maple5x175.0 g,$3.29ea,,$0.38/ 100g,False,713.0,
snacks,Nestle,KitKat Snack Size,NestleKitKat Snack Size112 g,$2.99ea,,$2.67/ 100g,False,714.0,
snacks,Christie,Oreo Snak Pak Cookies,ChristieOreo Snak Pak Cookies180 g,$3.99ea,,$2.22/ 100g,False,715.0,
snacks,Peek Freans,Shortcake Biscuits,Peek FreansShortcake Biscuits350 g,$4.99ea,,$1.43/ 100g,False,716.0,
snacks,Kinder,"Surprise Chocolate Eggs with Toys, Pink Edition, 3 Pack","KinderSurprise Chocolate Eggs with Toys, Pink Edition, 3 Pack60 g",$4.29ea,,$7.15/ 100g,False,717.0,
snacks,President's Choice,Shortbread Fingers,President's ChoiceShortbread Fingers150 g,$3.79ea,,$2.53/ 100g,False,718.0,
snacks,Excel,"Bubblemint Flavoured Sugar Free Chewing Gum, 18 Pieces, 3 Packs","ExcelBubblemint Flavoured Sugar Free Chewing Gum, 18 Pieces, 3 Packs77 g",$4.99ea,,$6.48/ 100g,False,719.0,
snacks,Wrigley,"Fresh Mint Flavoured Mints, 4 Packs","WrigleyFresh Mint Flavoured Mints, 4 Packs4 ea",$4.99ea,,$1.25/ 1ea,False,720.0,
snacks,Dare,Bear Paws Minis Confetti Brownie Cookies,DareBear Paws Minis Confetti Brownie Cookies210 g,$4.49ea,,$2.14/ 100g,False,721.0,
snacks,Doritos,Jalapeno & Cheddar Chips,DoritosJalapeno & Cheddar Chips235 g,$5.49ea,,$2.34/ 100g,False,722.0,
snacks,Ritter Sport,"Chocolate, Milk with Butter Biscuit & Cocoa Crème","Ritter SportChocolate, Milk with Butter Biscuit & Cocoa Crème100 g",$2.99ea,,$2.99/ 100g,False,723.0,
snacks,President's Choice,Mixed Berry Cereal Bars,President's ChoiceMixed Berry Cereal Bars300 g,$3.99ea,,$1.33/ 100g,False,724.0,
snacks,Darrell Lea,Soft Australian Liquorice Mixed Fruit Flavored,Darrell LeaSoft Australian Liquorice Mixed Fruit Flavored200 g,$3.99ea,,$2.00/ 100g,False,725.0,
snacks,Quaker,Chewy Smores Bar   ,QuakerChewy Smores Bar   960 g,$13.99ea,$11.99ea,$1.25/ 100g,True,726.0,saleEnds 03/15
snacks,Doritos,Sweet Chili Heat! flavoured tortilla chips,DoritosSweet Chili Heat! flavoured tortilla chips235 g,$5.49ea,,$2.34/ 100g,False,727.0,
snacks,President's Choice,Almond & Coconut Protein Granola Bars,President's ChoiceAlmond & Coconut Protein Granola Bars148 g,$3.99ea,,$2.70/ 100g,False,728.0,
snacks,TRIDENT,Splash Strawberry Kiwi,TRIDENTSplash Strawberry Kiwi3 pack,$4.99ea,,$1.66/ 1pk,False,729.0,
snacks,Arnott's,"Tim Tam Biscuits, Original","Arnott'sTim Tam Biscuits, Original200 g",$4.49ea,,$2.25/ 100g,False,730.0,
snacks,Starburst,Gummies Original     ,StarburstGummies Original     164 g,$3.79ea,,$2.31/ 100g,False,731.0,
snacks,Kuehne,Sauerkraut,KuehneSauerkraut796 ml,$4.49ea,,$0.56/ 100ml,False,732.0,
snacks,Dare,Realfruit Sours,DareRealfruit Sours350 g,$3.79ea,,$1.08/ 100g,False,733.0,
snacks,Terra,Exotic Vegetable Chips Plantains Sea Salt,TerraExotic Vegetable Chips Plantains Sea Salt141 g,$6.49ea,,$4.60/ 100g,False,734.0,
snacks,Que Pasa,Organic Grain Free Sea Salt Tortilla Chips,Que PasaOrganic Grain Free Sea Salt Tortilla Chips142 g,$6.29ea,,$4.43/ 100g,False,735.0,
snacks,Dare,Realjuicee Jumbo Gums,DareRealjuicee Jumbo Gums818 g,$4.99ea,$4.49ea,$0.55/ 100g,True,736.0,saleEnds 03/22
snacks,Dare,Ultimate Maple Crème Cookies,DareUltimate Maple Crème Cookies300 g,$4.29ea,,$1.43/ 100g,False,737.0,
snacks,Loacker,"Gran Pasticceria, Dark Hazelnut","LoackerGran Pasticceria, Dark Hazelnut100 g",$4.49ea,,$4.49/ 100g,False,738.0,
snacks,Blue Diamond,"Almonds, Smokehouse","Blue DiamondAlmonds, Smokehouse170 g",$6.99ea,,$4.11/ 100g,False,739.0,
snacks,Werther's,Original Caramel Hard Candy,Werther'sOriginal Caramel Hard Candy135 g,$3.49ea,,$2.59/ 100g,False,740.0,
snacks,Christie,Chips Ahoy! Rainbow Cookies,ChristieChips Ahoy! Rainbow Cookies457 g,$5.99ea,$5.79ea,$1.27/ 100g,True,741.0,saleEnds 03/15
snacks,Nature Valley,Lunchbox Caramel Chocolate Granola Bar,Nature ValleyLunchbox Caramel Chocolate Granola Bar130 g,$3.99ea,,$3.07/ 100g,False,742.0,
snacks,President's Choice,Raisins Almonds Cashews Cranberries Trail Mix,President's ChoiceRaisins Almonds Cashews Cranberries Trail Mix700 g,$14.99ea,,$2.14/ 100g,False,743.0,
snacks,Kozy Shack,Rice Pudding Tubs,Kozy ShackRice Pudding Tubs624 g,$4.49ea,,$0.72/ 100g,False,744.0,
snacks,President's Choice,Creme Filled Salted Caramel Sandwich Cookies,President's ChoiceCreme Filled Salted Caramel Sandwich Cookies300 g,$3.99ea,,$1.33/ 100g,False,745.0,
snacks,Three Farmers,Fava Beans Roasted Jalapeño Lime,Three FarmersFava Beans Roasted Jalapeño Lime140 g,$4.99ea,$3.99ea,$2.85/ 100g,True,746.0,saleEnds 03/15
snacks,President's Choice,Peanut Free Apple Cereal Bars,President's ChoicePeanut Free Apple Cereal Bars300 g,$3.99ea,,$1.33/ 100g,False,747.0,
snacks,Nature Valley,Wafer Peanut Butter Chocolate,Nature ValleyWafer Peanut Butter Chocolate184 g,$5.49ea,,$2.98/ 100g,False,748.0,
snacks,Quaker,"Harvest Granola Bars, Yogurt  Strawberry","QuakerHarvest Granola Bars, Yogurt  Strawberry175 g",$4.79ea,,$2.74/ 100g,False,749.0,
snacks,Planters,"Cashews, Roasted & Salted","PlantersCashews, Roasted & Salted200 g",$4.49ea,,$2.25/ 100g,False,750.0,
snacks,Skittles,"Wild Berry Gummy Candy, Bag","SkittlesWild Berry Gummy Candy, Bag165 g",$3.79ea,,$2.30/ 100g,False,751.0,
snacks,Kopiko,Candy Coffee,KopikoCandy Coffee120 g,$1.79ea,,$1.49/ 100g,False,752.0,
snacks,Christie,Chips Ahoy! Chewy Cookies,ChristieChips Ahoy! Chewy Cookies453 g,$5.99ea,$5.79ea,$1.28/ 100g,True,753.0,saleEnds 03/15
snacks,Nature Valley,Sweet & Salty Dark Chocolate Nut Chewy Granola Bars,Nature ValleySweet & Salty Dark Chocolate Nut Chewy Granola Bars210 g,$4.49ea,,$2.14/ 100g,False,754.0,
snacks,Nestle,Aero Truffle Nanaimo Pouch,NestleAero Truffle Nanaimo Pouch135 g,$5.99ea,,$4.44/ 100g,False,755.0,
snacks,Paqui,Jalapeno Tropicale Tortilla Chips,PaquiJalapeno Tropicale Tortilla Chips155 g,$4.50ea,$3.99ea,$2.57/ 100g,True,756.0,saleEnds 03/15
snacks,Mott's,Fruitsations + Veggie Assorted Fruit,Mott'sFruitsations + Veggie Assorted Fruit226 g,$3.99ea,,$1.77/ 100g,False,757.0,
snacks,Quaker,Crispy Minis Original Large Brown Rice Cakes,QuakerCrispy Minis Original Large Brown Rice Cakes127 g,$3.99ea,,$3.14/ 100g,False,758.0,
snacks,No Name,Original Trail Mix,No NameOriginal Trail Mix1 kg,$10.99ea,,$1.10/ 100g,False,759.0,
snacks,Lay's,Chicken And Tomato Flavoured Potato Chips,Lay'sChicken And Tomato Flavoured Potato Chips165 g,$3.49ea,,$2.12/ 100g,False,760.0,
snacks,Munchies,Original Snack Mix 415g,MunchiesOriginal Snack Mix 415g415 g,$6.49ea,,$1.56/ 100g,False,761.0,
snacks,Ruffles,Double Crunch Ketchup Flavoured Potato Chips,RufflesDouble Crunch Ketchup Flavoured Potato Chips180 g,$4.99ea,,$2.77/ 100g,False,762.0,
snacks,Miss Vickies,Unsalted kettle cooked potato chips 200g,Miss VickiesUnsalted kettle cooked potato chips 200g200 g,$5.49ea,,$2.75/ 100g,False,763.0,
snacks,Maynards,Swedish Berries Tropical Soft Candy,MaynardsSwedish Berries Tropical Soft Candy185 g,$2.99ea,,$1.62/ 100g,False,764.0,
snacks,No Name,Spicy Barbecue Potato Chips ,No NameSpicy Barbecue Potato Chips 200 g,$2.99ea,,$1.50/ 100g,False,765.0,
snacks,No Name,All Dressed Potato Chips,No NameAll Dressed Potato Chips200 g,$2.99ea,,$1.50/ 100g,False,766.0,
snacks,Lay's,Old Fashioned Bar-B-Q flavoured potato chips,Lay'sOld Fashioned Bar-B-Q flavoured potato chips235 g,$4.99ea,,$2.12/ 100g,False,767.0,
snacks,President's Choice,Sea Salt Garden Stix,President's ChoiceSea Salt Garden Stix142 g,$3.29ea,,$2.32/ 100g,False,768.0,
snacks,Merci,"Chocolate, Dark Orange-Almond  Bar, 100G  ","MerciChocolate, Dark Orange-Almond  Bar, 100G  100 g",$3.49ea,,$3.49/ 100g,False,769.0,
snacks,Garden,"Cream Wafers, Strawberry Flavour","GardenCream Wafers, Strawberry Flavour200 g",$2.39ea,,$1.20/ 100g,False,770.0,
snacks,Dare,Realfruit Medley,DareRealfruit Medley1 kg,$10.99ea,$9.99ea,$1.00/ 100g,True,771.0,saleEnds 03/22
snacks,Pepperidge Farm,Cheddar Jack'D Baked Snack Crackers,Pepperidge FarmCheddar Jack'D Baked Snack Crackers180 g,$3.99ea,,$2.22/ 100g,False,772.0,
snacks,Nestle,Crunch Chocolate Bar,NestleCrunch Chocolate Bar100 g,$2.99ea,,$2.99/ 100g,False,773.0,
snacks,Lay's,Salt & Vinegar flavoured potato chips,Lay'sSalt & Vinegar flavoured potato chips235 g,$4.99ea,,$2.12/ 100g,False,774.0,
snacks,Lay's,Sour Cream & Onion flavoured potato chips,Lay'sSour Cream & Onion flavoured potato chips235 g,$4.99ea,,$2.12/ 100g,False,775.0,
snacks,JOLLY RANCHER,Misfits Gummies Candy,JOLLY RANCHERMisfits Gummies Candy355 g,$5.99ea,,$1.69/ 100g,False,776.0,
snacks,Waterbridge,Sour Candy Wine Gums ,WaterbridgeSour Candy Wine Gums 200 g,$4.49ea,,$2.25/ 100g,False,777.0,
snacks,Harvest Snaps,"Snapea Crisps, Wasabi Ranch","Harvest SnapsSnapea Crisps, Wasabi Ranch93 g",$3.79ea,,$4.08/ 100g,False,778.0,
snacks,Lindt,EXCELLENCE Roasted Almond Dark Chocolate Bar,LindtEXCELLENCE Roasted Almond Dark Chocolate Bar100 g,$4.29ea,,$4.29/ 100g,False,779.0,
snacks,Hershey's,Reese'S Pieces With Caramel Flavoured Chocolate Candy,Hershey'sReese'S Pieces With Caramel Flavoured Chocolate Candy170 g,$5.99ea,,$3.52/ 100g,False,780.0,
snacks,Dare,Realfruit Tropical,DareRealfruit Tropical180 g,$2.79ea,,$1.55/ 100g,False,781.0,
snacks,Pop Daddy,Pretzel Sticks Dill Pickle,Pop DaddyPretzel Sticks Dill Pickle212 g,$5.49ea,,$2.59/ 100g,False,782.0,
snacks,President's Choice,Dark Chocolate Covered Almonds,President's ChoiceDark Chocolate Covered Almonds700 g,$10.99ea,,$1.57/ 100g,False,783.0,
snacks,HIPPEAS,Chickpea Puff Snacks Vegan Nacho Vibes,HIPPEASChickpea Puff Snacks Vegan Nacho Vibes113 g,$5.99ea,,$5.30/ 100g,False,784.0,
snacks,Valor,70 % Cacao With Orange Dark Chocolate,Valor70 % Cacao With Orange Dark Chocolate100 g,$3.99ea,,$3.99/ 100g,False,785.0,
snacks,JOLLY RANCHER,Misfits Gummies Tropical Uni-Sharks ,JOLLY RANCHERMisfits Gummies Tropical Uni-Sharks 182 g,$3.19ea,,$1.75/ 100g,False,786.0,
snacks,Twix,"Caramel Cookie Chocolate Candy Bar, 4 Full Size Bars","TwixCaramel Cookie Chocolate Candy Bar, 4 Full Size Bars200 g",$5.99ea,,$3.00/ 100g,False,787.0,
snacks,Ovaltine,Biscuits with Malt,OvaltineBiscuits with Malt150 g,$1.69ea,,$1.13/ 100g,False,788.0,
snacks,Merci,"Milk Chocolate Bar, 100G   ","MerciMilk Chocolate Bar, 100G   100 g",$3.49ea,,$3.49/ 100g,False,789.0,
snacks,Lay's,Poppables White Cheddar flavoured potato snacks,Lay'sPoppables White Cheddar flavoured potato snacks130 g,$4.99ea,,$3.84/ 100g,False,790.0,
snacks,Pepperidge Farm,Mega Bites Sharp Cheddar,Pepperidge FarmMega Bites Sharp Cheddar167 g,$3.99ea,,$2.39/ 100g,False,791.0,
snacks,Tostitos,Rounds Tortilla Chips 480g,TostitosRounds Tortilla Chips 480g480 g,$6.49ea,,$1.35/ 100g,False,792.0,
snacks,Dole,Fruit Bowls Peach Mango 4 Cups,DoleFruit Bowls Peach Mango 4 Cups4x107.0 ml,$3.99ea,,$0.93/ 100ml,False,793.0,
snacks,Leclerc,Go Pure Oatmeal Bars Banana Bread Chocolate Chip,LeclercGo Pure Oatmeal Bars Banana Bread Chocolate Chip175 g,$3.29ea,,$1.88/ 100g,False,794.0,
snacks,President's Choice,Mini Crisp & Thin Vegetable Crackers,President's ChoiceMini Crisp & Thin Vegetable Crackers200 g,$3.79ea,,$1.90/ 100g,False,795.0,
snacks,The Snack Factory,"Pretzel Crisps, Garlic Parmesan    ","The Snack FactoryPretzel Crisps, Garlic Parmesan    200 g",$5.99ea,,$3.00/ 100g,False,796.0,
snacks,PC Blue Menu,Fruit & Nut Mixed Berry Chewy Bars,PC Blue MenuFruit & Nut Mixed Berry Chewy Bars165 g,$4.49ea,,$2.72/ 100g,False,797.0,
snacks,No Name,Barbecue Rice Crackers,No NameBarbecue Rice Crackers100 g,$1.99ea,,$1.99/ 100g,False,798.0,
snacks,Wrigley,"Polar Ice Flavoured Sugar Free Chewing Gum, 12 Pieces, 1 Pack","WrigleyPolar Ice Flavoured Sugar Free Chewing Gum, 12 Pieces, 1 Pack12 ea",$1.79ea,,$0.15/ 1ea,False,799.0,
snacks,Lindt,Double Milk Chocolate Mini Eggs Bag,LindtDouble Milk Chocolate Mini Eggs Bag100 g,$4.99ea,,$4.99/ 100g,False,800.0,
snacks,Tate's Bake Shop,"Cookies, Walnut Chocolate Chip Flavour ","Tate's Bake ShopCookies, Walnut Chocolate Chip Flavour 198 g",$7.99ea,,$4.04/ 100g,False,801.0,
snacks,President's Choice,Extra Butter Flavour Purple Kernel Microwave Popcorn,President's ChoiceExtra Butter Flavour Purple Kernel Microwave Popcorn247 g,$3.99ea,,$1.62/ 100g,False,802.0,
snacks,T&T,Milk Biscuit Egg Roll,T&TMilk Biscuit Egg Roll120 g,$2.49ea,,$2.08/ 100g,False,803.0,
snacks,Haddar,Tea Biscuits,HaddarTea Biscuits175 g,$1.29ea,,$0.74/ 100g,False,804.0,
snacks,Al Rifai,"Mix, Super Extra","Al RifaiMix, Super Extra450 g",$10.99ea,,$2.44/ 100g,False,805.0,
snacks,Dare,Sweet Strawberry Bite Size Crackers,DareSweet Strawberry Bite Size Crackers180 g,$3.89ea,,$2.16/ 100g,False,806.0,
snacks,Wrigley,"Spearmint Flavoured Sugar Free Soft Chew Gum, 40 Pieces, 1 Bottle","WrigleySpearmint Flavoured Sugar Free Soft Chew Gum, 40 Pieces, 1 Bottle1 ea",$4.99ea,,$4.99/ 1ea,False,807.0,
snacks,Whittaker's,Creamy Milk Chocolate Coconut Block,Whittaker'sCreamy Milk Chocolate Coconut Block200 g,$5.99ea,,$3.00/ 100g,False,808.0,
snacks,Frito-lay,Cheesy Mix 504g,Frito-layCheesy Mix 504g504 g,$10.99ea,,$2.18/ 100g,False,809.0,
snacks,Nature Valley,Crunchy Oats 'n' Honey,Nature ValleyCrunchy Oats 'n' Honey690 g,$7.99ea,$6.99ea,$1.01/ 100g,True,810.0,saleEnds 03/15
snacks,No Name,Salted Tops Soda Crackers,No NameSalted Tops Soda Crackers454 g,$3.29ea,,$0.72/ 100g,False,811.0,
snacks,Pepperidge Farm,Veggie & Fruit Goldfish Snack,Pepperidge FarmVeggie & Fruit Goldfish Snack180 g,$3.99ea,,$2.22/ 100g,False,812.0,
snacks,Dole,Parfait Peaches in Strawberry Gel,DoleParfait Peaches in Strawberry Gel4x123.0 g,$3.99ea,,$0.81/ 100g,False,813.0,
snacks,Cheez-It,Baked Original Snack Crackers   ,Cheez-ItBaked Original Snack Crackers   200 g,$3.99ea,,$2.00/ 100g,False,814.0,
snacks,Double Dutch,"Cookies, Mini Waffle Bites, Honey Vanilla Flavour","Double DutchCookies, Mini Waffle Bites, Honey Vanilla Flavour160 g",$3.99ea,,$2.49/ 100g,False,815.0,
snacks,Christie,Family Size Crackers,ChristieFamily Size Crackers354 g,$5.49ea,,$1.55/ 100g,False,816.0,
snacks,Bubbies,Biscotti Lemon,BubbiesBiscotti Lemon256 g,$6.99ea,,$2.73/ 100g,False,817.0,
snacks,Nestle,Coffee Crisp Original Chocolate Wafer Bar,NestleCoffee Crisp Original Chocolate Wafer Bar50 g,$1.79ea,,$3.58/ 100g,False,818.0,
snacks,Uncle Bob,White Kernel,Uncle BobWhite Kernel900 g,$3.49ea,,$0.39/ 100g,False,819.0,
snacks,Bubbies,Biscotti Cinnamon,BubbiesBiscotti Cinnamon256 g,$6.99ea,,$2.73/ 100g,False,820.0,
snacks,President's Choice,Original Melba Toast,President's ChoiceOriginal Melba Toast200 g,$3.49ea,,$1.75/ 100g,False,821.0,
snacks,President's Choice,Blueberry Lemon Fibre Bar,President's ChoiceBlueberry Lemon Fibre Bar150 g,$4.79ea,,$3.19/ 100g,False,822.0,
snacks,Dole,"Fruit Bowls Pears, Diced","DoleFruit Bowls Pears, Diced4x107.0 ml",$3.99ea,,$0.93/ 100ml,False,823.0,
snacks,Werther's,Original Caramel Hard Candy,Werther'sOriginal Caramel Hard Candy900 g,$10.69ea,,$1.19/ 100g,False,824.0,
snacks,Regal,Swizzles Easter Squashies Orange & Pineapple Candy Soft & Chewy 160g,RegalSwizzles Easter Squashies Orange & Pineapple Candy Soft & Chewy 160g160 g,$2.49ea,,$1.56/ 100g,False,825.0,
snacks,Doritos,Sweet & Tangy BBQ Tortilla Chips,DoritosSweet & Tangy BBQ Tortilla Chips210 g,$5.49ea,,$2.61/ 100g,False,826.0,
snacks,Nairn's,Organic Superseed Oat Cakes,Nairn'sOrganic Superseed Oat Cakes200 g,$4.99ea,,$2.50/ 100g,False,827.0,
snacks,No Name,Original Rice Crackers,No NameOriginal Rice Crackers100 g,$1.99ea,,$1.99/ 100g,False,828.0,
snacks,Ryvita,"Snackbread, Multigrain","RyvitaSnackbread, Multigrain125 g",$4.49ea,,$3.59/ 100g,False,829.0,
snacks,Nature Valley,Crunchy Oats 'n' Honey,Nature ValleyCrunchy Oats 'n' Honey690 g,$7.99ea,$6.99ea,$1.01/ 100g,True,830.0,saleEnds 03/15
snacks,No Name,Salted Tops Soda Crackers,No NameSalted Tops Soda Crackers454 g,$3.29ea,,$0.72/ 100g,False,831.0,
snacks,President's Choice,Loads Of All Dressed Rippled Potato Chips,President's ChoiceLoads Of All Dressed Rippled Potato Chips200 g,$3.49ea,,$1.75/ 100g,False,832.0,
snacks,Pepperidge Farm,Veggie & Fruit Goldfish Snack,Pepperidge FarmVeggie & Fruit Goldfish Snack180 g,$3.99ea,,$2.22/ 100g,False,833.0,
snacks,President's Choice,Barbecue Flavour Kettle Cooked Chips,President's ChoiceBarbecue Flavour Kettle Cooked Chips200 g,$3.49ea,,$1.75/ 100g,False,834.0,
snacks,President's Choice,Butter Flavour Purple Kernel Microwave Popcorn,President's ChoiceButter Flavour Purple Kernel Microwave Popcorn493 g,$5.49ea,,$1.11/ 100g,False,835.0,
snacks,Dole,Fruit Bowls Tropical Fruit,DoleFruit Bowls Tropical Fruit4x107.0 ml,$3.99ea,,$0.93/ 100ml,False,836.0,
snacks,Double Dutch,"Cookies, Mini Waffle Bites, Honey Vanilla Flavour","Double DutchCookies, Mini Waffle Bites, Honey Vanilla Flavour160 g",$3.99ea,,$2.49/ 100g,False,837.0,
snacks,No Name,Regular Ripple Cut Potato Chips,No NameRegular Ripple Cut Potato Chips200 g,$2.99ea,,$1.50/ 100g,False,838.0,
snacks,Christie,Family Size Crackers,ChristieFamily Size Crackers354 g,$5.49ea,,$1.55/ 100g,False,839.0,
snacks,Britannia,Marie Gold Biscuits,BritanniaMarie Gold Biscuits150 g,$1.29ea,,$0.86/ 100g,False,840.0,
snacks,Reese's,Milk Chocolate & Peanut Butter Eggs,Reese'sMilk Chocolate & Peanut Butter Eggs255 g,$8.99ea,,$3.53/ 100g,False,841.0,
snacks,Tate's Bake Shop,"Cookies, Walnut Chocolate Chip Flavour ","Tate's Bake ShopCookies, Walnut Chocolate Chip Flavour 198 g",$7.99ea,,$4.04/ 100g,False,842.0,
snacks,President's Choice,Extra Butter Flavour Purple Kernel Microwave Popcorn,President's ChoiceExtra Butter Flavour Purple Kernel Microwave Popcorn247 g,$3.99ea,,$1.62/ 100g,False,843.0,
snacks,T&T,Milk Biscuit Egg Roll,T&TMilk Biscuit Egg Roll120 g,$2.49ea,,$2.08/ 100g,False,844.0,
snacks,Haddar,Tea Biscuits,HaddarTea Biscuits175 g,$1.29ea,,$0.74/ 100g,False,845.0,
snacks,Al Rifai,"Mix, Super Extra","Al RifaiMix, Super Extra450 g",$10.99ea,,$2.44/ 100g,False,846.0,
snacks,Dare,Sweet Strawberry Bite Size Crackers,DareSweet Strawberry Bite Size Crackers180 g,$3.89ea,,$2.16/ 100g,False,847.0,
snacks,Sprucewood Handmade Cookie Co.,Lemon Zest Shortbread,Sprucewood Handmade Cookie Co.Lemon Zest Shortbread170 g,$6.49ea,,$3.82/ 100g,False,848.0,
snacks,Tate's Bake Shop,Gluten Free Chocolate Chip Cookies,Tate's Bake ShopGluten Free Chocolate Chip Cookies198 g,$7.99ea,,$4.04/ 100g,False,849.0,
snacks,President's Choice,Loads of Sour Cream & Onion Rippled Potato Chips,President's ChoiceLoads of Sour Cream & Onion Rippled Potato Chips200 g,$3.49ea,,$1.75/ 100g,False,850.0,
snacks,Hippie Snacks,"Almond Crips, Sea Salt","Hippie SnacksAlmond Crips, Sea Salt70 g",$5.49ea,,$7.84/ 100g,False,851.0,
snacks,Christie,Premium Plus Unsalted Crackers,ChristiePremium Plus Unsalted Crackers900 g,$9.49ea,,$1.05/ 100g,False,852.0,
snacks,Dubble Bubble,Milk Carton,Dubble BubbleMilk Carton100 g,$1.99ea,,$1.99/ 100g,False,853.0,
snacks,No Name,Regular Potato Chips ,No NameRegular Potato Chips 200 g,$2.99ea,,$1.50/ 100g,False,854.0,
snacks,McSweeneys,Beef Steak Nuggets Slow Marinated Teriyaki,McSweeneysBeef Steak Nuggets Slow Marinated Teriyaki85 g,$6.99ea,,$8.22/ 100g,False,855.0,
snacks,Hershey's,"Skor, Toffee Bar","Hershey'sSkor, Toffee Bar39 g",$1.49ea,,$3.82/ 100g,False,856.0,
snacks,Cadbury,Crunchie  Chocolate Bar,CadburyCrunchie  Chocolate Bar44 g,$1.49ea,,$3.39/ 100g,False,857.0,
snacks,Spitz,"Sunflower Seeds, Salted","SpitzSunflower Seeds, Salted227 g",$3.69ea,,$1.76/ 100g,False,858.0,
snacks,Ryvita,Snackbread,RyvitaSnackbread125 g,$4.49ea,,$3.59/ 100g,False,859.0,
snacks,Alprose,"Chocolate Bar, Deluxe Dark Chocolate","AlproseChocolate Bar, Deluxe Dark Chocolate100 g",$3.99ea,,$3.99/ 100g,False,860.0,
snacks,GoGo squeez,Fruit Sauce Apple Mango Guava,GoGo squeezFruit Sauce Apple Mango Guava360 g,$4.59ea,,$1.28/ 100g,False,861.0,
snacks,Maynards,Fuzzy Peach,MaynardsFuzzy Peach64 g,$1.79ea,,$2.80/ 100g,False,862.0,
snacks,Lindt,GOLD BUNNY Hazelnut Milk Chocolate Easter Bunny,LindtGOLD BUNNY Hazelnut Milk Chocolate Easter Bunny100 g,$7.99ea,,$7.99/ 100g,False,863.0,
snacks,Dole,Fruit Bowls Peach Mango 4 Cups,DoleFruit Bowls Peach Mango 4 Cups4x107.0 ml,$3.99ea,,$0.93/ 100ml,False,864.0,
snacks,TRIDENT,Vibes Sour Patch Kids Blue Raspberry,TRIDENTVibes Sour Patch Kids Blue Raspberry40 ea,$4.99ea,,$0.12/ 1ea,False,865.0,
snacks,Hershey's,Reese'S Pieces Peanut Butter Candy,Hershey'sReese'S Pieces Peanut Butter Candy800 g,$15.99ea,,$2.00/ 100g,False,866.0,
snacks,Werther's,Original No Sugar Added Caramel Hard Candy,Werther'sOriginal No Sugar Added Caramel Hard Candy70 g,$3.49ea,,$4.99/ 100g,False,867.0,
snacks,Pringles,Buffalo Ranch Potato Chips,PringlesBuffalo Ranch Potato Chips156 g,$3.29ea,,$2.11/ 100g,False,868.0,
snacks,Lindt,LINDOR White Chocolate Bar,LindtLINDOR White Chocolate Bar100 g,$3.99ea,,$3.99/ 100g,False,869.0,
snacks,Reese's,Miniatures PEANUT BUTTER CUPS Candy,Reese'sMiniatures PEANUT BUTTER CUPS Candy900 g,$15.99ea,,$1.78/ 100g,False,870.0,
snacks,Siete,Lime Grain Free Tortilla,SieteLime Grain Free Tortilla142 g,$6.49ea,$5.49ea,$3.87/ 100g,True,871.0,saleEnds 03/15
snacks,President's Choice,Roasted Almonds with Sea Salt,President's ChoiceRoasted Almonds with Sea Salt200 g,$4.99ea,,$2.50/ 100g,False,872.0,
snacks,President's Choice,The Decadent Chocolate Chunk Cookie,President's ChoiceThe Decadent Chocolate Chunk Cookie300 g,$4.49ea,,$1.50/ 100g,False,873.0,
snacks,Que Pasa,"Tortilla Chips, Thin & Crispy Sea Salt","Que PasaTortilla Chips, Thin & Crispy Sea Salt300 g",$4.99ea,,$1.66/ 100g,False,874.0,
snacks,President's Choice,Dark Chocolate Covered Almonds,President's ChoiceDark Chocolate Covered Almonds340 g,$5.99ea,,$1.76/ 100g,False,875.0,
snacks,Jack Links,Original Snacksticks Sausage Snacks,Jack LinksOriginal Snacksticks Sausage Snacks225 g,$9.99ea,,$4.44/ 100g,False,876.0,
snacks,bare,Chocolate Coconut Chips 79g,bareChocolate Coconut Chips 79g79 g,$6.99ea,,$8.85/ 100g,False,877.0,
snacks,Maynards,Sour Patch Kids Sour Patch Kids Original Soft Candy,MaynardsSour Patch Kids Sour Patch Kids Original Soft Candy816 g,$9.99ea,,$1.22/ 100g,False,878.0,
snacks,Lindt,LINDOR Milk Chocolate Bar,LindtLINDOR Milk Chocolate Bar100 g,$3.99ea,,$3.99/ 100g,False,879.0,
snacks,Lindt,EXCELLENCE Strawberry Dark Chocolate Bar,LindtEXCELLENCE Strawberry Dark Chocolate Bar100 g,$4.29ea,,$4.29/ 100g,False,880.0,
snacks,Cadbury,Caramilk Original Chocolate Bar,CadburyCaramilk Original Chocolate Bar4x50.0 g,$5.99ea,,$3.00/ 100g,False,881.0,
snacks,President's Choice,Roasted Cashews with Sea Salt,President's ChoiceRoasted Cashews with Sea Salt1.13 kg,$24.49ea,,$2.17/ 100g,False,882.0,
snacks,Christie,Oreo Chocolate Fudge Cookies,ChristieOreo Chocolate Fudge Cookies224 g,$4.29ea,,$1.92/ 100g,False,883.0,
snacks,No Name,Chewy Chocolate Chip Granola Bars,No NameChewy Chocolate Chip Granola Bars158 g,$3.29ea,,$2.08/ 100g,False,884.0,
snacks,Reese's,Miniatures PEANUT BUTTER CUPS Candy,Reese'sMiniatures PEANUT BUTTER CUPS Candy230 g,$5.99ea,,$2.60/ 100g,False,885.0,
snacks,Hershey's,The Original ,Hershey'sThe Original 290 g,$5.99ea,,$2.07/ 100g,False,886.0,
snacks,Dare,Bear Paws Rainbow Chip Cookies,DareBear Paws Rainbow Chip Cookies240 g,$4.49ea,,$1.87/ 100g,False,887.0,
snacks,Nestle,Smarties Xxl Carton,NestleSmarties Xxl Carton1 kg,$13.99ea,,$1.40/ 100g,False,888.0,
snacks,Dare,Bear Paws Birthday Cake Cookies,DareBear Paws Birthday Cake Cookies337 g,$6.79ea,,$2.01/ 100g,False,889.0,
snacks,FERRERO ROCHER,"Premium Chocolate Bar, Milk Chocolate Hazelnut Bar","FERRERO ROCHERPremium Chocolate Bar, Milk Chocolate Hazelnut Bar90 g",$3.89ea,,$4.32/ 100g,False,890.0,
snacks,Hershey's,Reese'S Pieces With Milk Chocolate Candy,Hershey'sReese'S Pieces With Milk Chocolate Candy170 g,$5.99ea,,$3.52/ 100g,False,891.0,
snacks,Jell-O,"Refrigerated Pudding Snacks, Strawberry Cheesecake","Jell-ORefrigerated Pudding Snacks, Strawberry Cheesecake4x99.0 g",$4.29ea,,$1.08/ 100g,False,892.0,
snacks,Hardbite,Handcrafted-Style Chips Spicy Ketchup Potato Chips,HardbiteHandcrafted-Style Chips Spicy Ketchup Potato Chips150 g,$4.49ea,,$2.99/ 100g,False,893.0,
snacks,Paqui,"Tortilla Chips, Nacho Cheese   ","PaquiTortilla Chips, Nacho Cheese   155 g",$4.50ea,$3.99ea,$2.57/ 100g,True,894.0,saleEnds 03/15
snacks,Kind,Dipped Clusters Clusters Dark Chocolate Almond Butter,KindDipped Clusters Clusters Dark Chocolate Almond Butter113 g,$6.49ea,,$5.74/ 100g,False,895.0,
snacks,York,Peppermint Patties Dark Chocolate Covered,YorkPeppermint Patties Dark Chocolate Covered200 g,$5.99ea,,$3.00/ 100g,False,896.0,
snacks,Dare,Sours Citrus Burst,DareSours Citrus Burst350 g,$3.79ea,,$1.08/ 100g,False,897.0,
snacks,TRIDENT,Spearmint Gum,TRIDENTSpearmint Gum3 ea,$4.99ea,,$1.66/ 1ea,False,898.0,
snacks,McSweeneys,Beef Jerky Zero Sugar Old Fashioned,McSweeneysBeef Jerky Zero Sugar Old Fashioned70 g,$6.99ea,,$9.99/ 100g,False,899.0,
snacks,Starburst,"Original Individually Wrapped Chewy Candy, Stick Pack","StarburstOriginal Individually Wrapped Chewy Candy, Stick Pack58 g",$1.79ea,,$3.09/ 100g,False,900.0,
snacks,Covered Bridge,Potato Chips Creamy Dill,Covered BridgePotato Chips Creamy Dill60 g,$1.99ea,,$3.32/ 100g,False,901.0,
snacks,President's Choice,Salt of the Alps Swiss Sticks,President's ChoiceSalt of the Alps Swiss Sticks100 g,$3.49ea,,$3.49/ 100g,False,902.0,
snacks,Nestle,Minis Pantry Size Pouch,NestleMinis Pantry Size Pouch800 g,$13.99ea,,$1.75/ 100g,False,903.0,
snacks,Dare,Realmint Candies Scotch Original,DareRealmint Candies Scotch Original730 g,$4.99ea,$4.49ea,$0.62/ 100g,True,904.0,saleEnds 03/22
snacks,Lundberg,Rice Cake Minis Sea Salt Organic,LundbergRice Cake Minis Sea Salt Organic142 g,$6.49ea,,$4.57/ 100g,False,905.0,
snacks,Nature Valley,Sweet & Salty - Peanut,Nature ValleySweet & Salty - Peanut980 g,$11.99ea,,$1.22/ 100g,False,906.0,
snacks,Tim Hortons,"Granola Bar, Salted Caramel","Tim HortonsGranola Bar, Salted Caramel5 ea",$3.29ea,,,False,907.0,
snacks,President's Choice,Dark Chocolate Cranberries,President's ChoiceDark Chocolate Cranberries700 g,$10.99ea,,$1.57/ 100g,False,908.0,
snacks,President's Choice,Rich & Chewy Chocolate Chip Granola Bars,President's ChoiceRich & Chewy Chocolate Chip Granola Bars156 g,$3.29ea,,$2.11/ 100g,False,909.0,
snacks,Maltesers,"Milk Chocolate Candy Bites, Bowl Size Bag","MaltesersMilk Chocolate Candy Bites, Bowl Size Bag324 g",$9.99ea,,$3.08/ 100g,False,910.0,
snacks,Voortman,"Oatmeal Cookies, No Sugar Added","VoortmanOatmeal Cookies, No Sugar Added225 g",$3.99ea,$3.79ea,$1.68/ 100g,True,911.0,saleEnds 03/22
snacks,Maynards,Fuzzy Peach Peach Soft Candy,MaynardsFuzzy Peach Peach Soft Candy185 g,$2.99ea,,$1.62/ 100g,False,912.0,
snacks,Kozy Shack,"Rice Pudding, Cinnamon Raisin","Kozy ShackRice Pudding, Cinnamon Raisin624 g",$4.49ea,,$0.72/ 100g,False,913.0,
snacks,Kozy Shack,Tapioca Pudding Cups No Sugar Added,Kozy ShackTapioca Pudding Cups No Sugar Added4x113.0 g,$5.29ea,,$1.17/ 100g,False,914.0,
snacks,JUICY FRUIT,"Fruit Flavoured Chewing Gum, 18 Pieces, 3 Packs","JUICY FRUITFruit Flavoured Chewing Gum, 18 Pieces, 3 Packs77 g",$4.99ea,,$6.48/ 100g,False,915.0,
snacks,Skyflakes,"Crackers, Snack Pack","SkyflakesCrackers, Snack Pack250 g",$2.79ea,,$1.12/ 100g,False,916.0,
snacks,M&M's,"Caramel Milk Chocolate Candies, Sharing Bag","M&M'sCaramel Milk Chocolate Candies, Sharing Bag185 g",$5.99ea,,$3.24/ 100g,False,917.0,
snacks,Ruffles,Sour Cream 'n Bacon Flavoured Potato Chips,RufflesSour Cream 'n Bacon Flavoured Potato Chips200 g,$4.99ea,,$2.50/ 100g,False,918.0,
snacks,Miss Vickies,Sea Salt & Malt Vinegar flavour kettle cooked potato chips 200g,Miss VickiesSea Salt & Malt Vinegar flavour kettle cooked potato chips 200g200 g,$5.49ea,,$2.75/ 100g,False,919.0,
snacks,No Name,Corn Chips,No NameCorn Chips200 g,$1.99ea,,$1.00/ 100g,False,920.0,
snacks,President's Choice, Lime & Habanero Chili Flavour Kettle Cooked Tortilla Chips,President's Choice Lime & Habanero Chili Flavour Kettle Cooked Tortilla Chips368 g,$3.99ea,,$1.08/ 100g,False,921.0,
snacks,President's Choice,Sea Salt Kettle Cooked Tortilla Chips,President's ChoiceSea Salt Kettle Cooked Tortilla Chips368 g,$3.99ea,,$1.08/ 100g,False,922.0,
snacks,Tostitos,Rounds Tortilla Chips 295g,TostitosRounds Tortilla Chips 295g295 g,$5.49ea,,$1.86/ 100g,False,923.0,
snacks,Hershey's,Reese'S Pieces Peanut Butter Candy,Hershey'sReese'S Pieces Peanut Butter Candy800 g,$15.99ea,,$2.00/ 100g,False,924.0,
snacks,Werther's,Original No Sugar Added Caramel Hard Candy,Werther'sOriginal No Sugar Added Caramel Hard Candy70 g,$3.49ea,,$4.99/ 100g,False,925.0,
snacks,Pringles,Buffalo Ranch Potato Chips,PringlesBuffalo Ranch Potato Chips156 g,$3.29ea,,$2.11/ 100g,False,926.0,
snacks,Pop Daddy,Pretzel Sticks Cinnamon Sugar,Pop DaddyPretzel Sticks Cinnamon Sugar212 g,$5.49ea,,$2.59/ 100g,False,927.0,
snacks,Nestle,Coffee Crisp Minis,NestleCoffee Crisp Minis180 g,$5.99ea,,$3.33/ 100g,False,928.0,
snacks,Carnaby Sweet,Gummy Rings,Carnaby SweetGummy Rings125 g,$1.00ea,,$0.80/ 100g,False,929.0,
snacks,Wrigley,"Peppermint Flavoured Sugar Free Chewing Gum, 60 Pieces, 1 Bottle","WrigleyPeppermint Flavoured Sugar Free Chewing Gum, 60 Pieces, 1 Bottle1 ea",$4.99ea,,$4.99/ 1ea,False,930.0,
snacks,Peace By Chocolate,Dark Chocolate With Almonds & Sea Salt,Peace By ChocolateDark Chocolate With Almonds & Sea Salt46 g,$3.99ea,,$8.67/ 100g,False,931.0,
snacks,President's Choice,Milk Chocolate Concreto Biscuits ,President's ChoiceMilk Chocolate Concreto Biscuits 240 g,$3.99ea,,$1.66/ 100g,False,932.0,
snacks,President's Choice,Dark Chocolate Covered Pistachios With Sea Salt,President's ChoiceDark Chocolate Covered Pistachios With Sea Salt200 g,$5.99ea,,$3.00/ 100g,False,933.0,
snacks,Hardbite,Spicy Dill Pickle Handcrafted-Style Chips,HardbiteSpicy Dill Pickle Handcrafted-Style Chips150 g,$4.49ea,,$2.99/ 100g,False,934.0,
snacks,Ritter Sport,Alpine Milk Chocolate,Ritter SportAlpine Milk Chocolate100 g,$2.99ea,,$2.99/ 100g,False,935.0,
snacks,President's Choice,Milk Chocolate Covered Raisins,President's ChoiceMilk Chocolate Covered Raisins400 g,$5.99ea,,$1.50/ 100g,False,936.0,
snacks,FERRERO ROCHER,"Premium Chocolate Bar, Dark Chocolate Hazelnut & Salted Caramel Bar","FERRERO ROCHERPremium Chocolate Bar, Dark Chocolate Hazelnut & Salted Caramel Bar90 g",$3.89ea,,$4.32/ 100g,False,937.0,
snacks,Christie,Snak Paks Cocoa Cookies,ChristieSnak Paks Cocoa Cookies180 g,$3.99ea,,$2.22/ 100g,False,938.0,
snacks,Reese's,"Chocolate, Candy Peanut Butter Cups Family Pouch","Reese'sChocolate, Candy Peanut Butter Cups Family Pouch400 g",$9.49ea,,$2.37/ 100g,False,939.0,
snacks,Hershey's,Birthday Cake Candy Bar,Hershey'sBirthday Cake Candy Bar95 g,$2.99ea,,$3.15/ 100g,False,940.0,
snacks,Wrigley,"Strawberry-Flood Flavoured Sugar Free Chewing Gum, 15 Sticks, 3 Packs","WrigleyStrawberry-Flood Flavoured Sugar Free Chewing Gum, 15 Sticks, 3 Packs45 ea",$5.99ea,,$0.13/ 1ea,False,941.0,
snacks,Ritter Sport,"Chocolate, Dark  with Whole Hazelnuts","Ritter SportChocolate, Dark  with Whole Hazelnuts100 g",$2.99ea,,$2.99/ 100g,False,942.0,
snacks,Hardbite,Handcrafted-Style Chips Wasabi Ranch,HardbiteHandcrafted-Style Chips Wasabi Ranch128 g,$4.50ea,$3.99ea,$3.12/ 100g,True,943.0,saleEnds 03/22
snacks,Frito-lay,Lay’s Mix 504g,Frito-layLay’s Mix 504g504 g,$10.99ea,,$2.18/ 100g,False,944.0,
snacks,Snickers,"Peanut Milk Chocolate Candy Bars, 10 Fun Size Bars","SnickersPeanut Milk Chocolate Candy Bars, 10 Fun Size Bars130 g",$2.99ea,,$2.30/ 100g,False,945.0,
snacks,Whittaker's,Fruit And Nut Creamy Milk Chocolate,Whittaker'sFruit And Nut Creamy Milk Chocolate200 g,$5.99ea,,$3.00/ 100g,False,946.0,
snacks,Lindt,LINDOR Milk Caramel Sea Salt Chocolate Truffles Bag,LindtLINDOR Milk Caramel Sea Salt Chocolate Truffles Bag150 g,$8.99ea,,$5.99/ 100g,False,947.0,
snacks,President's Choice,Old Fashioned Dark Chocolate Ice Cream & Dessert Topping,President's ChoiceOld Fashioned Dark Chocolate Ice Cream & Dessert Topping355 ml,$3.99ea,,$1.12/ 100ml,False,948.0,
snacks,SunRype,Apple Strawberry 100% Fruit Snack,SunRypeApple Strawberry 100% Fruit Snack14 g,$0.79ea,,$5.64/ 100g,False,949.0,
snacks,FERRERO ROCHER,"Fine Hazelnut Milk Chocolate, Easter Rabbit Gift Box, 13 Individually Wrapped Chocolates","FERRERO ROCHERFine Hazelnut Milk Chocolate, Easter Rabbit Gift Box, 13 Individually Wrapped Chocolates162.5 g",$12.99ea,,$7.99/ 100g,False,950.0,
snacks,Voortman,"Turnover Cookie, Strawberry","VoortmanTurnover Cookie, Strawberry300 g",$3.99ea,,$1.33/ 100g,False,951.0,
snacks,New York Style,"Bagel Crisps, Sesame","New York StyleBagel Crisps, Sesame170 g",$4.99ea,,$2.94/ 100g,False,952.0,
snacks,JOLLY RANCHER,Jolly Rancher Easter Egg Fruit,JOLLY RANCHERJolly Rancher Easter Egg Fruit185 g,$5.99ea,,$3.24/ 100g,False,953.0,
snacks,Covered Bridge,Potato Chips Creamy Dill,Covered BridgePotato Chips Creamy Dill60 g,$1.99ea,,$3.32/ 100g,False,954.0,
snacks,President's Choice,Salt of the Alps Swiss Sticks,President's ChoiceSalt of the Alps Swiss Sticks100 g,$3.49ea,,$3.49/ 100g,False,955.0,
snacks,Nestle,Minis Pantry Size Pouch,NestleMinis Pantry Size Pouch800 g,$13.99ea,,$1.75/ 100g,False,956.0,
snacks,Carnaby Sweet,Gummy Worms,Carnaby SweetGummy Worms300 g,$2.99ea,,$1.00/ 100g,False,957.0,
snacks,Jack Links,Beef Steak,Jack LinksBeef Steak74 g,$6.99ea,,$9.45/ 100g,False,958.0,
snacks,President's Choice,Oatmeal Belgian Chocolate Cookies,President's ChoiceOatmeal Belgian Chocolate Cookies150 g,$3.99ea,,$2.66/ 100g,False,959.0,
snacks,Dare,Bear Paws Realjuicee Gummie Bears,DareBear Paws Realjuicee Gummie Bears730 g,$4.99ea,$4.49ea,$0.62/ 100g,True,960.0,saleEnds 03/22
snacks,President's Choice,Belgian Biscuit Selection,President's ChoiceBelgian Biscuit Selection375 g,$7.49ea,,$2.00/ 100g,False,961.0,
snacks,Lindt,Mint Dark Chocolate Squares Bag,LindtMint Dark Chocolate Squares Bag151 g,$8.99ea,,$5.95/ 100g,False,962.0,
snacks,Jack Links,Hickory Smoked Beef Jerky Meat Snacks,Jack LinksHickory Smoked Beef Jerky Meat Snacks80 g,$6.99ea,,$8.74/ 100g,False,963.0,
snacks,No Name,Honey Graham Wafers,No NameHoney Graham Wafers400 g,$4.49ea,,$1.12/ 100g,False,964.0,
snacks,Walkers,Pure Butter Shortbread Fingers,WalkersPure Butter Shortbread Fingers150 g,$5.29ea,,$3.53/ 100g,False,965.0,
snacks,No Name,Chocolately Chip Cookies,No NameChocolately Chip Cookies907 g,$4.49ea,,$0.50/ 100g,False,966.0,
snacks,Merci,"Marzipan Chocolate Bar, 100G   ","MerciMarzipan Chocolate Bar, 100G   112 g",$3.49ea,,$3.12/ 100g,False,967.0,
snacks,Reese's,Candy Peanut Butter Cups,Reese'sCandy Peanut Butter Cups184 g,$5.99ea,,$3.26/ 100g,False,968.0,
snacks,Dentyne,Ice Spearmint Gum,DentyneIce Spearmint Gum4 ea,$4.99ea,,$1.25/ 1ea,False,969.0,
snacks,Snackpack,Juicy Gels Strawberry/Orange Reduced Sugar,SnackpackJuicy Gels Strawberry/Orange Reduced Sugar4x99.0 g,$3.79ea,,$0.96/ 100g,False,970.0,
snacks,Kashi,Soft Baked Cereal Bars Cocoa 7 Grain 5 Bars,KashiSoft Baked Cereal Bars Cocoa 7 Grain 5 Bars175 g,$4.99ea,,$2.85/ 100g,False,971.0,
snacks,No Name,"Pretzels and Cheese, Processed Cheese Product","No NamePretzels and Cheese, Processed Cheese Product3x28.0 g",$1.79ea,,$2.13/ 100g,False,972.0,
snacks,Dare,Bear Paws Molasses Cookies,DareBear Paws Molasses Cookies240 g,$4.49ea,,$1.87/ 100g,False,973.0,
snacks,Kelloggs,Special K Nourish Dark Chocolate Chunks & Almonds Bar,KelloggsSpecial K Nourish Dark Chocolate Chunks & Almonds Bar165 g,$4.99ea,,$3.02/ 100g,False,974.0,
snacks,Kelloggs,"Nutri-Grain Cereal Bars, Raspberry 8 Bars","KelloggsNutri-Grain Cereal Bars, Raspberry 8 Bars295 g",$4.49ea,,$1.52/ 100g,False,975.0,
snacks,Hardbite,"Handcrafted-Style Chips, Sweet Ghost Pepper","HardbiteHandcrafted-Style Chips, Sweet Ghost Pepper128 g",$4.99ea,,$3.90/ 100g,False,976.0,
snacks,Nestle,Kit Kat Classic Wafer Bar,NestleKit Kat Classic Wafer Bar120 g,$2.99ea,,$2.49/ 100g,False,977.0,
snacks,Lindt,LINDOR White Chocolate Bar,LindtLINDOR White Chocolate Bar100 g,$3.99ea,,$3.99/ 100g,False,978.0,
snacks,Reese's,Miniatures PEANUT BUTTER CUPS Candy,Reese'sMiniatures PEANUT BUTTER CUPS Candy900 g,$15.99ea,,$1.78/ 100g,False,979.0,
snacks,Dare,Realmint Candies Scotch Original,DareRealmint Candies Scotch Original730 g,$4.99ea,$4.49ea,$0.62/ 100g,True,980.0,saleEnds 03/22
snacks,Lundberg,Rice Cake Minis Sea Salt Organic,LundbergRice Cake Minis Sea Salt Organic142 g,$6.49ea,,$4.57/ 100g,False,981.0,
snacks,Nature Valley,Sweet & Salty - Peanut,Nature ValleySweet & Salty - Peanut980 g,$11.99ea,,$1.22/ 100g,False,982.0,
snacks,Tim Hortons,"Granola Bar, Salted Caramel","Tim HortonsGranola Bar, Salted Caramel5 ea",$3.29ea,,,False,983.0,
snacks,President's Choice,Dark Chocolate Cranberries,President's ChoiceDark Chocolate Cranberries700 g,$10.99ea,,$1.57/ 100g,False,984.0,
snacks,President's Choice,Rich & Chewy Chocolate Chip Granola Bars,President's ChoiceRich & Chewy Chocolate Chip Granola Bars156 g,$3.29ea,,$2.11/ 100g,False,985.0,
snacks,Maltesers,"Milk Chocolate Candy Bites, Bowl Size Bag","MaltesersMilk Chocolate Candy Bites, Bowl Size Bag324 g",$9.99ea,,$3.08/ 100g,False,986.0,
snacks,Voortman,"Oatmeal Cookies, No Sugar Added","VoortmanOatmeal Cookies, No Sugar Added225 g",$3.99ea,$3.79ea,$1.68/ 100g,True,987.0,saleEnds 03/22
snacks,Maynards,Fuzzy Peach Peach Soft Candy,MaynardsFuzzy Peach Peach Soft Candy185 g,$2.99ea,,$1.62/ 100g,False,988.0,
snacks,Nestle,Aero Truffle Salted Caramel Fudge Pouch,NestleAero Truffle Salted Caramel Fudge Pouch135 g,$5.99ea,,$4.44/ 100g,False,989.0,
snacks,Dare,Bear Paws Brownie Cookies,DareBear Paws Brownie Cookies240 g,$4.49ea,,$1.87/ 100g,False,990.0,
snacks,Jell-O,"Refrigerated Gelatin Snacks, Strawberry (4 X 89G)","Jell-ORefrigerated Gelatin Snacks, Strawberry (4 X 89G)4x89.0 g",$4.29ea,,$1.21/ 100g,False,991.0,
snacks,Nutella,"B-ready, Crunchy wafer filled with delicious Nutella, 6 bars per pack, ","NutellaB-ready, Crunchy wafer filled with delicious Nutella, 6 bars per pack, 132 g",$4.99ea,,$3.78/ 100g,False,992.0,
snacks,Siete,Lime Grain Free Tortilla,SieteLime Grain Free Tortilla142 g,$6.49ea,$5.49ea,$3.87/ 100g,True,993.0,saleEnds 03/15
snacks,President's Choice,Roasted Almonds with Sea Salt,President's ChoiceRoasted Almonds with Sea Salt200 g,$4.99ea,,$2.50/ 100g,False,994.0,
snacks,President's Choice,The Decadent Chocolate Chunk Cookie,President's ChoiceThe Decadent Chocolate Chunk Cookie300 g,$4.49ea,,$1.50/ 100g,False,995.0,
snacks,Que Pasa,"Tortilla Chips, Thin & Crispy Sea Salt","Que PasaTortilla Chips, Thin & Crispy Sea Salt300 g",$4.99ea,,$1.66/ 100g,False,996.0,
snacks,President's Choice,Dark Chocolate Covered Almonds,President's ChoiceDark Chocolate Covered Almonds340 g,$5.99ea,,$1.76/ 100g,False,997.0,
snacks,Jack Links,Original Snacksticks Sausage Snacks,Jack LinksOriginal Snacksticks Sausage Snacks225 g,$9.99ea,,$4.44/ 100g,False,998.0,
snacks,bare,Chocolate Coconut Chips 79g,bareChocolate Coconut Chips 79g79 g,$6.99ea,,$8.85/ 100g,False,999.0,
snacks,Maynards,Sour Patch Kids Sour Patch Kids Original Soft Candy,MaynardsSour Patch Kids Sour Patch Kids Original Soft Candy816 g,$9.99ea,,$1.22/ 100g,False,1000.0,
snacks,Lindt,LINDOR Milk Chocolate Bar,LindtLINDOR Milk Chocolate Bar100 g,$3.99ea,,$3.99/ 100g,False,1001.0,
snacks,Lindt,EXCELLENCE Strawberry Dark Chocolate Bar,LindtEXCELLENCE Strawberry Dark Chocolate Bar100 g,$4.29ea,,$4.29/ 100g,False,1002.0,
snacks,Cadbury,Caramilk Original Chocolate Bar,CadburyCaramilk Original Chocolate Bar4x50.0 g,$5.99ea,,$3.00/ 100g,False,1003.0,
snacks,President's Choice,Roasted Cashews with Sea Salt,President's ChoiceRoasted Cashews with Sea Salt1.13 kg,$24.49ea,,$2.17/ 100g,False,1004.0,
snacks,Christie,Oreo Chocolate Fudge Cookies,ChristieOreo Chocolate Fudge Cookies224 g,$4.29ea,,$1.92/ 100g,False,1005.0,
snacks,No Name,Chewy Chocolate Chip Granola Bars,No NameChewy Chocolate Chip Granola Bars158 g,$3.29ea,,$2.08/ 100g,False,1006.0,
snacks,Reese's,Miniatures PEANUT BUTTER CUPS Candy,Reese'sMiniatures PEANUT BUTTER CUPS Candy230 g,$5.99ea,,$2.60/ 100g,False,1007.0,
snacks,Hershey's,The Original ,Hershey'sThe Original 290 g,$5.99ea,,$2.07/ 100g,False,1008.0,
snacks,Dare,Bear Paws Rainbow Chip Cookies,DareBear Paws Rainbow Chip Cookies240 g,$4.49ea,,$1.87/ 100g,False,1009.0,
snacks,Nestle,Smarties Xxl Carton,NestleSmarties Xxl Carton1 kg,$13.99ea,,$1.40/ 100g,False,1010.0,
snacks,Dare,Bear Paws Birthday Cake Cookies,DareBear Paws Birthday Cake Cookies337 g,$6.79ea,,$2.01/ 100g,False,1011.0,
snacks,FERRERO ROCHER,"Premium Chocolate Bar, Milk Chocolate Hazelnut Bar","FERRERO ROCHERPremium Chocolate Bar, Milk Chocolate Hazelnut Bar90 g",$3.89ea,,$4.32/ 100g,False,1012.0,
snacks,Hershey's,Reese'S Pieces With Milk Chocolate Candy,Hershey'sReese'S Pieces With Milk Chocolate Candy170 g,$5.99ea,,$3.52/ 100g,False,1013.0,
snacks,Jell-O,"Refrigerated Pudding Snacks, Strawberry Cheesecake","Jell-ORefrigerated Pudding Snacks, Strawberry Cheesecake4x99.0 g",$4.29ea,,$1.08/ 100g,False,1014.0,
snacks,Hardbite,Handcrafted-Style Chips Spicy Ketchup Potato Chips,HardbiteHandcrafted-Style Chips Spicy Ketchup Potato Chips150 g,$4.49ea,,$2.99/ 100g,False,1015.0,
snacks,Paqui,"Tortilla Chips, Nacho Cheese   ","PaquiTortilla Chips, Nacho Cheese   155 g",$4.50ea,$3.99ea,$2.57/ 100g,True,1016.0,saleEnds 03/15
snacks,Hardbite,Rugged Handcrafted-Style Chips All Natural Potato Chips Level-Up Size,HardbiteRugged Handcrafted-Style Chips All Natural Potato Chips Level-Up Size275 g,$5.99ea,,$2.18/ 100g,False,1017.0,
snacks,Excel,"Polar Ice Flavoured Sugar Free Chewing Gum, 18 Pieces, 3 Packs","ExcelPolar Ice Flavoured Sugar Free Chewing Gum, 18 Pieces, 3 Packs77 g",$4.99ea,,$6.48/ 100g,False,1018.0,
snacks,President's Choice,Everything Trail Mix,President's ChoiceEverything Trail Mix300 g,$4.99ea,,$1.66/ 100g,False,1019.0,
snacks,Hardbite,"Handcrafted-Style Chips, Honey Dijon","HardbiteHandcrafted-Style Chips, Honey Dijon128 g",$4.99ea,,$3.90/ 100g,False,1020.0,
snacks,Leclerc,Butter Cookies Cappuccino Truffle,LeclercButter Cookies Cappuccino Truffle240 g,$4.49ea,,$1.87/ 100g,False,1021.0,
snacks,Siete,Dip Chip,SieteDip Chip142 g,$6.49ea,$5.49ea,$3.87/ 100g,True,1022.0,saleEnds 03/15
snacks,Kinder,Chocolate Bar,KinderChocolate Bar126 g,$3.89ea,,$3.09/ 100g,False,1023.0,
snacks,Kind,Dipped Clusters Clusters Dark Chocolate Vanilla Cashew,KindDipped Clusters Clusters Dark Chocolate Vanilla Cashew113 g,$6.49ea,,$5.74/ 100g,False,1024.0,
snacks,Quaker,Chewy Chocolate Chip Bar  ,QuakerChewy Chocolate Chip Bar  960 g,$13.99ea,$11.99ea,$1.25/ 100g,True,1025.0,saleEnds 03/15
snacks,Doritos,Cool Ranch flavoured tortilla chips,DoritosCool Ranch flavoured tortilla chips235 g,$5.49ea,,$2.34/ 100g,False,1026.0,
snacks,Dare,Realfruit Superfruits,DareRealfruit Superfruits180 g,$2.79ea,,$1.55/ 100g,False,1027.0,
snacks,No Name,Salted Blanched Peanuts,No NameSalted Blanched Peanuts2 kg,$12.99ea,,$0.65/ 100g,False,1028.0,
snacks,Voortman,Fudge Striped Shortbread,VoortmanFudge Striped Shortbread320 g,$3.99ea,$3.79ea,$1.18/ 100g,True,1029.0,saleEnds 03/22
snacks,Kind,Dipped Clusters Clusters Dark Chocolate Almond Butter,KindDipped Clusters Clusters Dark Chocolate Almond Butter113 g,$6.49ea,,$5.74/ 100g,False,1030.0,
snacks,York,Peppermint Patties Dark Chocolate Covered,YorkPeppermint Patties Dark Chocolate Covered200 g,$5.99ea,,$3.00/ 100g,False,1031.0,
snacks,Dare,Sours Citrus Burst,DareSours Citrus Burst350 g,$3.79ea,,$1.08/ 100g,False,1032.0,
snacks,TRIDENT,Spearmint Gum,TRIDENTSpearmint Gum3 ea,$4.99ea,,$1.66/ 1ea,False,1033.0,
snacks,McSweeneys,Beef Jerky Zero Sugar Old Fashioned,McSweeneysBeef Jerky Zero Sugar Old Fashioned70 g,$6.99ea,,$9.99/ 100g,False,1034.0,
snacks,Neilson,Jersey Milk,NeilsonJersey Milk180 g,$5.99ea,,$3.33/ 100g,False,1035.0,
snacks,Caramilk,Salted Caramel Chocolate Bar,CaramilkSalted Caramel Chocolate Bar100 g,$2.99ea,,$2.99/ 100g,False,1036.0,
snacks,Excel,"Winterfresh Flavoured Sugar Free Chewing Gum, 18 Pieces, 3 Packs","ExcelWinterfresh Flavoured Sugar Free Chewing Gum, 18 Pieces, 3 Packs77 g",$4.99ea,,$6.48/ 100g,False,1037.0,
snacks,President's Choice,Milk Chocolate Mixed Nuts,President's ChoiceMilk Chocolate Mixed Nuts340 g,$5.99ea,,$1.76/ 100g,False,1038.0,
snacks,Smart Food,Jalapeño & Cheddar Flavour Seasoned Popcorn 180g,Smart FoodJalapeño & Cheddar Flavour Seasoned Popcorn 180g180 g,$5.49ea,,$3.05/ 100g,False,1039.0,
snacks,GODIVA,Milk Chocolate Crispy Hazelnut Domes,GODIVAMilk Chocolate Crispy Hazelnut Domes124 g,$5.99ea,,$4.83/ 100g,False,1040.0,
snacks,President's Choice,Peanut Butter Filled Pretzels ,President's ChoicePeanut Butter Filled Pretzels 680 g,$9.99ea,,$1.47/ 100g,False,1041.0,
snacks,Reese's,Hershey's Dipped Pretzel,Reese'sHershey's Dipped Pretzel170 g,$5.99ea,,$3.52/ 100g,False,1042.0,
snacks,GODIVA,Double Dark Chocolate Domes,GODIVADouble Dark Chocolate Domes124 g,$5.99ea,,$4.83/ 100g,False,1043.0,
snacks,Nestle,"Aero Miniature Milk Chocolate Bars, 9 Pack","NestleAero Miniature Milk Chocolate Bars, 9 Pack66 g",$2.99ea,,$4.53/ 100g,False,1044.0,
snacks,Werther's,Original Milk Chocolate Caramels,Werther'sOriginal Milk Chocolate Caramels116 g,$3.49ea,,$3.01/ 100g,False,1045.0,
snacks,Twizzler, Pull-N-Pull Cherry Candy,Twizzler Pull-N-Pull Cherry Candy396 g,$3.99ea,,$1.01/ 100g,False,1046.0,
snacks,Lindt,"Chocolate, 60% Cocoa  Shell with A Delectably Smooth Centre Extra Dark","LindtChocolate, 60% Cocoa  Shell with A Delectably Smooth Centre Extra Dark150 g",$8.99ea,,$5.99/ 100g,False,1047.0,
snacks,Hershey's,Hershey’S Milk Chocolate Almond Stuffed With Skor Bar,Hershey'sHershey’S Milk Chocolate Almond Stuffed With Skor Bar90 g,$2.99ea,,$3.32/ 100g,False,1048.0,
snacks,TRIDENT,Vibes Sour Patch Kids Blue Raspberry,TRIDENTVibes Sour Patch Kids Blue Raspberry40 ea,$4.99ea,,$0.12/ 1ea,False,1049.0,
snacks,Nestle,Buncha Crunch Chocolatey Coated Rice Crisps,NestleBuncha Crunch Chocolatey Coated Rice Crisps160 g,$5.99ea,,$3.74/ 100g,False,1050.0,
snacks,President's Choice,Milk Chocolate Toffee Hazelnuts,President's ChoiceMilk Chocolate Toffee Hazelnuts250 g,$5.99ea,,$2.40/ 100g,False,1051.0,
snacks,Peace By Chocolate,Milk Chocolate With Hazelnuts,Peace By ChocolateMilk Chocolate With Hazelnuts46 g,$3.99ea,,$8.67/ 100g,False,1052.0,
snacks,HIPPEAS,Chickpea Puff Snacks Vegan White Cheddar Flavored,HIPPEASChickpea Puff Snacks Vegan White Cheddar Flavored113 g,$5.99ea,,$5.30/ 100g,False,1053.0,
snacks,York,Minis,YorkMinis226 g,$5.99ea,,$2.65/ 100g,False,1054.0,
snacks,Cadbury,Caramilk Minis Chocolate Pieces,CadburyCaramilk Minis Chocolate Pieces200 g,$5.99ea,,$3.00/ 100g,False,1055.0,
snacks,Starburst,"Original Chewy Candy, Take Home Bag","StarburstOriginal Chewy Candy, Take Home Bag320 g",$5.99ea,,$1.87/ 100g,False,1056.0,
snacks,Nestle,Minis Pantry Size Pouch,NestleMinis Pantry Size Pouch800 g,$13.99ea,,$1.75/ 100g,False,1057.0,
snacks,Humpty Dumpty,ChedACorn,Humpty DumptyChedACorn265 g,$4.99ea,,$1.88/ 100g,False,1058.0,
snacks,Cheetos,Crunchy Cheese Flavoured Snacks,CheetosCrunchy Cheese Flavoured Snacks285 g,$5.49ea,,$1.93/ 100g,False,1059.0,
snacks,Ruffles,Flamin’ Hot Bar-B-Q Flavoured Potato Chips,RufflesFlamin’ Hot Bar-B-Q Flavoured Potato Chips190 g,$4.99ea,,$2.63/ 100g,False,1060.0,
snacks,President's Choice,Caramel Popcorn,President's ChoiceCaramel Popcorn250 g,$3.49ea,,$1.40/ 100g,False,1061.0,
snacks,Tostitos,Hint of Spicy Queso flavour tortilla chips 275g,TostitosHint of Spicy Queso flavour tortilla chips 275g275 g,$5.49ea,,$2.00/ 100g,False,1062.0,
snacks,Covered Bridge,"Kettlecorn, White Cheddar","Covered BridgeKettlecorn, White Cheddar125 g",$3.99ea,,$3.19/ 100g,False,1063.0,
snacks,Fritos,Hoops Bar-B-Q Flavour Corn Chips 340g,FritosHoops Bar-B-Q Flavour Corn Chips 340g340 g,$4.99ea,,$1.47/ 100g,False,1064.0,
snacks,Fritos,Bar-B-Q Flavour Corn Chips 340g,FritosBar-B-Q Flavour Corn Chips 340g340 g,$4.99ea,,$1.47/ 100g,False,1065.0,
snacks,Tostitos,Strips Tortilla Chips 300g,TostitosStrips Tortilla Chips 300g300 g,$5.49ea,,$1.83/ 100g,False,1066.0,
snacks,Kettle,Potato Chips Party Size Honey Dijon,KettlePotato Chips Party Size Honey Dijon368 g,$6.99ea,,$1.90/ 100g,False,1067.0,
snacks,York,Peppermint Patties Dark Chocolate Covered,YorkPeppermint Patties Dark Chocolate Covered200 g,$5.99ea,,$3.00/ 100g,False,1068.0,
snacks,Dare,Sours Citrus Burst,DareSours Citrus Burst350 g,$3.79ea,,$1.08/ 100g,False,1069.0,
snacks,TRIDENT,Spearmint Gum,TRIDENTSpearmint Gum3 ea,$4.99ea,,$1.66/ 1ea,False,1070.0,
snacks,McSweeneys,Beef Jerky Zero Sugar Old Fashioned,McSweeneysBeef Jerky Zero Sugar Old Fashioned70 g,$6.99ea,,$9.99/ 100g,False,1071.0,
snacks,Sunchips,Harvest Cheddar Flavour Multigrain Snacks 205g,SunchipsHarvest Cheddar Flavour Multigrain Snacks 205g205 g,$5.49ea,,$2.68/ 100g,False,1072.0,
snacks,Ruffles,All Dressed Flavoured Potato Chips,RufflesAll Dressed Flavoured Potato Chips200 g,$4.99ea,,$2.50/ 100g,False,1073.0,
snacks,Hardbite,"Handcrafted-Style Chips, Avocado & Lime","HardbiteHandcrafted-Style Chips, Avocado & Lime150 g",$4.49ea,,$2.99/ 100g,False,1074.0,
snacks,Hardbite,Southwest Chili Handcrafted-Style Chips ,HardbiteSouthwest Chili Handcrafted-Style Chips 150 g,$4.49ea,,$2.99/ 100g,False,1075.0,
snacks,Voortman,Lemon Wafers,VoortmanLemon Wafers300 g,$3.29ea,,$1.10/ 100g,False,1076.0,
snacks,Mars,"Peanut Free Chocolate Candy Bar, 10 Fun Size Bars","MarsPeanut Free Chocolate Candy Bar, 10 Fun Size Bars130 g",$2.99ea,,$2.30/ 100g,False,1077.0,
snacks,President's Choice,"Chocolate, Coconut, Pumpkin Seed & Quinoa Dark  Clusters","President's ChoiceChocolate, Coconut, Pumpkin Seed & Quinoa Dark  Clusters100 g",$4.49ea,,$4.49/ 100g,False,1078.0,
snacks,Kinder,"Surprise Chocolate Eggs with Toys, Classic Edition, 3 Pack","KinderSurprise Chocolate Eggs with Toys, Classic Edition, 3 Pack60 g",$4.29ea,,$7.15/ 100g,False,1079.0,
snacks,Haldiram,Indian Snacks Khatta Meetha Sour & Sweet Mix,HaldiramIndian Snacks Khatta Meetha Sour & Sweet Mix150 g,$1.99ea,,$1.33/ 100g,False,1080.0,
snacks,Kopiko,Candy Cappuccino,KopikoCandy Cappuccino120 g,$1.79ea,,$1.49/ 100g,False,1081.0,
snacks,Maynards,Sour Patch Kids Watermelon Soft Candy,MaynardsSour Patch Kids Watermelon Soft Candy180 g,$2.99ea,,$1.66/ 100g,False,1082.0,
snacks,Dare,Gummies Medley,DareGummies Medley180 g,$2.79ea,,$1.55/ 100g,False,1083.0,
snacks,Quaker,Chewy Granola Bars - Chocolatey Chip,QuakerChewy Granola Bars - Chocolatey Chip120 g,$3.49ea,,$2.91/ 100g,False,1084.0,
snacks,Betty Crocker,Fruit By The Foot Variety Pack,Betty CrockerFruit By The Foot Variety Pack128 g,$3.99ea,,$3.12/ 100g,False,1085.0,
snacks,President's Choice,Greek Yogurt Coated & Blueberry Granola Bars,President's ChoiceGreek Yogurt Coated & Blueberry Granola Bars175 g,$4.49ea,,$2.57/ 100g,False,1086.0,
snacks,Betty Crocker,"Fruit Roll Up Snack, Tropical Tie-Dye","Betty CrockerFruit Roll Up Snack, Tropical Tie-Dye141 g",$3.99ea,,$2.83/ 100g,False,1087.0,
snacks,Peek Freans,Maple Leaf Cookies,Peek FreansMaple Leaf Cookies300 g,$4.99ea,,$1.66/ 100g,False,1088.0,
snacks,Excel,"Peppermint Flavoured Sugar Free Chewing Gum, 18 Pieces, 3 Packs","ExcelPeppermint Flavoured Sugar Free Chewing Gum, 18 Pieces, 3 Packs77 g",$4.99ea,,$6.48/ 100g,False,1089.0,
snacks,Kozy Shack,"Rice Pudding, Cinnamon Raisin","Kozy ShackRice Pudding, Cinnamon Raisin624 g",$4.49ea,,$0.72/ 100g,False,1090.0,
snacks,Kozy Shack,Tapioca Pudding Cups No Sugar Added,Kozy ShackTapioca Pudding Cups No Sugar Added4x113.0 g,$5.29ea,,$1.17/ 100g,False,1091.0,
snacks,Siete,Lime Grain Free Tortilla,SieteLime Grain Free Tortilla142 g,$6.49ea,$5.49ea,$3.87/ 100g,True,1092.0,saleEnds 03/15
snacks,President's Choice,Roasted Almonds with Sea Salt,President's ChoiceRoasted Almonds with Sea Salt200 g,$4.99ea,,$2.50/ 100g,False,1093.0,
snacks,President's Choice,The Decadent Chocolate Chunk Cookie,President's ChoiceThe Decadent Chocolate Chunk Cookie300 g,$4.49ea,,$1.50/ 100g,False,1094.0,
snacks,Que Pasa,"Tortilla Chips, Thin & Crispy Sea Salt","Que PasaTortilla Chips, Thin & Crispy Sea Salt300 g",$4.99ea,,$1.66/ 100g,False,1095.0,
snacks,President's Choice,Dark Chocolate Covered Almonds,President's ChoiceDark Chocolate Covered Almonds340 g,$5.99ea,,$1.76/ 100g,False,1096.0,
snacks,Jack Links,Original Snacksticks Sausage Snacks,Jack LinksOriginal Snacksticks Sausage Snacks225 g,$9.99ea,,$4.44/ 100g,False,1097.0,
snacks,bare,Chocolate Coconut Chips 79g,bareChocolate Coconut Chips 79g79 g,$6.99ea,,$8.85/ 100g,False,1098.0,
snacks,Maynards,Sour Patch Kids Sour Patch Kids Original Soft Candy,MaynardsSour Patch Kids Sour Patch Kids Original Soft Candy816 g,$9.99ea,,$1.22/ 100g,False,1099.0,
snacks,Lindt,LINDOR Milk Chocolate Bar,LindtLINDOR Milk Chocolate Bar100 g,$3.99ea,,$3.99/ 100g,False,1100.0,
snacks,Lindt,EXCELLENCE Strawberry Dark Chocolate Bar,LindtEXCELLENCE Strawberry Dark Chocolate Bar100 g,$4.29ea,,$4.29/ 100g,False,1101.0,
snacks,Cadbury,Caramilk Original Chocolate Bar,CadburyCaramilk Original Chocolate Bar4x50.0 g,$5.99ea,,$3.00/ 100g,False,1102.0,
snacks,President's Choice,Roasted Cashews with Sea Salt,President's ChoiceRoasted Cashews with Sea Salt1.13 kg,$24.49ea,,$2.17/ 100g,False,1103.0,
snacks,Christie,Oreo Chocolate Fudge Cookies,ChristieOreo Chocolate Fudge Cookies224 g,$4.29ea,,$1.92/ 100g,False,1104.0,
snacks,Ritter Sport,"Chocolate, Dark  with Whole Hazelnuts","Ritter SportChocolate, Dark  with Whole Hazelnuts100 g",$2.99ea,,$2.99/ 100g,False,1105.0,
snacks,Hardbite,Handcrafted-Style Chips Wasabi Ranch,HardbiteHandcrafted-Style Chips Wasabi Ranch128 g,$4.50ea,$3.99ea,$3.12/ 100g,True,1106.0,saleEnds 03/22
snacks,No Name,Original Rice Crackers,No NameOriginal Rice Crackers100 g,$1.99ea,,$1.99/ 100g,False,1107.0,
snacks,Ryvita,"Snackbread, Multigrain","RyvitaSnackbread, Multigrain125 g",$4.49ea,,$3.59/ 100g,False,1108.0,
snacks,Mentos,Fruit,MentosFruit4 ea,$3.49ea,,$0.87/ 1ea,False,1109.0,
snacks,Tate's Bake Shop,Cookies Oatmeal Raisin Flavour,Tate's Bake ShopCookies Oatmeal Raisin Flavour198 g,$7.99ea,,$4.04/ 100g,False,1110.0,
snacks,New York Style,"Bagel Crisps, Sesame","New York StyleBagel Crisps, Sesame170 g",$4.99ea,,$2.94/ 100g,False,1111.0,
snacks,JOLLY RANCHER,Jolly Rancher Easter Egg Fruit,JOLLY RANCHERJolly Rancher Easter Egg Fruit185 g,$5.99ea,,$3.24/ 100g,False,1112.0,
snacks,Pepperidge Farm,Goldfish  Flavour Blasted  Xtreme Cheddar,Pepperidge FarmGoldfish  Flavour Blasted  Xtreme Cheddar180 g,$3.99ea,,$2.22/ 100g,False,1113.0,
snacks,Pepperidge Farm,Goldfish  Flavour Blasted  Xplosive Pizza Flavoured,Pepperidge FarmGoldfish  Flavour Blasted  Xplosive Pizza Flavoured180 g,$3.99ea,,$2.22/ 100g,False,1114.0,
snacks,Pepperidge Farm,Mega Bites Cheddar Jalapeno,Pepperidge FarmMega Bites Cheddar Jalapeno167 g,$3.99ea,,$2.39/ 100g,False,1115.0,
snacks,Lindt,EXCELLENCE Lime Zest Dark Chocolate Bar,LindtEXCELLENCE Lime Zest Dark Chocolate Bar100 g,$4.29ea,,$4.29/ 100g,False,1116.0,
snacks,Frito-lay,Lay’s Mix 504g,Frito-layLay’s Mix 504g504 g,$10.99ea,,$2.18/ 100g,False,1117.0,
snacks,Snickers,"Peanut Milk Chocolate Candy Bars, 10 Fun Size Bars","SnickersPeanut Milk Chocolate Candy Bars, 10 Fun Size Bars130 g",$2.99ea,,$2.30/ 100g,False,1118.0,
snacks,Whittaker's,Fruit And Nut Creamy Milk Chocolate,Whittaker'sFruit And Nut Creamy Milk Chocolate200 g,$5.99ea,,$3.00/ 100g,False,1119.0,
snacks,Lindt,LINDOR Milk Caramel Sea Salt Chocolate Truffles Bag,LindtLINDOR Milk Caramel Sea Salt Chocolate Truffles Bag150 g,$8.99ea,,$5.99/ 100g,False,1120.0,
snacks,Pepperidge Farm,Goldfish  Original,Pepperidge FarmGoldfish  Original200 g,$3.99ea,,$2.00/ 100g,False,1121.0,
snacks,Nestle,Smarties Buncha Pouch,NestleSmarties Buncha Pouch180 g,$5.99ea,,$3.33/ 100g,False,1122.0,
snacks,Lay's,Lightly Salted potato chips,Lay'sLightly Salted potato chips235 g,$4.99ea,,$2.12/ 100g,False,1123.0,
snacks,Pepperidge Farm,Goldfish  Cheddar made with Whole Grain,Pepperidge FarmGoldfish  Cheddar made with Whole Grain180 g,$3.99ea,,$2.22/ 100g,False,1124.0,
snacks,Kettle,Potato Chips Ranch,KettlePotato Chips Ranch198 g,$4.99ea,,$2.52/ 100g,False,1125.0,
snacks,Lay's,Cheddar & Sour Cream flavoured potato chips,Lay'sCheddar & Sour Cream flavoured potato chips220 g,$4.99ea,,$2.27/ 100g,False,1126.0,
snacks,President's Choice,Honey Roasted Peanuts,President's ChoiceHoney Roasted Peanuts700 g,$6.99ea,,$1.00/ 100g,False,1127.0,
snacks,Lindt,EXCELLENCE Crunchy Caramel Milk Chocolate Bar,LindtEXCELLENCE Crunchy Caramel Milk Chocolate Bar100 g,$4.29ea,,$4.29/ 100g,False,1128.0,
snacks,Miss Vickies,Spicy Dill Pickle flavour kettle cooked potato chips 200g,Miss VickiesSpicy Dill Pickle flavour kettle cooked potato chips 200g200 g,$5.49ea,,$2.75/ 100g,False,1129.0,
snacks,Jean Talon,Easter Chocolate Hollow Hamburger,Jean TalonEaster Chocolate Hollow Hamburger300 g,$11.99ea,,$4.00/ 100g,False,1130.0,
snacks,Christie,"Good Thins Rice Crackers, Sea Salt & Pepper","ChristieGood Thins Rice Crackers, Sea Salt & Pepper100 g",$3.99ea,,$3.99/ 100g,False,1131.0,
snacks,Christie,Triscuit Smoked Gouda Crackers,ChristieTriscuit Smoked Gouda Crackers200 g,$3.99ea,,$2.00/ 100g,False,1132.0,
snacks,Ritz,Bacon Crackers,RitzBacon Crackers200 g,$3.99ea,,$2.00/ 100g,False,1133.0,
snacks,Christie,Toppables  Crackers,ChristieToppables  Crackers386 g,$3.99ea,,$1.03/ 100g,False,1134.0,
snacks,Christie,Triscuit Roasted Garlic Crackers,ChristieTriscuit Roasted Garlic Crackers200 g,$3.99ea,,$2.00/ 100g,False,1135.0,
snacks,Neal Brothers Foods,"Tortillas, Organic Blue with Flax","Neal Brothers FoodsTortillas, Organic Blue with Flax300 g",$5.49ea,,$1.83/ 100g,False,1136.0,
snacks,Christie,Wheat Thins Original Crackers,ChristieWheat Thins Original Crackers200 g,$3.99ea,,$2.00/ 100g,False,1137.0,
snacks,Wheat Thins,"Vegetable Thins Crackers, Original","Wheat ThinsVegetable Thins Crackers, Original200 g",$3.99ea,,$2.00/ 100g,False,1138.0,
snacks,Triscuit,Thin Crisps Jalapeno Crackers,TriscuitThin Crisps Jalapeno Crackers200 g,$3.99ea,,$2.00/ 100g,False,1139.0,
snacks,Christie,Triscuit Balsamic & Basil Crackers,ChristieTriscuit Balsamic & Basil Crackers200 g,$3.99ea,,$2.00/ 100g,False,1140.0,
snacks,Christie,Triscuit Original Crackers,ChristieTriscuit Original Crackers200 g,$3.99ea,,$2.00/ 100g,False,1141.0,
snacks,nud,Flax Crackers Everything,nudFlax Crackers Everything66 g,$7.99ea,,$12.11/ 100g,False,1142.0,
snacks,Africa Finest,Chin Chin Irresistible Tasty Snack,Africa FinestChin Chin Irresistible Tasty Snack365 g,$5.99ea,,$1.64/ 100g,False,1143.0,
snacks,Danisa,Butter Cookie,DanisaButter Cookie454 g,$6.29ea,,$1.39/ 100g,False,1144.0,
snacks,Grissol,Melba Toast Sprouted Grain with Seeds,GrissolMelba Toast Sprouted Grain with Seeds350 g,$5.99ea,,$1.71/ 100g,False,1145.0,
snacks,Terra,Original Low Sodium,TerraOriginal Low Sodium354 g,$11.99ea,,$3.39/ 100g,False,1146.0,
snacks,,Menz & Gasser Prima Frutta Apricot Fruit Spread,Menz & Gasser Prima Frutta Apricot Fruit Spread250 ml,$3.89ea,,$1.56/ 100ml,False,1147.0,
snacks,Nestle,KitKat Chunky Popcorn Wafer Bar,NestleKitKat Chunky Popcorn Wafer Bar48 g,$1.79ea,,$3.73/ 100g,False,1148.0,
snacks,Nong Shim,Shrimp Crackers,Nong ShimShrimp Crackers400 g,$5.99ea,,$1.50/ 100g,False,1149.0,
snacks,Cadbury,Cadbury Milk Chocolate Chocolate,CadburyCadbury Milk Chocolate Chocolate42 g,$1.49ea,,$3.55/ 100g,False,1150.0,
snacks,Hershey's,50Ct Egg Hunt Variety Pack Easter Candy,Hershey's50Ct Egg Hunt Variety Pack Easter Candy388 g,$9.99ea,,$2.57/ 100g,False,1151.0,
snacks,Lay's,Magic Masala ridged flavoured potato chips,Lay'sMagic Masala ridged flavoured potato chips165 g,$3.49ea,,$2.12/ 100g,False,1152.0,
snacks,No Name,Thin Vegetable Crackers,No NameThin Vegetable Crackers200 g,$2.99ea,,$1.50/ 100g,False,1153.0,
snacks,Lindt,Milk Chocolate Easter Chick,LindtMilk Chocolate Easter Chick100 g,$7.99ea,,$7.99/ 100g,False,1154.0,
snacks,Excel,"Bubblemint Flavoured Sugar Free Chewing Gum, 12 Pieces, 1 Pack","ExcelBubblemint Flavoured Sugar Free Chewing Gum, 12 Pieces, 1 Pack12 ea",$1.79ea,,$0.15/ 1ea,False,1155.0,
snacks,Christie,Premium Plus Whole Wheat Crackers-Soda,ChristiePremium Plus Whole Wheat Crackers-Soda500 g,$4.79ea,,$0.96/ 100g,False,1156.0,
snacks,From Farm To Table,Kettle Chips Sea Salt Flavour,From Farm To TableKettle Chips Sea Salt Flavour142 g,$3.69ea,,$2.60/ 100g,False,1157.0,
snacks,Britannia,"Fifty Fifty, Cookies","BritanniaFifty Fifty, Cookies372 g",$3.49ea,,$0.94/ 100g,False,1158.0,
snacks,PC Black Label,Fig & Kalamata Olive Artisan Mini Crisps,PC Black LabelFig & Kalamata Olive Artisan Mini Crisps150 g,$6.49ea,,$4.33/ 100g,False,1159.0,
snacks,Haldiram,Moorukulu,HaldiramMoorukulu150 g,$1.99ea,,$1.33/ 100g,False,1160.0,
snacks,Schneider,"Hot Rod® Sausage Snacks, Original Flavour, 9-Gram Sticks","SchneiderHot Rod® Sausage Snacks, Original Flavour, 9-Gram Sticks45 g",$2.39ea,,$5.31/ 100g,False,1161.0,
snacks,Lucky Elephant,Pink Candy Popcorn,Lucky ElephantPink Candy Popcorn70 g,$2.18ea,,$3.11/ 100g,False,1162.0,
snacks,Finn Crisp,"Crispbread, Original Rye","Finn CrispCrispbread, Original Rye200 g",$3.79ea,,$1.90/ 100g,False,1163.0,
snacks,Britannia,Chunkies Chocolate Chip Cookies,BritanniaChunkies Chocolate Chip Cookies75 g,$1.79ea,,$2.39/ 100g,False,1164.0,
snacks,Beanfields,Pico de Gallo Bean & Rice Chips,BeanfieldsPico de Gallo Bean & Rice Chips156 g,$4.99ea,,$3.20/ 100g,False,1165.0,
snacks,Carnaby Sweet,"Decorate Milk Chocolate Hollow Bunny, 170g","Carnaby SweetDecorate Milk Chocolate Hollow Bunny, 170g170 g",$4.49ea,,$2.64/ 100g,False,1166.0,
snacks,Britannia,Digestive Biscuits Sugar Free,BritanniaDigestive Biscuits Sugar Free350 g,$3.99ea,,$1.14/ 100g,False,1167.0,
snacks,Garden,Onion,GardenOnion200 g,$3.29ea,,$1.65/ 100g,False,1168.0,
snacks,President's Choice,Parmesan Cheese & Garlic Swiss Sticks,President's ChoiceParmesan Cheese & Garlic Swiss Sticks100 g,$3.49ea,,$3.49/ 100g,False,1169.0,
snacks,Dole,Fruit Bowls Mandarin Oranges in Water,DoleFruit Bowls Mandarin Oranges in Water4x107.0 ml,$3.99ea,,$0.93/ 100ml,False,1170.0,
snacks,FERRERO ROCHER,"Golden Eggs, Milk Chocolate covered eggs with creamy hazelnut & cocoa filling, Easter Eggs, 10 Chocolates","FERRERO ROCHERGolden Eggs, Milk Chocolate covered eggs with creamy hazelnut & cocoa filling, Easter Eggs, 10 Chocolates90 g",$5.99ea,,$6.66/ 100g,False,1171.0,
snacks,President's Choice,Cookie Chips Coconut,President's ChoiceCookie Chips Coconut170 g,$3.99ea,,$2.35/ 100g,False,1172.0,
snacks,President's Choice,Candy Coated Milk Chocolate Eggs,President's ChoiceCandy Coated Milk Chocolate Eggs33 g,$1.69ea,,$5.12/ 100g,False,1173.0,
snacks,Britannia,Funky Choco Flavoured Sandwich Biscuits,BritanniaFunky Choco Flavoured Sandwich Biscuits100 g,$1.29ea,,$1.29/ 100g,False,1174.0,
snacks,Betty Crocker,"Fruit Snacks, Animated Edition","Betty CrockerFruit Snacks, Animated Edition226 g",$3.99ea,,$1.77/ 100g,False,1175.0,
snacks,Que Pasa,"Tortilla Chips, Thin & Crispy, Twist of Lime","Que PasaTortilla Chips, Thin & Crispy, Twist of Lime300 g",$4.99ea,,$1.66/ 100g,False,1176.0,
snacks,Wrigley,"Spearmint-Rain Flavoured Sugar Free Chewing Gum, 15 Sticks, 3 Packs","WrigleySpearmint-Rain Flavoured Sugar Free Chewing Gum, 15 Sticks, 3 Packs3 ea",$5.99ea,,$2.00/ 1ea,False,1177.0,
snacks,No Name,Milk Chocolate Bar,No NameMilk Chocolate Bar100 g,$1.49ea,,$1.49/ 100g,False,1178.0,
snacks,Leclerc,Celebration Coffee Wafer Cookies,LeclercCelebration Coffee Wafer Cookies240 g,$4.49ea,,$1.87/ 100g,False,1179.0,
snacks,Starburst,Original      ,StarburstOriginal      191 g,$3.79ea,,$1.98/ 100g,False,1180.0,
snacks,Nestle,KitKat Chunky Milk Chocolate Wafer Bars Multipack,NestleKitKat Chunky Milk Chocolate Wafer Bars Multipack196 g,$5.99ea,,$3.06/ 100g,False,1181.0,
snacks,Kettle,Krinkle Cut Potato Chips Dill Pickle,KettleKrinkle Cut Potato Chips Dill Pickle198 g,$4.99ea,,$2.52/ 100g,False,1182.0,
snacks,Ice Breakers,Berry Sour Mints,Ice BreakersBerry Sour Mints43 g,$2.99ea,,$6.95/ 100g,False,1183.0,
snacks,Cadbury,Dairy Milk Milk Chocolate Chocolate Bar,CadburyDairy Milk Milk Chocolate Chocolate Bar200 g,$5.99ea,,$3.00/ 100g,False,1184.0,
snacks,President's Choice,Liquorice Allsorts Candy,President's ChoiceLiquorice Allsorts Candy200 g,$2.99ea,,$1.50/ 100g,False,1185.0,
snacks,Maynards,Swedish Berries Berry Soft Candy,MaynardsSwedish Berries Berry Soft Candy185 g,$2.99ea,,$1.62/ 100g,False,1186.0,
snacks,Surati,Cheddar Jalapeno Tubes,SuratiCheddar Jalapeno Tubes80 g,$1.79ea,,$2.24/ 100g,False,1187.0,
snacks,Dare,Bear Paws Banana Bread Cookies,DareBear Paws Banana Bread Cookies240 g,$4.49ea,,$1.87/ 100g,False,1188.0,
snacks,Que Pasa,Taco Shells Blue Corn Organic,Que PasaTaco Shells Blue Corn Organic130 g,$4.29ea,,$3.30/ 100g,False,1189.0,
snacks,McSweeneys,"Beef Jerky, Teriyaki","McSweeneysBeef Jerky, Teriyaki125 g",$8.99ea,,$7.19/ 100g,False,1190.0,
snacks,Tim Hortons,"Granola Bar, Apple Fritter","Tim HortonsGranola Bar, Apple Fritter5 ea",$3.29ea,,,False,1191.0,
snacks,JOLLY RANCHER,Misfits Gummies  Lemonade Sour,JOLLY RANCHERMisfits Gummies  Lemonade Sour182 g,$3.19ea,,$1.75/ 100g,False,1192.0,
snacks,Dare,Wagon Wheels Original Cookies,DareWagon Wheels Original Cookies315 g,$4.29ea,,$1.36/ 100g,False,1193.0,
snacks,No Name,Salted Blanched Peanuts,No NameSalted Blanched Peanuts500 g,$3.99ea,,$0.80/ 100g,False,1194.0,
snacks,Christie,Oreo Original Cookies,ChristieOreo Original Cookies225 g,$3.99ea,,$1.77/ 100g,False,1195.0,
snacks,President's Choice,Milk Chocolate Crêpes,President's ChoiceMilk Chocolate Crêpes100 g,$3.99ea,,$3.99/ 100g,False,1196.0,
snacks,President's Choice,Milk Chocolate Covered Peanuts,President's ChoiceMilk Chocolate Covered Peanuts908 g,$10.99ea,,$1.21/ 100g,False,1197.0,
snacks,Milano,Biscuits Cookie     ,MilanoBiscuits Cookie     200 g,$1.99ea,,$1.00/ 100g,False,1198.0,
snacks,Purity,Hard Bread Biscuits,PurityHard Bread Biscuits625 g,$7.99ea,,$1.28/ 100g,False,1199.0,
snacks,Wrigley,"Peppermint Flavoured Chewing Gum, 15 Sticks, 1 Pack","WrigleyPeppermint Flavoured Chewing Gum, 15 Sticks, 1 Pack1 ea",$2.49ea,,$2.49/ 1ea,False,1200.0,
snacks,Marshmallow Fluff,Marshmallow Fluff,Marshmallow FluffMarshmallow Fluff213 g,$3.29ea,,$1.54/ 100g,False,1201.0,
snacks,Ryvita,"Wholegrain Rye Crispbread, Sesame Rye","RyvitaWholegrain Rye Crispbread, Sesame Rye250 g",$4.49ea,,$1.80/ 100g,False,1202.0,
snacks,GoGo squeez,"Apple Raspberry Lemon Twist, Pouch","GoGo squeezApple Raspberry Lemon Twist, Pouch4x90.0 g",$4.59ea,,$1.28/ 100g,False,1203.0,
snacks,GoGo squeez,"Squeeze, Apple Berries","GoGo squeezSqueeze, Apple Berries90 g",$4.59ea,,$1.28/ 100g,False,1204.0,
snacks,Whoppers,Pouch,WhoppersPouch270 g,$5.99ea,,$2.22/ 100g,False,1205.0,
snacks,Ruffles,Sea Salt Potato Chips,RufflesSea Salt Potato Chips227 g,$5.99ea,,$2.64/ 100g,False,1206.0,
snacks,SunRype,Apple Blueberry Pomegranate 100% Fruit Bar,SunRypeApple Blueberry Pomegranate 100% Fruit Bar37 g,$1.29ea,,$3.49/ 100g,False,1207.0,
snacks,Twizzler, Nibs Cherry Candy,Twizzler Nibs Cherry Candy400 g,$3.99ea,,$1.00/ 100g,False,1208.0,
snacks,Sun Rype,Coconut Lemon Bites,Sun RypeCoconut Lemon Bites120 g,$3.99ea,,$3.33/ 100g,False,1209.0,
snacks,Cadbury,Caramilk Original Chocolate Bar,CadburyCaramilk Original Chocolate Bar50 g,$1.49ea,,$2.98/ 100g,False,1210.0,
snacks,Noochpop,Savoury Popcorn Kinda Garlic & Cheesy,NoochpopSavoury Popcorn Kinda Garlic & Cheesy120 g,$6.99ea,,$5.83/ 100g,False,1211.0,
snacks,Orville,"Popcorn, Buttery","OrvillePopcorn, Buttery10x82.0 g",$9.59ea,,$1.17/ 100g,False,1212.0,
snacks,Reese's,Big Cup,Reese'sBig Cup79 g,$2.79ea,,$0.04/ 1ea,False,1213.0,
snacks,Covered Bridge,"Potato Chips, Sour Crème & Onion","Covered BridgePotato Chips, Sour Crème & Onion60 g",$1.99ea,,$3.32/ 100g,False,1214.0,
snacks,Vicenzi,Millefoglie Cookies,VicenziMillefoglie Cookies125 g,$3.49ea,,$2.79/ 100g,False,1215.0,
snacks,GoGo squeez,Fruit Sauce 16 Pouches,GoGo squeezFruit Sauce 16 Pouches16x90.0 g,$10.99ea,,$0.76/ 100g,False,1216.0,
snacks,Lindt,Lindor Assorted Chocolates with Delectably Smooth Centres,LindtLindor Assorted Chocolates with Delectably Smooth Centres150 g,$8.99ea,,$5.99/ 100g,False,1217.0,
snacks,President's Choice,Crisp & Thin Vegetable Crackers,President's ChoiceCrisp & Thin Vegetable Crackers225 g,$3.79ea,,$1.68/ 100g,False,1218.0,
snacks,,"Vicky's Artisan Flatbread, Multigrain","Vicky's Artisan Flatbread, Multigrain130 g",$6.29ea,,$4.84/ 100g,False,1219.0,
snacks,Orville,"Mini Bags, Buttery","OrvilleMini Bags, Buttery8x43.0 g",$5.99ea,,$1.76/ 100g,False,1220.0,
snacks,Orville,"Popcorn Bowl, Smart Pop!","OrvillePopcorn Bowl, Smart Pop!6x70.0 g",$5.99ea,,$1.43/ 100g,False,1221.0,
snacks,Cadbury,Dairy Milk Milk Chocolate Chocolate Bar-Minis,CadburyDairy Milk Milk Chocolate Chocolate Bar-Minis152 g,$5.99ea,,$3.94/ 100g,False,1222.0,
snacks,Dare,Ultimate Fudge Chocolate Cookies,DareUltimate Fudge Chocolate Cookies290 g,$4.29ea,,$1.48/ 100g,False,1223.0,
snacks,Quaker,Dipps Granola Bars – Chocolatey Chip,QuakerDipps Granola Bars – Chocolatey Chip156 g,$3.49ea,,$2.24/ 100g,False,1224.0,
snacks,President's Choice,The Decadent Chocolate Chip Cookie,President's ChoiceThe Decadent Chocolate Chip Cookie300 g,$4.49ea,,$1.50/ 100g,False,1225.0,
snacks,Kelloggs,Rice Krispies Bars Original,KelloggsRice Krispies Bars Original176 g,$4.49ea,,$2.55/ 100g,False,1226.0,
snacks,Dentyne,Ice Intense Gum,DentyneIce Intense Gum4 pack,$4.99ea,,$1.25/ 1ea,False,1227.0,
snacks,Peek Freans,Lifestyle Selections Blueberry Brown Sugar Biscuit,Peek FreansLifestyle Selections Blueberry Brown Sugar Biscuit290 g,$4.99ea,,$1.72/ 100g,False,1228.0,
snacks,President's Choice,Dipped & Chewy Chocolate Chip Granola Bars,President's ChoiceDipped & Chewy Chocolate Chip Granola Bars1240 g,$14.99ea,,$1.21/ 100g,False,1229.0,
snacks,President's Choice,Milk Chocolate Covered Almonds,President's ChoiceMilk Chocolate Covered Almonds340 g,$5.99ea,,$1.76/ 100g,False,1230.0,
snacks,Fibre 1,Chewy Bars Oats & Chocolate ,Fibre 1Chewy Bars Oats & Chocolate 840 g,$11.99ea,,$1.43/ 100g,False,1231.0,
snacks,Leclerc,"Go Pure Fruit and Oat Bars, Banana and Strawberry","LeclercGo Pure Fruit and Oat Bars, Banana and Strawberry140 g",$3.49ea,$3.29ea,$2.35/ 100g,True,1232.0,saleEnds 03/15
snacks,President's Choice,Dark Chocolate with Candied Orange Peel,President's ChoiceDark Chocolate with Candied Orange Peel100 g,$2.49ea,,$2.49/ 100g,False,1233.0,
snacks,Leclerc,Celebration Milk Chocolate Cake,LeclercCelebration Milk Chocolate Cake240 g,$4.49ea,,$1.87/ 100g,False,1234.0,
snacks,Betty Crocker,Dunkaroos Vanilla Cookies with Rainbow Sprinkles Frosting,Betty CrockerDunkaroos Vanilla Cookies with Rainbow Sprinkles Frosting42 g,$1.99ea,,$4.74/ 100g,False,1235.0,
snacks,Dare,Bear Paws Chocolate Chip Cookies,DareBear Paws Chocolate Chip Cookies480 g,$6.79ea,,$1.41/ 100g,False,1236.0,
snacks,Gullon,Maria Cookies,GullonMaria Cookies600 g,$3.49ea,,$0.58/ 100g,False,1237.0,
snacks,Sunmaid,"Yogurt Raisins, Vanilla","SunmaidYogurt Raisins, Vanilla140 g",$3.79ea,$2.99ea,$2.14/ 100g,True,1238.0,saleEnds 03/22
snacks,Hershey's,Candy Cookies 'N' Creme,Hershey'sCandy Cookies 'N' Creme108 g,$2.99ea,,$2.77/ 100g,False,1239.0,
snacks,Doritos,Zesty Cheese flavoured tortilla chips,DoritosZesty Cheese flavoured tortilla chips235 g,$5.49ea,,$2.34/ 100g,False,1240.0,
snacks,Leclerc,Strawberry & Creme Truffle Butter Cookies,LeclercStrawberry & Creme Truffle Butter Cookies240 g,$4.49ea,,$1.87/ 100g,False,1241.0,
snacks,Leclerc,Go Pure Fruit & Oat Bars Fieldberry,LeclercGo Pure Fruit & Oat Bars Fieldberry5x140.0 g,$3.29ea,,$0.47/ 100g,False,1242.0,
snacks,Reese's,Thins Peanut Butter Cups Milk Chocolate,Reese'sThins Peanut Butter Cups Milk Chocolate165 g,$5.99ea,,$3.63/ 100g,False,1243.0,
snacks,Leclerc,Celebration Butter Cookies Dark Chocolate 70% Cocoa,LeclercCelebration Butter Cookies Dark Chocolate 70% Cocoa240 g,$4.49ea,,$1.87/ 100g,False,1244.0,
snacks,Reese Puffs,Reese Midsize,Reese PuffsReese Midsize384 g,$7.99ea,$6.99ea,$1.82/ 100g,True,1245.0,saleEnds 03/15
snacks,Haldiram,Tasty Nuts Peanuts,HaldiramTasty Nuts Peanuts150 g,$1.99ea,,$1.33/ 100g,False,1246.0,
snacks,Doritos,Nacho Cheese flavoured tortilla chips,DoritosNacho Cheese flavoured tortilla chips235 g,$5.49ea,,$2.34/ 100g,False,1247.0,
snacks,Betty Crocker,Fruit Gushers Super Sour Gushers,Betty CrockerFruit Gushers Super Sour Gushers138 g,$3.99ea,,$2.89/ 100g,False,1248.0,
snacks,Ruffles,All Dressed Flavoured Potato Chips (small bag),RufflesAll Dressed Flavoured Potato Chips (small bag)66 g,$1.89ea,,$2.86/ 100g,False,1249.0,
snacks,Wrigley,"Fruit Flavoured Chewing Gum, 15 Sticks, 1 Pack","WrigleyFruit Flavoured Chewing Gum, 15 Sticks, 1 Pack1 ea",$2.49ea,,$2.49/ 1ea,False,1250.0,
snacks,Lindt,LINDOR Milk Chocolate Mini Eggs Bag,LindtLINDOR Milk Chocolate Mini Eggs Bag100 g,$4.99ea,,$4.99/ 100g,False,1251.0,
snacks,GoGo squeez,"Squeeze, Fruit Mix Variety","GoGo squeezSqueeze, Fruit Mix Variety16x90.0 g",$10.99ea,,$0.76/ 100g,False,1252.0,
snacks,Nestle,Chunky Kitkat Chocolate Bar   ,NestleChunky Kitkat Chocolate Bar   55 g,$1.79ea,,$3.25/ 100g,False,1253.0,
snacks,Sun Rype,Classic Coconut Bites,Sun RypeClassic Coconut Bites120 g,$3.99ea,,$3.33/ 100g,False,1254.0,
snacks,President's Choice,Peanut and Sunflower Seed Popcorn Bars,President's ChoicePeanut and Sunflower Seed Popcorn Bars150 g,$4.49ea,,$2.99/ 100g,False,1255.0,
snacks,Sprucewood Handmade Cookie Co.,"Shortbread, Chocolate Chips","Sprucewood Handmade Cookie Co.Shortbread, Chocolate Chips170 g",$6.49ea,,$3.82/ 100g,False,1256.0,
snacks,White Castle,Cream Wafers Filled With Strawberry Flavoured Cream Strawberry,White CastleCream Wafers Filled With Strawberry Flavoured Cream Strawberry300 g,$5.79ea,,$1.93/ 100g,False,1257.0,
snacks,Garden Fresh,Salted Tortillas,Garden FreshSalted Tortillas397 g,$5.99ea,,$1.51/ 100g,False,1258.0,
snacks,Shneider's,Chocolate Dark,Shneider'sChocolate Dark100 g,$4.29ea,,$4.29/ 100g,False,1259.0,
snacks,Nestle,Kit Kat Easter Break Chocolate And Wafer Bunnies ,NestleKit Kat Easter Break Chocolate And Wafer Bunnies 132 g,$7.49ea,,$5.67/ 100g,False,1260.0,
snacks,Surati,Ready To Eat Snack Papdi Gathiya,SuratiReady To Eat Snack Papdi Gathiya341 g,$2.99ea,,$0.88/ 100g,False,1261.0,
snacks,Sarah's Fine Foods,Crostini Garlic Parmesan,Sarah's Fine FoodsCrostini Garlic Parmesan150 g,$3.99ea,,$2.66/ 100g,False,1262.0,
snacks,Bounty,"Coconut Milk Chocolate Bar, Full Size Bag","BountyCoconut Milk Chocolate Bar, Full Size Bag57 g",$1.79ea,,$3.14/ 100g,False,1263.0,
snacks,Grissol,Melba Canapé Original,GrissolMelba Canapé Original150 g,$3.89ea,,$2.59/ 100g,False,1264.0,
snacks,TRIDENT,Vibe Spearmint Rush,TRIDENTVibe Spearmint Rush40 ea,$4.99ea,,$0.12/ 1ea,False,1265.0,
snacks,Ryvita,"Wholegrain Rye Crispbread, Sesame Rye","RyvitaWholegrain Rye Crispbread, Sesame Rye250 g",$4.49ea,,$1.80/ 100g,False,1266.0,
snacks,M&M's,"Milk Chocolate Candies, Sharing Bag","M&M'sMilk Chocolate Candies, Sharing Bag120 g",$3.99ea,,$3.33/ 100g,False,1267.0,
snacks,GoGo squeez,"Apple Raspberry Lemon Twist, Pouch","GoGo squeezApple Raspberry Lemon Twist, Pouch4x90.0 g",$4.59ea,,$1.28/ 100g,False,1268.0,
snacks,GoGo squeez,"Squeeze, Apple Berries","GoGo squeezSqueeze, Apple Berries90 g",$4.59ea,,$1.28/ 100g,False,1269.0,
snacks,President's Choice,Sea Salt Crackers,President's ChoiceSea Salt Crackers185 g,$3.79ea,,$2.05/ 100g,False,1270.0,
snacks,Grissol,Melba Canapé 12 Grain,GrissolMelba Canapé 12 Grain150 g,$3.89ea,,$2.59/ 100g,False,1271.0,
snacks,,Chocolate Chunks Milk Cream Filled Wafer,Chocolate Chunks Milk Cream Filled Wafer140 g,$3.49ea,$3.29ea,$2.35/ 100g,True,1272.0,saleEnds 03/22
snacks,PC Black Label,Artisan Mini Crisps Cranberry & Fennel,PC Black LabelArtisan Mini Crisps Cranberry & Fennel150 g,$6.49ea,,$4.33/ 100g,False,1273.0,
snacks,Dare,Veggie Crisps Sea Salt,DareVeggie Crisps Sea Salt100 g,$3.89ea,,$3.89/ 100g,False,1274.0,
snacks,Kagi,Dark Orange Swiss Chocolate Wafer Speciality,KagiDark Orange Swiss Chocolate Wafer Speciality125 g,$5.49ea,,$4.39/ 100g,False,1275.0,
snacks,Cadbury,Dairy Milk Fruit And Nut Chocolate Bar,CadburyDairy Milk Fruit And Nut Chocolate Bar42 g,$1.49ea,,$3.55/ 100g,False,1276.0,
snacks,Lay's,Classic potato chips (small bag),Lay'sClassic potato chips (small bag)66 g,$1.89ea,,$2.86/ 100g,False,1277.0,
snacks,Covered Bridge,Potato Chips Smokin' Sweet Bbq,Covered BridgePotato Chips Smokin' Sweet Bbq60 g,$1.99ea,,$3.32/ 100g,False,1278.0,
snacks,Reese's,Pastel Miniatures Foil Peanut Butter Cups,Reese'sPastel Miniatures Foil Peanut Butter Cups230 g,$5.49ea,,$2.39/ 100g,False,1279.0,
snacks,Mott's,"Fruitsations, Strawberry Apple","Mott'sFruitsations, Strawberry Apple113 g",$3.79ea,,$3.35/ 100g,False,1280.0,
snacks,Snackpack,"Snack Pack, Pudding, No Sugar Added Chocolate","SnackpackSnack Pack, Pudding, No Sugar Added Chocolate4x99.0 g",$3.79ea,,$0.96/ 100g,False,1281.0,
snacks,President's Choice,Sea Salt and Cracked Pepper Kettle Cooked Chips,President's ChoiceSea Salt and Cracked Pepper Kettle Cooked Chips200 g,$3.49ea,,$1.75/ 100g,False,1282.0,
snacks,Marshmallow Fluff,Marshmallow Fluff,Marshmallow FluffMarshmallow Fluff213 g,$3.29ea,,$1.54/ 100g,False,1283.0,
snacks,GoGo squeez,Fruit Sauce Apple Pineapple Passion Fruit,GoGo squeezFruit Sauce Apple Pineapple Passion Fruit360 g,$4.59ea,,$1.28/ 100g,False,1284.0,
snacks,Whoppers,Pouch,WhoppersPouch270 g,$5.99ea,,$2.22/ 100g,False,1285.0,
snacks,Maynards,Fuzzy Peach Peach Soft Candy,MaynardsFuzzy Peach Peach Soft Candy355 g,$4.99ea,,$1.41/ 100g,False,1286.0,
snacks,Dare,Breton Veggie Bites,DareBreton Veggie Bites200 g,$3.89ea,,$1.95/ 100g,False,1287.0,
snacks,Lindt,Milk Chocolate Crispy Eggs Bag,LindtMilk Chocolate Crispy Eggs Bag89 g,$5.99ea,,$6.73/ 100g,False,1288.0,
snacks,SunRype,Apple Wildberry 100% Fruit Snack,SunRypeApple Wildberry 100% Fruit Snack14 g,$0.79ea,,$5.64/ 100g,False,1289.0,
snacks,Freddo,"Milk Chocolate Hollow Cupcakes, 255g","FreddoMilk Chocolate Hollow Cupcakes, 255g255 g",$10.99ea,,$4.31/ 100g,False,1290.0,
snacks,President's Choice,Sea Salt and Cracked Black Pepper Jumbo Pistachios,President's ChoiceSea Salt and Cracked Black Pepper Jumbo Pistachios250 g,$9.99ea,,$4.00/ 100g,False,1291.0,
snacks,Rawcology,Berry Burst With Probiotics Organic  Oat Clusters,RawcologyBerry Burst With Probiotics Organic  Oat Clusters90 g,$6.49ea,,$7.21/ 100g,False,1292.0,
snacks,Orville,"Popcorn Bowl, Buttery","OrvillePopcorn Bowl, Buttery3x82.0 g",$4.49ea,,$1.83/ 100g,False,1293.0,
snacks,Want Want,"Big Shelly Senbei Rice Crackers, Original","Want WantBig Shelly Senbei Rice Crackers, Original92 g",$2.79ea,,$3.03/ 100g,False,1294.0,
snacks,President's Choice,Yogurt and Raspberry Popcorn Bars,President's ChoiceYogurt and Raspberry Popcorn Bars150 g,$4.49ea,,$2.99/ 100g,False,1295.0,
snacks,Karachi Bakery,Pista Biscuits Pistachio Biscuits,Karachi BakeryPista Biscuits Pistachio Biscuits400 g,$7.99ea,,$2.00/ 100g,False,1296.0,
snacks,President's Choice,The Reverse Decadent White Chocolate Chip Cookies,President's ChoiceThe Reverse Decadent White Chocolate Chip Cookies300 g,$4.49ea,,$1.50/ 100g,False,1297.0,
snacks,Cadbury,Dairy Milk Mini Eggs Chocolate Bar-Minis,CadburyDairy Milk Mini Eggs Chocolate Bar-Minis152 g,$5.99ea,,$3.94/ 100g,False,1298.0,
snacks,No Name,Sweet & Salty Almond Chewy Nut Bars,No NameSweet & Salty Almond Chewy Nut Bars175 g,$3.29ea,,$1.88/ 100g,False,1299.0,
snacks,Que Pasa,Taco Shells Yellow Corn Organic,Que PasaTaco Shells Yellow Corn Organic130 g,$4.29ea,,$3.30/ 100g,False,1300.0,
snacks,Hardbite,Rugged Handcrafted-Style Chips All Dressed Potato Chips Level-Up Size,HardbiteRugged Handcrafted-Style Chips All Dressed Potato Chips Level-Up Size275 g,$5.99ea,,$2.18/ 100g,False,1301.0,
snacks,Nature Valley,Sweet And Salty Minis Dark Chocolate Nut Granola Bars (20 Minis),Nature ValleySweet And Salty Minis Dark Chocolate Nut Granola Bars (20 Minis)425 g,$7.99ea,$6.99ea,$1.64/ 100g,True,1302.0,saleEnds 03/15
snacks,Oh Henry!,Candy bar,Oh Henry!Candy bar232 g,$5.99ea,,$2.58/ 100g,False,1303.0,
snacks,Mott's,"Fruitsations + Veggie Fruit Flavoured Snacks, Berry","Mott'sFruitsations + Veggie Fruit Flavoured Snacks, Berry226 g",$3.99ea,,$1.77/ 100g,False,1304.0,
snacks,Betty Crocker,Fruit Gushers Variety Pack ,Betty CrockerFruit Gushers Variety Pack 138 g,$3.99ea,,$2.89/ 100g,False,1305.0,
snacks,Ghirardelli,Sea Salt and Caramel Dark Chocolate Squares Bag,GhirardelliSea Salt and Caramel Dark Chocolate Squares Bag151 g,$8.99ea,,$5.95/ 100g,False,1306.0,
snacks,Sensible Portions,Garden Veggie Chips BBQ Vegetable and Potato Snack,Sensible PortionsGarden Veggie Chips BBQ Vegetable and Potato Snack141 g,$4.29ea,,$3.04/ 100g,False,1307.0,
snacks,Quaker,Crispy Minis Salt & Vinegar flavour brown rice chips,QuakerCrispy Minis Salt & Vinegar flavour brown rice chips100 g,$3.99ea,,$3.99/ 100g,False,1308.0,
snacks,Nestle,Kit Kat Minis Classic Wafer Bars Pouch,NestleKit Kat Minis Classic Wafer Bars Pouch180 g,$5.99ea,,$3.33/ 100g,False,1309.0,
snacks,Betty Crocker,"Fruit By The Foot, Rippin' Berry Berry","Betty CrockerFruit By The Foot, Rippin' Berry Berry128 g",$3.99ea,,$3.12/ 100g,False,1310.0,
snacks,Hardbite,Handcrafted-Style Chips Wild Onion & Yogurt,HardbiteHandcrafted-Style Chips Wild Onion & Yogurt150 g,$4.49ea,,$2.99/ 100g,False,1311.0,
snacks,Kettle,Potato Chips Yogurt & Green Onion,KettlePotato Chips Yogurt & Green Onion198 g,$4.99ea,,$2.52/ 100g,False,1312.0,
snacks,Lindt,SWISS CLASSIC Crunchy Milk Chocolate Bar,LindtSWISS CLASSIC Crunchy Milk Chocolate Bar100 g,$3.99ea,,$3.99/ 100g,False,1313.0,
snacks,Quaker,Crispy Minis Butter Popcorn Flavour Large Brown Rice Cakes,QuakerCrispy Minis Butter Popcorn Flavour Large Brown Rice Cakes127 g,$3.99ea,,$3.14/ 100g,False,1314.0,
snacks,Frito-lay,Flavour Mix 484g,Frito-layFlavour Mix 484g484 g,$10.99ea,,$2.27/ 100g,False,1315.0,
snacks,Hardbite,Apple Cider Vinegar Handcrafted-Style Chips,HardbiteApple Cider Vinegar Handcrafted-Style Chips128 g,$5.49ea,,$4.29/ 100g,False,1316.0,
snacks,Britannia,Chunkies Chocolate Chip Cookies,BritanniaChunkies Chocolate Chip Cookies75 g,$1.79ea,,$2.39/ 100g,False,1317.0,
snacks,Parle,Hide & Seek Chocolate Chip Cookies,ParleHide & Seek Chocolate Chip Cookies82.5 g,$1.29ea,,$1.56/ 100g,False,1318.0,
snacks,Cadbury,Creme Egg Cream Filled Chocolate Egg,CadburyCreme Egg Cream Filled Chocolate Egg34 g,$1.69ea,,$4.97/ 100g,False,1319.0,
snacks,Garden,Lemon Puff Lemon Flavoured Sandwich Biscuit,GardenLemon Puff Lemon Flavoured Sandwich Biscuit288 g,$3.99ea,,$1.39/ 100g,False,1320.0,
snacks,Hardbite,"Handcrafted-Style Chips, Lightly Salted Beet Chps","HardbiteHandcrafted-Style Chips, Lightly Salted Beet Chps150 g",$5.99ea,,$3.99/ 100g,False,1321.0,
snacks,John Wm. Macy's,CheeseSticks Melting Parmesan,John Wm. Macy'sCheeseSticks Melting Parmesan113 g,$5.99ea,$5.49ea,$4.86/ 100g,True,1322.0,saleEnds 03/22
snacks,Handfuel,Cashews Salted Caramel,HandfuelCashews Salted Caramel150 g,$6.99ea,,$4.66/ 100g,False,1323.0,
snacks,Want Want,Seaweed Rice Crackers,Want WantSeaweed Rice Crackers308 g,$9.49ea,,$3.08/ 100g,False,1324.0,
snacks,Spitz,"Sunflower Seeds, Dill Pickle","SpitzSunflower Seeds, Dill Pickle227 g",$3.69ea,,$1.76/ 100g,False,1325.0,
snacks,Carnaby Sweet,Real Milk Chocolate Solid Bunny,Carnaby SweetReal Milk Chocolate Solid Bunny100 g,$1.99ea,,$1.99/ 100g,False,1326.0,
snacks,Wrigley,"Peppermint Flavoured Chewing Gum, 15 Sticks, 1 Pack","WrigleyPeppermint Flavoured Chewing Gum, 15 Sticks, 1 Pack1 ea",$2.49ea,,$2.49/ 1ea,False,1327.0,
snacks,Purity,Hard Bread Biscuits,PurityHard Bread Biscuits625 g,$7.99ea,,$1.28/ 100g,False,1328.0,
snacks,President's Choice,Cookie Chips Coconut,President's ChoiceCookie Chips Coconut170 g,$3.99ea,,$2.35/ 100g,False,1329.0,
snacks,Nong Shim,Shrimp Cracker,Nong ShimShrimp Cracker75 g,$1.49ea,,$1.99/ 100g,False,1330.0,
snacks,Dole,Fruit Bowls Diced Peaches in Water,DoleFruit Bowls Diced Peaches in Water4x107.0 ml,$3.99ea,,$0.93/ 100ml,False,1331.0,
snacks,Kinder,"Bueno White Chocolate and Hazelnut Cream Candy Bars, 2 Individually Wrapped Bars Per Pack","KinderBueno White Chocolate and Hazelnut Cream Candy Bars, 2 Individually Wrapped Bars Per Pack39 g",$1.39ea,,$3.56/ 100g,False,1332.0,
snacks,Storck,Merci Milk Chocolate,StorckMerci Milk Chocolate200 g,$6.29ea,,$3.15/ 100g,False,1333.0,
snacks,Nestle,"Aero Milk Chocolate Bar, Original","NestleAero Milk Chocolate Bar, Original42 g",$1.79ea,,$4.26/ 100g,False,1334.0,
snacks,President's Choice,Mini Dipped & Chewy Chocolate Chip Granola Bars,President's ChoiceMini Dipped & Chewy Chocolate Chip Granola Bars745 g,$12.99ea,,$1.74/ 100g,False,1335.0,
snacks,Manischewitz,Unsalted Daily Thin Matzo,ManischewitzUnsalted Daily Thin Matzo284 g,$4.99ea,,$1.76/ 100g,False,1336.0,
snacks,President's Choice,Candy Coated Milk Chocolate Eggs,President's ChoiceCandy Coated Milk Chocolate Eggs33 g,$1.69ea,,$5.12/ 100g,False,1337.0,
snacks,Britannia,Funky Choco Flavoured Sandwich Biscuits,BritanniaFunky Choco Flavoured Sandwich Biscuits100 g,$1.29ea,,$1.29/ 100g,False,1338.0,
snacks,From Farm To Table,Popcorn Ancient Grains With Sea Salt,From Farm To TablePopcorn Ancient Grains With Sea Salt125 g,$3.49ea,,$2.79/ 100g,False,1339.0,
snacks,S&F,Chocolate Spread Duo,S&FChocolate Spread Duo400 g,$3.49ea,,$0.87/ 100g,False,1340.0,
snacks,No Name,Diced Clingstone Peaches in Light Syrup,No NameDiced Clingstone Peaches in Light Syrup4x107.0 ml,$3.29ea,,$0.77/ 100ml,False,1341.0,
snacks,S&F,Chocolate Hazelnut Spread,S&FChocolate Hazelnut Spread400 g,$3.49ea,,$0.87/ 100g,False,1342.0,
snacks,President's Choice,Apple Cinnamon Apple Sauce ,President's ChoiceApple Cinnamon Apple Sauce 6x100.0 ml,$2.99ea,,$0.50/ 100ml,False,1343.0,
snacks,Hardbite,Sea Salt & Pepper Handcrafted Potato Chips,HardbiteSea Salt & Pepper Handcrafted Potato Chips150 g,$4.49ea,,$2.99/ 100g,False,1344.0,
snacks,Nature Valley,Sweet & Salty Salted Caramel Chocolate Chewy Granola Bars Special Edition,Nature ValleySweet & Salty Salted Caramel Chocolate Chewy Granola Bars Special Edition210 g,$4.49ea,,$2.14/ 100g,False,1345.0,
snacks,President's Choice,Peanut Cookies Toasted,President's ChoicePeanut Cookies Toasted200 g,$2.49ea,,$1.25/ 100g,False,1346.0,
snacks,Jell-O,Oreo Ready-to-Eat Refrigerated Pudding Cups Snack,Jell-OOreo Ready-to-Eat Refrigerated Pudding Cups Snack4x113.0 g,$4.29ea,,$0.95/ 100g,False,1347.0,
snacks,Que Pasa,Tortilla Chips Salted,Que PasaTortilla Chips Salted350 g,$4.99ea,,$1.43/ 100g,False,1348.0,
snacks,No Name,Raspberry Turnover,No NameRaspberry Turnover300 g,$2.99ea,,$1.00/ 100g,False,1349.0,
snacks,Quaker,Crispy Minis Cheddar flavour brown rice chips,QuakerCrispy Minis Cheddar flavour brown rice chips100 g,$3.99ea,,$3.99/ 100g,False,1350.0,
snacks,General Mills,Lucky Charms Cereal Bar Treats,General MillsLucky Charms Cereal Bar Treats120 g,$3.99ea,,$3.33/ 100g,False,1351.0,
snacks,RiceWorks,"Gourmet Brown Rice Crisps, Sweet Chili","RiceWorksGourmet Brown Rice Crisps, Sweet Chili156 g",$3.99ea,,$2.57/ 100g,False,1352.0,
snacks,Leclerc,"Celebration Wafers, Vanilla","LeclercCelebration Wafers, Vanilla240 g",$4.49ea,,$1.87/ 100g,False,1353.0,
snacks,President's Choice,Unsalted Roasted Cashews,President's ChoiceUnsalted Roasted Cashews200 g,$4.99ea,,$2.50/ 100g,False,1354.0,
snacks,Que Pasa,Tortilla Chips Blue Corn,Que PasaTortilla Chips Blue Corn350 g,$4.99ea,,$1.43/ 100g,False,1355.0,
snacks,President's Choice,Ranch Purple Kernel Corn Crisps,President's ChoiceRanch Purple Kernel Corn Crisps110 g,$2.79ea,,$2.54/ 100g,False,1356.0,
snacks,Kozy Shack,Tapioca Pudding Cups,Kozy ShackTapioca Pudding Cups6x113.0 g,$6.49ea,,$0.96/ 100g,False,1357.0,
snacks,President's Choice,Roasted Cashews with Sea Salt ,President's ChoiceRoasted Cashews with Sea Salt 200 g,$4.99ea,,$2.50/ 100g,False,1358.0,
snacks,Christie,Chips Ahoy! Chunks Cookies,ChristieChips Ahoy! Chunks Cookies460 g,$5.99ea,$5.79ea,$1.26/ 100g,True,1359.0,saleEnds 03/15
snacks,President's Choice,Wine Gums Candy,President's ChoiceWine Gums Candy200 g,$2.99ea,,$1.50/ 100g,False,1360.0,
snacks,Walkers,"Cookies, Pure Butter Shortbread Highlanders","WalkersCookies, Pure Butter Shortbread Highlanders200 g",$7.99ea,,$4.00/ 100g,False,1361.0,
snacks,No Name,Social Tea Biscuits,No NameSocial Tea Biscuits350 g,$3.99ea,,$1.14/ 100g,False,1362.0,
snacks,Christie,Chips Ahoy! Caramilk Cookies,ChristieChips Ahoy! Caramilk Cookies453 g,$5.99ea,$5.79ea,$1.28/ 100g,True,1363.0,saleEnds 03/15
snacks,Maynards,Swedish Berries  Soft Candy,MaynardsSwedish Berries  Soft Candy816 g,$9.99ea,,$1.22/ 100g,False,1364.0,
snacks,Maynards,Sour Patch Kids Kids Soft Candy,MaynardsSour Patch Kids Kids Soft Candy185 g,$2.99ea,,$1.62/ 100g,False,1365.0,
snacks,Fibre 1,"Brownies, Chocolatey Fudge","Fibre 1Brownies, Chocolatey Fudge125 g",$4.49ea,,$3.59/ 100g,False,1366.0,
snacks,McVitie's,"Digestive Cookies, Original","McVitie'sDigestive Cookies, Original400 g",$4.49ea,,$1.12/ 100g,False,1367.0,
snacks,Voortman,"Wafers, Chocolate","VoortmanWafers, Chocolate300 g",$3.29ea,,$1.10/ 100g,False,1368.0,
snacks,Leclerc,"Go Pure Fruit and Oat Bars, Raspberry","LeclercGo Pure Fruit and Oat Bars, Raspberry140 g",$3.49ea,$3.29ea,$2.35/ 100g,True,1369.0,saleEnds 03/15
snacks,bare,Fuji & Reds Apple Chips 96g,bareFuji & Reds Apple Chips 96g96 g,$6.99ea,,$7.28/ 100g,False,1370.0,
snacks,President's Choice,Hickory Smoke Flavour Roasted Almonds,President's ChoiceHickory Smoke Flavour Roasted Almonds200 g,$4.99ea,,$2.50/ 100g,False,1371.0,
snacks,Quaker,Crispy Minis Crunchy Dill flavour brown rice chips,QuakerCrispy Minis Crunchy Dill flavour brown rice chips100 g,$3.99ea,,$3.99/ 100g,False,1372.0,
snacks,Dare,Bear Paws Veggies + Fruits Carrot Cake Cookies,DareBear Paws Veggies + Fruits Carrot Cake Cookies168 g,$4.49ea,,$2.67/ 100g,False,1373.0,
snacks,Skittles,Tropical,SkittlesTropical191 g,$3.79ea,,$1.98/ 100g,False,1374.0,
snacks,Nature Valley,Sweet & Salty Roasted Mixed Nut Chewy Granola Bars,Nature ValleySweet & Salty Roasted Mixed Nut Chewy Granola Bars210 g,$4.49ea,,$2.14/ 100g,False,1375.0,
snacks,President's Choice,The Reverse Decadent White Chocolate Chip Cookies,President's ChoiceThe Reverse Decadent White Chocolate Chip Cookies300 g,$4.49ea,,$1.50/ 100g,False,1376.0,
snacks,Cadbury,Dairy Milk Mini Eggs Chocolate Bar-Minis,CadburyDairy Milk Mini Eggs Chocolate Bar-Minis152 g,$5.99ea,,$3.94/ 100g,False,1377.0,
snacks,No Name,Sweet & Salty Almond Chewy Nut Bars,No NameSweet & Salty Almond Chewy Nut Bars175 g,$3.29ea,,$1.88/ 100g,False,1378.0,
snacks,Que Pasa,Taco Shells Yellow Corn Organic,Que PasaTaco Shells Yellow Corn Organic130 g,$4.29ea,,$3.30/ 100g,False,1379.0,
snacks,Hardbite,Rugged Handcrafted-Style Chips All Dressed Potato Chips Level-Up Size,HardbiteRugged Handcrafted-Style Chips All Dressed Potato Chips Level-Up Size275 g,$5.99ea,,$2.18/ 100g,False,1380.0,
snacks,Nature Valley,Sweet And Salty Minis Dark Chocolate Nut Granola Bars (20 Minis),Nature ValleySweet And Salty Minis Dark Chocolate Nut Granola Bars (20 Minis)425 g,$7.99ea,$6.99ea,$1.64/ 100g,True,1381.0,saleEnds 03/15
snacks,Oh Henry!,Candy bar,Oh Henry!Candy bar232 g,$5.99ea,,$2.58/ 100g,False,1382.0,
snacks,Mott's,"Fruitsations + Veggie Fruit Flavoured Snacks, Berry","Mott'sFruitsations + Veggie Fruit Flavoured Snacks, Berry226 g",$3.99ea,,$1.77/ 100g,False,1383.0,
snacks,Betty Crocker,Fruit Gushers Variety Pack ,Betty CrockerFruit Gushers Variety Pack 138 g,$3.99ea,,$2.89/ 100g,False,1384.0,
snacks,Ghirardelli,Sea Salt and Caramel Dark Chocolate Squares Bag,GhirardelliSea Salt and Caramel Dark Chocolate Squares Bag151 g,$8.99ea,,$5.95/ 100g,False,1385.0,
snacks,Sensible Portions,Garden Veggie Chips BBQ Vegetable and Potato Snack,Sensible PortionsGarden Veggie Chips BBQ Vegetable and Potato Snack141 g,$4.29ea,,$3.04/ 100g,False,1386.0,
snacks,Quaker,Crispy Minis Salt & Vinegar flavour brown rice chips,QuakerCrispy Minis Salt & Vinegar flavour brown rice chips100 g,$3.99ea,,$3.99/ 100g,False,1387.0,
snacks,Nestle,Kit Kat Minis Classic Wafer Bars Pouch,NestleKit Kat Minis Classic Wafer Bars Pouch180 g,$5.99ea,,$3.33/ 100g,False,1388.0,
snacks,Betty Crocker,"Fruit By The Foot, Rippin' Berry Berry","Betty CrockerFruit By The Foot, Rippin' Berry Berry128 g",$3.99ea,,$3.12/ 100g,False,1389.0,
snacks,Baken-Ets,Traditional Smoked Pork Rinds (small bag) 70g,Baken-EtsTraditional Smoked Pork Rinds (small bag) 70g70 g,$2.49ea,,$3.56/ 100g,False,1390.0,
snacks,Hardbite,Sea Salt & Pepper Handcrafted Potato Chips,HardbiteSea Salt & Pepper Handcrafted Potato Chips150 g,$4.49ea,,$2.99/ 100g,False,1391.0,
snacks,Christie,Dads Oatmeal Cookies,ChristieDads Oatmeal Cookies320 g,$4.79ea,,$1.50/ 100g,False,1392.0,
snacks,Christie,Dads Oatmeal Cookies,ChristieDads Oatmeal Cookies320 g,$4.79ea,,$1.50/ 100g,False,1393.0,
snacks,President's Choice,World of Flavours Chicken Flavour Filipino Adobo Rippled Chips,President's ChoiceWorld of Flavours Chicken Flavour Filipino Adobo Rippled Chips200 g,$3.49ea,,$1.75/ 100g,False,1394.0,
snacks,Smart Food,White Cheddar flavour seasoned popcorn 200g,Smart FoodWhite Cheddar flavour seasoned popcorn 200g200 g,$5.49ea,,$2.75/ 100g,False,1395.0,
snacks,Hostess,Hostess Original Flavour Potato Sticks 275g,HostessHostess Original Flavour Potato Sticks 275g275 g,$5.49ea,,$2.00/ 100g,False,1396.0,
snacks,Humpty Dumpty,Party Mix Snack Mix Cheesy Flavoured Snack,Humpty DumptyParty Mix Snack Mix Cheesy Flavoured Snack250 g,$4.99ea,,$2.00/ 100g,False,1397.0,
snacks,Ruffles,Regular Potato Chips,RufflesRegular Potato Chips200 g,$4.99ea,,$2.50/ 100g,False,1398.0,
snacks,Ruffles,Double Crunch Jalapeño Cheddar Flavoured Potato Chips,RufflesDouble Crunch Jalapeño Cheddar Flavoured Potato Chips180 g,$4.99ea,,$2.77/ 100g,False,1399.0,
snacks,Milano,Biscuits Cookie     ,MilanoBiscuits Cookie     200 g,$1.99ea,,$1.00/ 100g,False,1400.0,
snacks,Popchips,Sea Salt & Vinegar Flavoured Original Popped Potato Snack,PopchipsSea Salt & Vinegar Flavoured Original Popped Potato Snack142 g,$3.99ea,,$2.81/ 100g,False,1401.0,
snacks,Kelloggs,Rice Krispies Bars Rainbow,KelloggsRice Krispies Bars Rainbow176 g,$4.49ea,,$2.55/ 100g,False,1402.0,
snacks,Dare,Whippet Strawberry Cookies,DareWhippet Strawberry Cookies285 g,$4.29ea,,$1.51/ 100g,False,1403.0,
snacks,M&M's,"Almond Milk Chocolate Candies, Sharing Bag","M&M'sAlmond Milk Chocolate Candies, Sharing Bag185 g",$5.99ea,,$3.24/ 100g,False,1404.0,
snacks,Baken-Ets,Traditional Smoked Pork Rinds (small bag) 70g,Baken-EtsTraditional Smoked Pork Rinds (small bag) 70g70 g,$2.49ea,,$3.56/ 100g,False,1405.0,
snacks,Casa Bonita,Cantina Style Corn Tortilla Chips,Casa BonitaCantina Style Corn Tortilla Chips300 g,$3.79ea,,$1.26/ 100g,False,1406.0,
snacks,President's Choice,Loads Of Jalapeño Popper Flavour Rippled Potato Chips,President's ChoiceLoads Of Jalapeño Popper Flavour Rippled Potato Chips200 g,$3.49ea,,$1.75/ 100g,False,1407.0,
snacks,Nestle,Smarties Candy Coated Milk Chocolate Multipack,NestleSmarties Candy Coated Milk Chocolate Multipack180 g,$5.99ea,,$3.33/ 100g,False,1408.0,
snacks,Lindt,LINDOR 70% Cacoa Dark Chocolate Bar,LindtLINDOR 70% Cacoa Dark Chocolate Bar100 g,$3.99ea,,$3.99/ 100g,False,1409.0,
snacks,Terra,Blue,TerraBlue170 g,$6.49ea,,$3.82/ 100g,False,1410.0,
snacks,Clean Beans,Sour Cream & Onion Roasted Broad Beans,Clean BeansSour Cream & Onion Roasted Broad Beans85 g,$2.99ea,$2.69ea,$3.16/ 100g,True,1411.0,saleEnds 03/22
snacks,Carnaby Sweet,Mixed Gummies,Carnaby SweetMixed Gummies125 g,$1.00ea,,$0.80/ 100g,False,1412.0,
snacks,President's Choice,The Decadent Soft Baked Chocolate Chip Cookies,President's ChoiceThe Decadent Soft Baked Chocolate Chip Cookies300 g,$4.49ea,,$1.50/ 100g,False,1413.0,
snacks,Hardbite,"Handcrafted-Style Chips, Rock Salt & Vinegar","HardbiteHandcrafted-Style Chips, Rock Salt & Vinegar150 g",$4.49ea,,$2.99/ 100g,False,1414.0,
snacks,Lindt,EXCELLENCE 70% Cacao Caramel & Sea Salt Dark Chocolate Bar,LindtEXCELLENCE 70% Cacao Caramel & Sea Salt Dark Chocolate Bar100 g,$6.49ea,,$6.49/ 100g,False,1415.0,
snacks,No Name,Pretzel Twists,No NamePretzel Twists200 g,$2.79ea,,$1.40/ 100g,False,1416.0,
snacks,SkinnyPop Popcorn,Pure Popped Perfection Popcorn Family Size,SkinnyPop PopcornPure Popped Perfection Popcorn Family Size227 g,$8.99ea,,$3.96/ 100g,False,1417.0,
snacks,Terra,"Krinkle Cut Sweet Potato Chips, Sea Salt","TerraKrinkle Cut Sweet Potato Chips, Sea Salt165 g",$6.49ea,,$3.93/ 100g,False,1418.0,
snacks,Terra,Sweets Medley Exotic Vegetable Chips,TerraSweets Medley Exotic Vegetable Chips165 g,$6.49ea,,$3.93/ 100g,False,1419.0,
snacks,Quaker,Parmesan & Roasted Garlic Chips,QuakerParmesan & Roasted Garlic Chips90 g,$3.99ea,,$4.43/ 100g,False,1420.0,
snacks,Pringles,Snack Stacks Sour Cream and Onion,PringlesSnack Stacks Sour Cream and Onion228 g,$6.49ea,,$2.85/ 100g,False,1421.0,
snacks,Ferrero,"Raffaello Coconut Almond Specialty Chocolates, 8 Individually Wrapped Chocolates Per Bag","FerreroRaffaello Coconut Almond Specialty Chocolates, 8 Individually Wrapped Chocolates Per Bag80 g",$4.79ea,,$5.99/ 100g,False,1422.0,
snacks,Mondoux,Original Mixed Gummies,MondouxOriginal Mixed Gummies185 g,$2.79ea,,$1.51/ 100g,False,1423.0,
snacks,Carnaby Sweet,Rainbow Sour Gummies ,Carnaby SweetRainbow Sour Gummies 300 g,$2.99ea,,$1.00/ 100g,False,1424.0,
snacks,Peace By Chocolate,White Chocolate With Caramel With Confections & Sea Salt,Peace By ChocolateWhite Chocolate With Caramel With Confections & Sea Salt46 g,$3.99ea,,$8.67/ 100g,False,1425.0,
snacks,Lindt,SWISS CLASSIC GRANDES Almond Sea Salt Dark Chocolate Bar,LindtSWISS CLASSIC GRANDES Almond Sea Salt Dark Chocolate Bar150 g,$6.49ea,,$4.33/ 100g,False,1426.0,
snacks,Lay's,Lightly Salted Bar-B-Q flavoured potato chips,Lay'sLightly Salted Bar-B-Q flavoured potato chips235 g,$4.99ea,,$2.12/ 100g,False,1427.0,
snacks,M&M's,Easter Spring Pastels Peanut Milk Chocolate Candy,M&M'sEaster Spring Pastels Peanut Milk Chocolate Candy200 g,$5.49ea,,$2.75/ 100g,False,1428.0,
snacks,Pepperidge Farm,Goldfish  Pretzel,Pepperidge FarmGoldfish  Pretzel227 g,$3.99ea,,$1.76/ 100g,False,1429.0,
snacks,Lay's,Potato Chips All Dressed 235g,Lay'sPotato Chips All Dressed 235g235 g,$4.99ea,,$2.12/ 100g,False,1430.0,
snacks,Lay's,Wavy Lightly Salted potato chips,Lay'sWavy Lightly Salted potato chips235 g,$4.99ea,,$2.12/ 100g,False,1431.0,
snacks,Haribo,Sweet & Sour Gummy Candies,HariboSweet & Sour Gummy Candies175 g,$3.49ea,,$1.99/ 100g,False,1432.0,
snacks,Lay's,Ketchup flavoured potato chips,Lay'sKetchup flavoured potato chips235 g,$4.99ea,,$2.12/ 100g,False,1433.0,
snacks,PopCorners,Flavoured Popped-Corn Chips Sweet Chili,PopCornersFlavoured Popped-Corn Chips Sweet Chili142 g,$5.49ea,,$3.87/ 100g,False,1434.0,
snacks,Wrigley,"Peppermint Flavoured Sugar Free Chewing Gum, 12 Pieces, 1 Pack","WrigleyPeppermint Flavoured Sugar Free Chewing Gum, 12 Pieces, 1 Pack12 ea",$1.79ea,,$0.15/ 1ea,False,1435.0,
snacks,President's Choice,Milk Chocolate Covered Chai Tea Almonds,President's ChoiceMilk Chocolate Covered Chai Tea Almonds250 g,$5.99ea,,$2.40/ 100g,False,1436.0,
snacks,Haribo,Starmix,HariboStarmix175 g,$3.49ea,,$1.99/ 100g,False,1437.0,
snacks,President's Choice,Dipped & Chewy Chocolate Chip Granola Bars,President's ChoiceDipped & Chewy Chocolate Chip Granola Bars156 g,$3.29ea,,$2.11/ 100g,False,1438.0,
snacks,Lay's,Sea Salt & Pepper Flavoured Potato Chips,Lay'sSea Salt & Pepper Flavoured Potato Chips235 g,$4.99ea,,$2.12/ 100g,False,1439.0,
snacks,Lay's,Poppables Sea Salt flavoured potato snacks,Lay'sPoppables Sea Salt flavoured potato snacks130 g,$4.99ea,,$3.84/ 100g,False,1440.0,
snacks,Lay's,Wavy Lightly Salted potato chips,Lay'sWavy Lightly Salted potato chips235 g,$4.99ea,,$2.12/ 100g,False,1441.0,
snacks,Haribo,Sweet & Sour Gummy Candies,HariboSweet & Sour Gummy Candies175 g,$3.49ea,,$1.99/ 100g,False,1442.0,
snacks,Lay's,Sea Salt & Pepper Flavoured Potato Chips,Lay'sSea Salt & Pepper Flavoured Potato Chips235 g,$4.99ea,,$2.12/ 100g,False,1443.0,
snacks,Lay's,Poppables Sour Cream & Chive Flavoured Potato Snacks,Lay'sPoppables Sour Cream & Chive Flavoured Potato Snacks130 g,$4.99ea,,$3.84/ 100g,False,1444.0,
snacks,M&M's,"Pretzel Milk Chocolate Candies, Sharing Bag","M&M'sPretzel Milk Chocolate Candies, Sharing Bag162 g",$5.99ea,,$3.70/ 100g,False,1445.0,
snacks,Wrigley,"Excel Gum, Assorted","WrigleyExcel Gum, Assorted1 ea",$19.99ea,,$19.99/ 1ea,False,1446.0,
snacks,Pepperidge Farm,Goldfish  Colours,Pepperidge FarmGoldfish  Colours180 g,$3.99ea,,$2.22/ 100g,False,1447.0,
snacks,Lay's,Lightly Salted Bar-B-Q flavoured potato chips,Lay'sLightly Salted Bar-B-Q flavoured potato chips235 g,$4.99ea,,$2.12/ 100g,False,1448.0,
snacks,M&M's,Easter Spring Pastels Peanut Milk Chocolate Candy,M&M'sEaster Spring Pastels Peanut Milk Chocolate Candy200 g,$5.49ea,,$2.75/ 100g,False,1449.0,
snacks,Lay's,Potato Chips All Dressed 235g,Lay'sPotato Chips All Dressed 235g235 g,$4.99ea,,$2.12/ 100g,False,1450.0,
snacks,Lay's,Ketchup flavoured potato chips,Lay'sKetchup flavoured potato chips235 g,$4.99ea,,$2.12/ 100g,False,1451.0,
snacks,PopCorners,Flavoured Popped-Corn Chips Sweet Chili,PopCornersFlavoured Popped-Corn Chips Sweet Chili142 g,$5.49ea,,$3.87/ 100g,False,1452.0,
snacks,Wrigley,"Peppermint Flavoured Sugar Free Chewing Gum, 12 Pieces, 1 Pack","WrigleyPeppermint Flavoured Sugar Free Chewing Gum, 12 Pieces, 1 Pack12 ea",$1.79ea,,$0.15/ 1ea,False,1453.0,
snacks,President's Choice,Milk Chocolate Covered Chai Tea Almonds,President's ChoiceMilk Chocolate Covered Chai Tea Almonds250 g,$5.99ea,,$2.40/ 100g,False,1454.0,
snacks,Haribo,Starmix,HariboStarmix175 g,$3.49ea,,$1.99/ 100g,False,1455.0,
snacks,President's Choice,Dipped & Chewy Chocolate Chip Granola Bars,President's ChoiceDipped & Chewy Chocolate Chip Granola Bars156 g,$3.29ea,,$2.11/ 100g,False,1456.0,
snacks,Lay's,Poppables Sea Salt flavoured potato snacks,Lay'sPoppables Sea Salt flavoured potato snacks130 g,$4.99ea,,$3.84/ 100g,False,1457.0,
snacks,Twizzlers,Tongue Twister Fruity Gummies,TwizzlersTongue Twister Fruity Gummies182 g,$3.19ea,,$1.75/ 100g,False,1458.0,
snacks,Neal Brothers Foods,"Chips, Organic Blue Tortilla","Neal Brothers FoodsChips, Organic Blue Tortilla300 g",$5.49ea,,$1.83/ 100g,False,1459.0,
snacks,Christie,Fudgee-O Original Cookies,ChristieFudgee-O Original Cookies303 g,$4.29ea,,$1.42/ 100g,False,1460.0,
snacks,Christie,Chips Ahoy! Triple Chocolate Chunks Cookies,ChristieChips Ahoy! Triple Chocolate Chunks Cookies251 g,$4.29ea,,$1.71/ 100g,False,1461.0,
snacks,President's Choice,Ruby Cocoa Bean Bar,President's ChoiceRuby Cocoa Bean Bar90 g,$2.49ea,,$2.77/ 100g,False,1462.0,
snacks,Christie,Ritz Crackers,ChristieRitz Crackers304 g,$3.99ea,,$1.31/ 100g,False,1463.0,
snacks,Dare,Breton Garden Vegetable,DareBreton Garden Vegetable225 g,$3.89ea,,$1.73/ 100g,False,1464.0,
snacks,Christie,Ritz Bits Cheese Cracker Sandwiches,ChristieRitz Bits Cheese Cracker Sandwiches180 g,$3.99ea,,$2.22/ 100g,False,1465.0,
snacks,Christie,"Good Thins Rice Crackers, Simply Salt","ChristieGood Thins Rice Crackers, Simply Salt100 g",$3.99ea,,$3.99/ 100g,False,1466.0,
snacks,Lindt,EXCELLENCE Sea Salt Dark Chocolate Bar,LindtEXCELLENCE Sea Salt Dark Chocolate Bar100 g,$4.29ea,,$4.29/ 100g,False,1467.0,
snacks,Ritz,Cheese Nibs Crackers,RitzCheese Nibs Crackers200 g,$3.99ea,,$2.00/ 100g,False,1468.0,
snacks,Oreo,Oreo Golden Cookies,OreoOreo Golden Cookies270 g,$4.29ea,,$1.59/ 100g,False,1469.0,
snacks,Nestle,Coffee Crisp Pops Chocolaty Snacks Carton,NestleCoffee Crisp Pops Chocolaty Snacks Carton70 g,$2.79ea,,$3.99/ 100g,False,1470.0,
snacks,Triscuit,Minis Original Crackers-Mini,TriscuitMinis Original Crackers-Mini200 g,$3.99ea,,$2.00/ 100g,False,1471.0,
snacks,Christie,Chips Ahoy! Original Cookies,ChristieChips Ahoy! Original Cookies258 g,$4.29ea,,$1.66/ 100g,False,1472.0,
snacks,Christie,Wheat Thins Multigrain Crackers,ChristieWheat Thins Multigrain Crackers200 g,$3.99ea,,$2.00/ 100g,False,1473.0,
snacks,Oreo,Oreo Original Cookies,OreoOreo Original Cookies270 g,$4.29ea,,$1.59/ 100g,False,1474.0,
snacks,Christie,Ritz Crackers Low Sodium,ChristieRitz Crackers Low Sodium200 g,$3.99ea,,$2.00/ 100g,False,1475.0,
snacks,Christie,Ritz Cheese Crackers,ChristieRitz Cheese Crackers200 g,$3.99ea,,$2.00/ 100g,False,1476.0,
snacks,Kinder,"Surprise Chocolate Egg with Toy, Easter Egg, Classic Edition, Large Gift","KinderSurprise Chocolate Egg with Toy, Easter Egg, Classic Edition, Large Gift100 g",$6.99ea,,$6.99/ 100g,False,1477.0,
snacks,President's Choice,Unsweetened Apple Sauce,President's ChoiceUnsweetened Apple Sauce6x100.0 ml,$2.99ea,,$0.50/ 100ml,False,1478.0,
snacks,Grissol,Melba Toast Original,GrissolMelba Toast Original400 g,$5.99ea,,$1.50/ 100g,False,1479.0,
snacks,S&F,"Red Peppers, Roasted","S&FRed Peppers, Roasted500 ml",$5.49ea,,$1.10/ 100ml,False,1480.0,
snacks,,"Vicky's Artisan Flatbread, Roasted Garlic","Vicky's Artisan Flatbread, Roasted Garlic130 g",$6.29ea,,$4.84/ 100g,False,1481.0,
snacks,Kosa,Crispy Coconut Rolls,KosaCrispy Coconut Rolls140 g,$6.99ea,,$4.99/ 100g,False,1482.0,
snacks,No Name,Banana Flavoured Pudding Cups 4 Pack,No NameBanana Flavoured Pudding Cups 4 Pack4x99.0 g,$1.79ea,,$0.45/ 100g,False,1483.0,
snacks,Lindt,"GOLD BUNNY Milk Chocolate Mini Easter Bunnies, Pack of 5","LindtGOLD BUNNY Milk Chocolate Mini Easter Bunnies, Pack of 55 ea",$7.99ea,,$15.98/ 100g,False,1484.0,
snacks,Grissol,Baguettes Toasted Snack Bread Jalapeño Cheddar Flavour ,GrissolBaguettes Toasted Snack Bread Jalapeño Cheddar Flavour 120 g,$3.89ea,,$3.24/ 100g,False,1485.0,
snacks,Exclusive Brands,Seasoned Pretzel Pieces Honey Mustard,Exclusive BrandsSeasoned Pretzel Pieces Honey Mustard56 g,$1.99ea,,$3.55/ 100g,False,1486.0,
snacks,President's Choice,Crisp & Thin Crackers with Flax & Honey,President's ChoiceCrisp & Thin Crackers with Flax & Honey225 g,$3.79ea,,$1.68/ 100g,False,1487.0,
snacks,Loacker,Crispy Dark Chocolate Specialty With Hazelnut Cream Filling Dark,LoackerCrispy Dark Chocolate Specialty With Hazelnut Cream Filling Dark63 g,$3.99ea,,$6.33/ 100g,False,1488.0,
snacks,Grissol,Olive Oil & Rosemary Melba Toast,GrissolOlive Oil & Rosemary Melba Toast400 g,$5.99ea,,$1.50/ 100g,False,1489.0,
snacks,Parle,Marie Biscuits,ParleMarie Biscuits150 g,$1.19ea,,$0.79/ 100g,False,1490.0,
snacks,Pepperidge Farm,Goldfish Baked Snack Crackers Mix Xtreme Cheddar + Pretzel,Pepperidge FarmGoldfish Baked Snack Crackers Mix Xtreme Cheddar + Pretzel180 g,$3.99ea,,$2.22/ 100g,False,1491.0,
snacks,President's Choice,Devon Custard,President's ChoiceDevon Custard400 g,$4.29ea,,$1.07/ 100g,False,1492.0,
snacks,Jean Talon,"16 Mini Hollow Cars, 400g","Jean Talon16 Mini Hollow Cars, 400g400 g",$13.99ea,,$3.50/ 100g,False,1493.0,
snacks,RJ's Licorice,Soft Eating Licorice Original,RJ's LicoriceSoft Eating Licorice Original180 g,$4.79ea,$3.99ea,$2.22/ 100g,True,1494.0,saleEnds 03/22
snacks,Ferrero,"Butterfinger, Peanut-Buttery Chocolate Candy Bar","FerreroButterfinger, Peanut-Buttery Chocolate Candy Bar54 g",$1.49ea,,$2.76/ 100g,False,1495.0,
snacks,Kivotos,Honey from Flowers and Conifer Trees Gold Liquid,KivotosHoney from Flowers and Conifer Trees Gold Liquid500 g,$9.99ea,,$2.00/ 100g,False,1496.0,
snacks,34 Degrees,Natural Crispbread,34 DegreesNatural Crispbread127 g,$5.99ea,,$4.72/ 100g,False,1497.0,
snacks,Reko,"Pizzelle Cookies, Vanilla","RekoPizzelle Cookies, Vanilla200 g",$4.99ea,,$2.50/ 100g,False,1498.0,
snacks,New York Style,"Bagel Crisps, Sea Salt","New York StyleBagel Crisps, Sea Salt170 g",$4.99ea,,$2.94/ 100g,False,1499.0,
snacks,Cadbury,Mini Eggs Assorted Chocolate,CadburyMini Eggs Assorted Chocolate943 g,$20.99ea,,$2.23/ 100g,False,1500.0,
snacks,PC Black Label,Raisin and Black Currant Artisan Crisps,PC Black LabelRaisin and Black Currant Artisan Crisps150 g,$6.49ea,,$4.33/ 100g,False,1501.0,
snacks,Glico,Pocky Chocolate Cream Coated Biscuit Sticks 12 Packs,GlicoPocky Chocolate Cream Coated Biscuit Sticks 12 Packs156 g,$5.29ea,,$3.39/ 100g,False,1502.0,
snacks,GoGo squeez,"Squeeze, Applesauce Apple Banana","GoGo squeezSqueeze, Applesauce Apple Banana4x90.0 g",$4.59ea,,$1.28/ 100g,False,1503.0,
snacks,Stik-O,Chocolate Wafer Stick,Stik-OChocolate Wafer Stick280 g,$3.29ea,,$1.18/ 100g,False,1504.0,
snacks,Orville,"Popcorn Bowl, Extra Buttery    ","OrvillePopcorn Bowl, Extra Buttery    6x82.0 g",$5.99ea,,$1.22/ 100g,False,1505.0,
snacks,Dole,Parfait Mandarins in Orange Gel,DoleParfait Mandarins in Orange Gel4x123.0 g,$3.99ea,,$0.81/ 100g,False,1506.0,
snacks,President's Choice,Ginger Cookie Chips,President's ChoiceGinger Cookie Chips170 g,$3.99ea,,$2.35/ 100g,False,1507.0,
snacks,Dole,Parfait Mixed Fruit in Cherry Gel,DoleParfait Mixed Fruit in Cherry Gel4x123.0 g,$3.99ea,,$0.81/ 100g,False,1508.0,
snacks,M&M's,"Peanut Milk Chocolate Candies, Party Size Share Bag","M&M'sPeanut Milk Chocolate Candies, Party Size Share Bag800 g",$16.99ea,,$2.12/ 100g,False,1509.0,
snacks,Mentos,Peppermint,MentosPeppermint37 g,$1.29ea,,$3.49/ 100g,False,1510.0,
snacks,Kinder,"Surprise Chocolate Egg with Toy, Easter Egg, Pink Edition, Large Gift","KinderSurprise Chocolate Egg with Toy, Easter Egg, Pink Edition, Large Gift100 g",$6.99ea,,$6.99/ 100g,False,1511.0,
snacks,Leclerc,Celebration Milk Chocolate Butter Cookies,LeclercCelebration Milk Chocolate Butter Cookies240 g,$4.49ea,,$1.87/ 100g,False,1512.0,
snacks,Quaker,Crispy Minis Sweet Chili flavour brown rice chips,QuakerCrispy Minis Sweet Chili flavour brown rice chips100 g,$3.99ea,,$3.99/ 100g,False,1513.0,
snacks,Reese's,Reese Minis Peanut Butter Cups Candy,Reese'sReese Minis Peanut Butter Cups Candy800 g,$15.99ea,,$2.00/ 100g,False,1514.0,
snacks,Gioia,Savoiardi Biscuits,GioiaSavoiardi Biscuits400 g,$4.49ea,,$1.12/ 100g,False,1515.0,
snacks,Popchips,Original Aged White Cheddar Flavoured Popped Potato Snack,PopchipsOriginal Aged White Cheddar Flavoured Popped Potato Snack142 g,$3.99ea,,$2.81/ 100g,False,1516.0,
snacks,Joseph's Nutless Clusters,Chocolate 6 Pack,Joseph's Nutless ClustersChocolate 6 Pack144 g,$4.99ea,,$3.47/ 100g,False,1517.0,
snacks,Kashi,"Chocolate Peanut Butter Whole Grain Bar, 5 Bars","KashiChocolate Peanut Butter Whole Grain Bar, 5 Bars175 g",$4.99ea,,$2.85/ 100g,False,1518.0,
snacks,Lesley Stowe's,Lesley Stowe Raincoast Crisps Rosemary Raisin Pecan Crackers,Lesley Stowe'sLesley Stowe Raincoast Crisps Rosemary Raisin Pecan Crackers150 g,$7.69ea,,$5.13/ 100g,False,1519.0,
snacks,Excel,"Mint Flavoured Sugar Free Chewing Gum, 18 Pieces, 3 Packs","ExcelMint Flavoured Sugar Free Chewing Gum, 18 Pieces, 3 Packs75 g",$4.99ea,,$6.65/ 100g,False,1520.0,
snacks,Nature Valley,Sweet & Salty Almond Chewy Granola Bars,Nature ValleySweet & Salty Almond Chewy Granola Bars210 g,$4.49ea,,$2.14/ 100g,False,1521.0,
snacks,No Name,Strawberry Turnovers,No NameStrawberry Turnovers300 g,$2.99ea,,$1.00/ 100g,False,1522.0,
snacks,Nestle,Aero Peppermint Milk Chocolate Minis,NestleAero Peppermint Milk Chocolate Minis135 g,$5.99ea,,$4.44/ 100g,False,1523.0,
snacks,Quaker,Crispy Minis Rice Chips Farmhouse Cheddar,QuakerCrispy Minis Rice Chips Farmhouse Cheddar100 g,$3.99ea,,$3.99/ 100g,False,1524.0,
snacks,Quaker,Crispy Minis Everything Large Brown Rice Cakes,QuakerCrispy Minis Everything Large Brown Rice Cakes168 g,$3.99ea,,$2.38/ 100g,False,1525.0,
snacks,Three Farmers,Fava Beans Roasted Dill Pickle,Three FarmersFava Beans Roasted Dill Pickle140 g,$4.99ea,$3.99ea,$2.85/ 100g,True,1526.0,saleEnds 03/15
snacks,Tostitos,Simply Blue Corn Tortilla Chips 240g,TostitosSimply Blue Corn Tortilla Chips 240g240 g,$5.99ea,,$2.50/ 100g,False,1527.0,
snacks,Dare,Bear Paws Morning Snack Cereal and Vanilla Yogourt Cookies,DareBear Paws Morning Snack Cereal and Vanilla Yogourt Cookies189 g,$4.49ea,,$2.38/ 100g,False,1528.0,
snacks,Dare,Whippet Sticks Coconut Cookies,DareWhippet Sticks Coconut Cookies250 g,$4.29ea,,$1.72/ 100g,False,1529.0,
snacks,Nature Valley,Muffin Blueberry,Nature ValleyMuffin Blueberry175 g,$5.49ea,,$3.14/ 100g,False,1530.0,
snacks,Nestle,Classic Share Bag,NestleClassic Share Bag160 g,$7.49ea,,$4.68/ 100g,False,1531.0,
snacks,Peek Freans,Digestive Biscuits,Peek FreansDigestive Biscuits300 g,$4.99ea,,$1.66/ 100g,False,1532.0,
snacks,President's Choice,Dry Roasted Almonds with Sea Salt,President's ChoiceDry Roasted Almonds with Sea Salt1 kg,$24.49ea,,$2.23/ 100g,False,1533.0,
snacks,Cadbury,Dairy Milk Four Pack Chocolate Bar,CadburyDairy Milk Four Pack Chocolate Bar4x42.0 g,$5.99ea,,$3.57/ 100g,False,1534.0,
snacks,President's Choice,Belgian Chocolate and Toffee Cookies,President's ChoiceBelgian Chocolate and Toffee Cookies150 g,$3.99ea,,$2.66/ 100g,False,1535.0,
snacks,Blue Diamond,Bold Almonds Spicy Dill Pickle,Blue DiamondBold Almonds Spicy Dill Pickle170 g,$6.99ea,,$4.11/ 100g,False,1536.0,
snacks,President's Choice,Lemon Meringue Dessert Cookies,President's ChoiceLemon Meringue Dessert Cookies300 g,$3.99ea,,$1.33/ 100g,False,1537.0,
snacks,McSweeneys,"Beef Jerky, Original","McSweeneysBeef Jerky, Original125 g",$8.99ea,,$7.19/ 100g,False,1538.0,
snacks,Haldiram,Boondi,HaldiramBoondi350 g,$3.99ea,,$1.14/ 100g,False,1539.0,
snacks,Hershey's, Cookies'N'Creme With Graham Clusters Chocolate Bar,Hershey's Cookies'N'Creme With Graham Clusters Chocolate Bar90 g,$2.99ea,,$3.32/ 100g,False,1540.0,
snacks,Sensible Portions,"Veggie Chips, Sea Salt","Sensible PortionsVeggie Chips, Sea Salt141 g",$4.29ea,,$3.04/ 100g,False,1541.0,
snacks,Christie,Teddy Grahams Honey Cookies,ChristieTeddy Grahams Honey Cookies225 g,$3.99ea,,$1.77/ 100g,False,1542.0,
snacks,Pillsbury,Brownie Smores Granola Bars,PillsburyBrownie Smores Granola Bars150 g,$3.99ea,,$2.66/ 100g,False,1543.0,
snacks,Nestle,Aero Milk Chocolate Bar,NestleAero Milk Chocolate Bar4x4.0 ea,$5.99ea,,$3.57/ 100g,False,1544.0,
snacks,President's Choice,Dark Chocolate Coconut Almonds,President's ChoiceDark Chocolate Coconut Almonds250 g,$5.99ea,,$2.40/ 100g,False,1545.0,
snacks,Bubbies,Biscotti Chocolate Marble,BubbiesBiscotti Chocolate Marble256 g,$6.99ea,,$2.73/ 100g,False,1546.0,
snacks,Dare,Realjubes Original,DareRealjubes Original818 g,$4.99ea,$4.49ea,$0.55/ 100g,True,1547.0,saleEnds 03/22
snacks,Haldiram,Kaju Butter Cookies    ,HaldiramKaju Butter Cookies    250 g,$4.59ea,,$1.84/ 100g,False,1548.0,
snacks,No Name,Mini Cups ,No NameMini Cups 1 ea,$2.49ea,,$5.53/ 100g,False,1549.0,
snacks,Surati,Bhungra Ready To Eat Snack,SuratiBhungra Ready To Eat Snack80 g,$1.79ea,,$2.24/ 100g,False,1550.0,
snacks,Lotte,Choco Pie     ,LotteChoco Pie     336 g,$5.79ea,,$1.72/ 100g,False,1551.0,
snacks,Paldo,Crab Flavoured Chips ,PaldoCrab Flavoured Chips 50 g,$1.99ea,,$3.98/ 100g,False,1552.0,
snacks,Nestle,Turtles Original King Size,NestleTurtles Original King Size67 g,$2.79ea,,$4.16/ 100g,False,1553.0,
snacks,Nestle,Kit Kat Chocolate Easter Bunny Gift Pack,NestleKit Kat Chocolate Easter Bunny Gift Pack140 g,$9.99ea,,$7.14/ 100g,False,1554.0,
snacks,President's Choice,Sea Salt Purple Kernel Popcorn,President's ChoiceSea Salt Purple Kernel Popcorn220 g,$3.49ea,,$1.59/ 100g,False,1555.0,
snacks,Ruffles,Double Crunch Potato Chips Original 180g,RufflesDouble Crunch Potato Chips Original 180g180 g,$4.99ea,,$2.77/ 100g,False,1556.0,
snacks,Tostitos,Hint of Lime flavour tortilla chips 275g,TostitosHint of Lime flavour tortilla chips 275g275 g,$5.49ea,,$2.00/ 100g,False,1557.0,
snacks,Rold Gold,Classic Style Pretzel Sticks 370g,Rold GoldClassic Style Pretzel Sticks 370g370 g,$4.79ea,,$1.29/ 100g,False,1558.0,
snacks,President's Choice,Jalapeno Flavour Kettle Cooked Chips,President's ChoiceJalapeno Flavour Kettle Cooked Chips200 g,$3.49ea,,$1.75/ 100g,False,1559.0,
snacks,President's Choice,Kettle Style Blue Corn Tortilla Chips Seasoned with Sea Salt,President's ChoiceKettle Style Blue Corn Tortilla Chips Seasoned with Sea Salt368 g,$3.99ea,,$1.08/ 100g,False,1560.0,
snacks,President's Choice, Bite Size Round Tortilla Chips,President's Choice Bite Size Round Tortilla Chips350 g,$3.99ea,,$1.14/ 100g,False,1561.0,
snacks,Ruffles,Salt & Vinegar Flavoured Potato Chips,RufflesSalt & Vinegar Flavoured Potato Chips200 g,$4.99ea,,$2.50/ 100g,False,1562.0,
snacks,Smart Food,Movie Night Butter Flavour Seasoned Popcorn 150g,Smart FoodMovie Night Butter Flavour Seasoned Popcorn 150g150 g,$5.49ea,,$3.66/ 100g,False,1563.0,
snacks,Lay's,Classic potato chips,Lay'sClassic potato chips415 g,$6.99ea,,$1.68/ 100g,False,1564.0,
snacks,No Name,Cheddar Bacon Potato Chips,No NameCheddar Bacon Potato Chips200 g,$2.99ea,,$1.50/ 100g,False,1565.0,
snacks,Ruffles,Regular Potato Chips,RufflesRegular Potato Chips350 g,$6.49ea,,$1.85/ 100g,False,1566.0,
snacks,Orville,"Popcorn, Smart Pop","OrvillePopcorn, Smart Pop10x70.0 g",$9.59ea,,$1.37/ 100g,False,1567.0,
snacks,Uncle Bob,Yellow Popcorn,Uncle BobYellow Popcorn900 g,$3.49ea,,$0.39/ 100g,False,1568.0,
snacks,SunRype,100% Fruit Bar Pack,SunRype100% Fruit Bar Pack12x37.0 g,$9.99ea,,$2.25/ 100g,False,1569.0,
snacks,Tostitos,Scoops! tortilla chips 215g,TostitosScoops! tortilla chips 215g215 g,$5.49ea,,$2.55/ 100g,False,1570.0,
snacks,Nestle,Aero White Chocolate Bar,NestleAero White Chocolate Bar42 g,$1.79ea,,$4.26/ 100g,False,1571.0,
snacks,Smart Food,White Cheddar flavour seasoned popcorn 305g,Smart FoodWhite Cheddar flavour seasoned popcorn 305g305 g,$6.49ea,,$2.13/ 100g,False,1572.0,
snacks,President's Choice,Large & Round White Corn Tortilla Chips ,President's ChoiceLarge & Round White Corn Tortilla Chips 340 g,$3.99ea,,$1.17/ 100g,False,1573.0,
snacks,Tostitos,Restaurant Style tortilla chips 275g,TostitosRestaurant Style tortilla chips 275g275 g,$5.49ea,,$2.00/ 100g,False,1574.0,
snacks,Tostitos,Restaurant Style tortilla chips 455g,TostitosRestaurant Style tortilla chips 455g455 g,$6.49ea,,$1.43/ 100g,False,1575.0,
snacks,Ruffles,Bar-B-Q Flavoured Potato Chips,RufflesBar-B-Q Flavoured Potato Chips200 g,$4.99ea,,$2.50/ 100g,False,1576.0,
snacks,No Name,Regular Rippled Potato Chips,No NameRegular Rippled Potato Chips750 g,$5.99ea,,$0.80/ 100g,False,1577.0,
snacks,Hubba Bubba,"Mixed Fruit Flavoured Bubble Gum Variety Pack, 5 Pieces, 4 Packs","Hubba BubbaMixed Fruit Flavoured Bubble Gum Variety Pack, 5 Pieces, 4 Packs160 g",$5.49ea,,$3.43/ 100g,False,1578.0,
snacks,Doritos,Dinamita Chile-Lime Burn rolled tortilla chips,DoritosDinamita Chile-Lime Burn rolled tortilla chips280 g,$5.49ea,,$1.96/ 100g,False,1579.0,
snacks,Casa Bonita,Cantina Style Spent Grain Beer Chips,Casa BonitaCantina Style Spent Grain Beer Chips300 g,$3.79ea,,$1.26/ 100g,False,1580.0,
snacks,RJ's Licorice,Soft Eating Licorice Raspberry,RJ's LicoriceSoft Eating Licorice Raspberry180 g,$4.79ea,$3.99ea,$2.22/ 100g,True,1581.0,saleEnds 03/22
snacks,Jean Talon,"Hockey Hollow, 400g","Jean TalonHockey Hollow, 400g400 g",$13.99ea,,$3.50/ 100g,False,1582.0,
snacks,Ryvita,Snackbread Pepper Flavour,RyvitaSnackbread Pepper Flavour125 g,$4.49ea,,$3.59/ 100g,False,1583.0,
snacks,President's Choice,Unsweetened Apple Blueberry Apple Sauce,President's ChoiceUnsweetened Apple Blueberry Apple Sauce6x100.0 ml,$2.99ea,,$0.50/ 100ml,False,1584.0,
snacks,President's Choice,Peanut Butter & Dark Chocolate Chip Protein Granola Bars,President's ChoicePeanut Butter & Dark Chocolate Chip Protein Granola Bars148 g,$3.99ea,,$2.70/ 100g,False,1585.0,
snacks,Blue Diamond,Bold Almonds Sriracha Flavoured,Blue DiamondBold Almonds Sriracha Flavoured170 g,$6.99ea,,$4.11/ 100g,False,1586.0,
snacks,Jack Links,Bacon Jerky Hickory Smoked,Jack LinksBacon Jerky Hickory Smoked65 g,$6.99ea,,$10.75/ 100g,False,1587.0,
snacks,Nestle,Cookie Crumble Wafer Bar,NestleCookie Crumble Wafer Bar120 g,$2.99ea,,$2.49/ 100g,False,1588.0,
snacks,Ritter Sport,"Chocolate, Dark  with Peppermint Filling","Ritter SportChocolate, Dark  with Peppermint Filling100 g",$2.99ea,,$2.99/ 100g,False,1589.0,
snacks,Starburst,Gummies  Duos 2 Flavours in 1 164 g,StarburstGummies  Duos 2 Flavours in 1 164 g164 g,$3.79ea,,$2.31/ 100g,False,1590.0,
snacks,Dare,Sours Citrus Burst,DareSours Citrus Burst180 g,$2.79ea,,$1.55/ 100g,False,1591.0,
snacks,Storck,Riesen Soft Chocolate Caramel Candy,StorckRiesen Soft Chocolate Caramel Candy135 g,$3.49ea,,$2.59/ 100g,False,1592.0,
snacks,President's Choice,70% Dark Chocolate Bar,President's Choice70% Dark Chocolate Bar300 g,$5.99ea,,$2.00/ 100g,False,1593.0,
snacks,Pop Daddy,Pretzel Sticks Hot Sauce,Pop DaddyPretzel Sticks Hot Sauce212 g,$5.49ea,,$2.59/ 100g,False,1594.0,
snacks,Terry's,Orange Flavoured Dark Chocolate ,Terry'sOrange Flavoured Dark Chocolate 90 g,$2.99ea,,$3.32/ 100g,False,1595.0,
snacks,M&M's,"Milk Chocolate Candies, Bowl Size Bag","M&M'sMilk Chocolate Candies, Bowl Size Bag400 g",$9.99ea,,$2.50/ 100g,False,1596.0,
snacks,Britannia,Good Day Cashew Cookies,BritanniaGood Day Cashew Cookies231 g,$3.29ea,,$1.42/ 100g,False,1597.0,
snacks,Nestle,Coffee Crisp Double Double 2 Piece Share Size Bar,NestleCoffee Crisp Double Double 2 Piece Share Size Bar75 g,$2.79ea,,$3.72/ 100g,False,1598.0,
snacks,Toblerone,Toblerone Milk Chocolate Chocolate Bar,TobleroneToblerone Milk Chocolate Chocolate Bar100 g,$2.99ea,,$2.99/ 100g,False,1599.0,
snacks,Lindt,Caramel Milk Chocolate Squares Bag,LindtCaramel Milk Chocolate Squares Bag151 g,$8.99ea,,$5.95/ 100g,False,1600.0,
snacks,Mondoux,Assorted Licorice,MondouxAssorted Licorice185 g,$2.79ea,,$1.51/ 100g,False,1601.0,
snacks,Voortman,"Turnover Cookie, Raspberry","VoortmanTurnover Cookie, Raspberry300 g",$3.99ea,,$1.33/ 100g,False,1602.0,
snacks,Cadbury,Caramilk Original Chocolate Bar,CadburyCaramilk Original Chocolate Bar100 g,$2.99ea,,$2.99/ 100g,False,1603.0,
snacks,President's Choice,Milk Chocolate Covered Almonds,President's ChoiceMilk Chocolate Covered Almonds700 g,$10.99ea,,$1.57/ 100g,False,1604.0,
snacks,JOLLY RANCHER,Tropical Hard Candy,JOLLY RANCHERTropical Hard Candy198 g,$3.19ea,,$1.61/ 100g,False,1605.0,
snacks,Hardbite,"Handcrafted-Style Chips, BBQ Sweet Potato Chips","HardbiteHandcrafted-Style Chips, BBQ Sweet Potato Chips150 g",$4.49ea,,$2.99/ 100g,False,1606.0,
snacks,Lindt, Fudge Swirl,Lindt Fudge Swirl150 g,$8.99ea,,$5.99/ 100g,False,1607.0,
snacks,President's Choice,Loads Of Barbecue Rippled Potato Chips,President's ChoiceLoads Of Barbecue Rippled Potato Chips200 g,$3.49ea,,$1.75/ 100g,False,1608.0,
snacks,JOLLY RANCHER,Misfits Gummies Mer-Bears Candy,JOLLY RANCHERMisfits Gummies Mer-Bears Candy182 g,$3.19ea,,$1.75/ 100g,False,1609.0,
snacks,Ritter Sport,Bittersweet Chocolate,Ritter SportBittersweet Chocolate100 g,$2.99ea,,$2.99/ 100g,False,1610.0,
snacks,Terra,"Vegetable Chips, Mediterranean","TerraVegetable Chips, Mediterranean170 g",$6.49ea,,$3.82/ 100g,False,1611.0,
snacks,Terra,"Vegetable Chips, Sweet Potato","TerraVegetable Chips, Sweet Potato170 g",$6.49ea,,$3.82/ 100g,False,1612.0,
snacks,President's Choice,Suisse Milk Chocolate Bar With Honey Almond Nougat,President's ChoiceSuisse Milk Chocolate Bar With Honey Almond Nougat400 g,$5.99ea,,$1.50/ 100g,False,1613.0,
snacks,Sensible Portions,Veggie Chips,Sensible PortionsVeggie Chips142 g,$4.29ea,,$3.02/ 100g,False,1614.0,
snacks,Quaker,Crispy Minis Caramel Corn Flavour Large Brown Rice Cakes,QuakerCrispy Minis Caramel Corn Flavour Large Brown Rice Cakes186 g,$3.99ea,,$2.15/ 100g,False,1615.0,
snacks,Twigz,Fire Roasted Jalapeño Craft Pretzels,TwigzFire Roasted Jalapeño Craft Pretzels130 g,$4.99ea,,$3.84/ 100g,False,1616.0,
snacks,Trolli,Sour Brite Crawlers Candy,TrolliSour Brite Crawlers Candy142 g,$2.49ea,,$1.75/ 100g,False,1617.0,
snacks,Planters,Bar Mix Craft,PlantersBar Mix Craft550 g,$6.99ea,,$1.27/ 100g,False,1618.0,
snacks,Merci,"0.72 Dark Chocolate Bar, 100G  ","Merci0.72 Dark Chocolate Bar, 100G  100 g",$3.49ea,,$3.49/ 100g,False,1619.0,
snacks,Terry's,Cookie Orange Flavoured Milk Chocolatey Confection With Cookie Pieces,Terry'sCookie Orange Flavoured Milk Chocolatey Confection With Cookie Pieces90 g,$2.99ea,,$3.32/ 100g,False,1620.0,
snacks,Whittaker's,Dark Chocolate Dark Almond 200 G ,Whittaker'sDark Chocolate Dark Almond 200 G 200 g,$5.99ea,,$3.00/ 100g,False,1621.0,
snacks,Prigat,Sunflower Seeds,PrigatSunflower Seeds200 g,$2.79ea,,$1.40/ 100g,False,1622.0,
snacks,Cadbury,Dairy Milk Filled Chocolate Eggs Mini,CadburyDairy Milk Filled Chocolate Eggs Mini362 g,$14.99ea,,$4.14/ 100g,False,1623.0,
snacks,No Name,Original Party Mix,No NameOriginal Party Mix320 g,$3.99ea,,$1.25/ 100g,False,1624.0,
snacks,Kinder,Hollow Bunny with Surprise,KinderHollow Bunny with Surprise75 g,$4.99ea,,$6.65/ 100g,False,1625.0,
snacks,Britannia,Treat Jim Jam Flavoured Sandwich Biscuits Naughty Jam,BritanniaTreat Jim Jam Flavoured Sandwich Biscuits Naughty Jam100 g,$1.29ea,,$1.29/ 100g,False,1626.0,
snacks,Reese's,Foil Wrapped Solid Bunny,Reese'sFoil Wrapped Solid Bunny141 g,$7.99ea,,$5.67/ 100g,False,1627.0,
snacks,Nestle,Kit Kat Chocolate Easter Bunny Gift Pack,NestleKit Kat Chocolate Easter Bunny Gift Pack140 g,$9.99ea,,$7.14/ 100g,False,1628.0,
snacks,Leclerc,Celebration Milk Chocolate Butter Cookies,LeclercCelebration Milk Chocolate Butter Cookies240 g,$4.49ea,,$1.87/ 100g,False,1629.0,
snacks,Quaker,Crispy Minis Sweet Chili flavour brown rice chips,QuakerCrispy Minis Sweet Chili flavour brown rice chips100 g,$3.99ea,,$3.99/ 100g,False,1630.0,
snacks,Reese's,Reese Minis Peanut Butter Cups Candy,Reese'sReese Minis Peanut Butter Cups Candy800 g,$15.99ea,,$2.00/ 100g,False,1631.0,
snacks,Gioia,Savoiardi Biscuits,GioiaSavoiardi Biscuits400 g,$4.49ea,,$1.12/ 100g,False,1632.0,
snacks,Nestle,Kit Kat Milk Chocolate Wafer Bars,NestleKit Kat Milk Chocolate Wafer Bars4x4.0 ea,$5.99ea,,$3.33/ 100g,False,1633.0,
snacks,Kelloggs,"Nutri-Grain Cereal Bars, Blueberry 8 Bars","KelloggsNutri-Grain Cereal Bars, Blueberry 8 Bars295 g",$4.49ea,,$1.52/ 100g,False,1634.0,
snacks,Betty Crocker,Dunkaroos Chocolate,Betty CrockerDunkaroos Chocolate168 g,$5.49ea,,$3.27/ 100g,False,1635.0,
snacks,Dare,Bear Paws Banana Bread Cookies,DareBear Paws Banana Bread Cookies480 g,$6.79ea,,$1.41/ 100g,False,1636.0,
snacks,Enjoy Life,Lentil Chips Cheddar Flavour,Enjoy LifeLentil Chips Cheddar Flavour113 g,$4.99ea,$4.49ea,$3.97/ 100g,True,1637.0,saleEnds 03/15
snacks,GODIVA,Signature Minis Salted Caramel Milk,GODIVASignature Minis Salted Caramel Milk90 g,$4.49ea,,$4.99/ 100g,False,1638.0,
snacks,Mars,"Peanut Free Chocolate Candy Bites, Sharing Bag","MarsPeanut Free Chocolate Candy Bites, Sharing Bag193 g",$5.99ea,,$3.10/ 100g,False,1639.0,
snacks,Quaker,Chewy Fruity Fun Value Pack,QuakerChewy Fruity Fun Value Pack960 g,$11.99ea,,$1.25/ 100g,False,1640.0,
snacks,Jack Links,Extra Hot! Beef Jerky,Jack LinksExtra Hot! Beef Jerky80 g,$6.99ea,,$8.74/ 100g,False,1641.0,
snacks,Merci,"Chocolate, Individual Milk  Bars Hazelnut-Almond","MerciChocolate, Individual Milk  Bars Hazelnut-Almond100 g",$3.49ea,,$3.49/ 100g,False,1642.0,
snacks,Nestle,KitKat Hazelnut Crunch Wafer Bar,NestleKitKat Hazelnut Crunch Wafer Bar120 g,$2.99ea,,$2.49/ 100g,False,1643.0,
snacks,RiceWorks,"Rice Snacks, Sea Salt & Black Sesame","RiceWorksRice Snacks, Sea Salt & Black Sesame155 g",$3.99ea,,$2.57/ 100g,False,1644.0,
snacks,Dare,Whippet Milk Chocolate Caramel Cookies,DareWhippet Milk Chocolate Caramel Cookies230 g,$4.29ea,,$1.87/ 100g,False,1645.0,
snacks,President's Choice,Peanut Butter & Dark Chocolate Chip Protein Granola Bars,President's ChoicePeanut Butter & Dark Chocolate Chip Protein Granola Bars148 g,$3.99ea,,$2.70/ 100g,False,1646.0,
snacks,Blue Diamond,Bold Almonds Sriracha Flavoured,Blue DiamondBold Almonds Sriracha Flavoured170 g,$6.99ea,,$4.11/ 100g,False,1647.0,
snacks,Jack Links,Bacon Jerky Hickory Smoked,Jack LinksBacon Jerky Hickory Smoked65 g,$6.99ea,,$10.75/ 100g,False,1648.0,
snacks,No Name,Microwave Butter Flavour Popcorn,No NameMicrowave Butter Flavour Popcorn247 g,$2.99ea,,$1.21/ 100g,False,1649.0,
snacks,Ryvita,"Wholegrain Rye Crispbread, Rye & Oat Bran","RyvitaWholegrain Rye Crispbread, Rye & Oat Bran250 g",$4.49ea,,$1.80/ 100g,False,1650.0,
snacks,GoGo squeez,"Squeeze, Apple/Strawberry","GoGo squeezSqueeze, Apple/Strawberry12x90.0 g",$9.99ea,,$0.93/ 100g,False,1651.0,
snacks,Hershey's,Cookies 'N' Creme Polka Dot Bunny,Hershey'sCookies 'N' Creme Polka Dot Bunny120 g,$7.99ea,,$6.66/ 100g,False,1652.0,
snacks,Wrigley,"Outrageous Original Flavoured Bubble Gum, 5 Pieces, 1 Pack","WrigleyOutrageous Original Flavoured Bubble Gum, 5 Pieces, 1 Pack1 ea",$1.49ea,,$1.49/ 1ea,False,1653.0,
snacks,President's Choice,Peanut Free Strawberry Cereal Bars,President's ChoicePeanut Free Strawberry Cereal Bars300 g,$3.99ea,,$1.33/ 100g,False,1654.0,
snacks,Pringles,Potato Chips Ranch Flavour Limited Time Only!,PringlesPotato Chips Ranch Flavour Limited Time Only!156 g,$3.29ea,,$2.11/ 100g,False,1655.0,
snacks,Britannia,Chocolush Biscuits Fourrés Au Chocolat,BritanniaChocolush Biscuits Fourrés Au Chocolat75 g,$1.99ea,,$2.65/ 100g,False,1656.0,
snacks,Remix,Beanies Baked Crunchy Bean Puffs Smoked Paprika,RemixBeanies Baked Crunchy Bean Puffs Smoked Paprika110 g,$7.49ea,,$6.81/ 100g,False,1657.0,
snacks,Reese's,Foil Wrapped Solid Bunny,Reese'sFoil Wrapped Solid Bunny141 g,$7.99ea,,$5.67/ 100g,False,1658.0,
snacks,Loacker,"Cookies, Quadratini Bite Size Wafer  Chocolate","LoackerCookies, Quadratini Bite Size Wafer  Chocolate250 g",$4.99ea,,$2.00/ 100g,False,1659.0,
snacks,Chips Ahoy,"Chewy Cookies, Confetti Cake","Chips AhoyChewy Cookies, Confetti Cake408 g",$5.79ea,,$1.42/ 100g,False,1660.0,
snacks,Taverners,British Mix Gums ,TavernersBritish Mix Gums 175 g,$3.49ea,,$1.99/ 100g,False,1661.0,
snacks,Shneider's,Milk Almond Burts,Shneider'sMilk Almond Burts100 g,$2.99ea,,$2.99/ 100g,False,1662.0,
snacks,Pepperidge Farm,Goldfish  Cheddar Family Pack,Pepperidge FarmGoldfish  Cheddar Family Pack750 g,$9.99ea,,$1.33/ 100g,False,1663.0,
snacks,Lindt,Chocolate Milk,LindtChocolate Milk150 g,$8.99ea,,$5.99/ 100g,False,1664.0,
snacks,M&M's,"Peanut Butter Milk Chocolate Candies, Sharing Bag","M&M'sPeanut Butter Milk Chocolate Candies, Sharing Bag230 g",$5.99ea,,$2.60/ 100g,False,1665.0,
snacks,President's Choice,Chocolatey Filling Centrefulls,President's ChoiceChocolatey Filling Centrefulls280 g,$4.49ea,,$1.60/ 100g,False,1666.0,
snacks,Nestle,Coffee Crisp Double Double Wafer Bar,NestleCoffee Crisp Double Double Wafer Bar50 g,$1.79ea,,$3.58/ 100g,False,1667.0,
snacks,Quaker,Crispy Minis All Dressed Rice Chips,QuakerCrispy Minis All Dressed Rice Chips100 g,$3.99ea,,$3.99/ 100g,False,1668.0,
snacks,No Name,Celebration Trail Mix,No NameCelebration Trail Mix1 kg,$10.99ea,,$1.10/ 100g,False,1669.0,
snacks,Dare,Bear Paws Veggies + Fruits Strawberry & Yogourt Cookies,DareBear Paws Veggies + Fruits Strawberry & Yogourt Cookies168 g,$4.49ea,,$2.67/ 100g,False,1670.0,
snacks,Nature Valley,Sweet & Salty - Variety Pack,Nature ValleySweet & Salty - Variety Pack980 g,$11.99ea,,$1.22/ 100g,False,1671.0,
snacks,Quaker,Chewy Apple Bar   ,QuakerChewy Apple Bar   120 g,$3.49ea,,$2.91/ 100g,False,1672.0,
snacks,Lesley Stowe's,Raincoast Fig & Olive,Lesley Stowe'sRaincoast Fig & Olive150 g,$7.99ea,$7.69ea,$5.13/ 100g,True,1673.0,saleEnds 04/05
snacks,Jack Links,Peppered Beef Jerky Meat Snacks,Jack LinksPeppered Beef Jerky Meat Snacks80 g,$6.99ea,,$8.74/ 100g,False,1674.0,
snacks,President's Choice, Sea Salt Purple Kernel Corn Crisps,President's Choice Sea Salt Purple Kernel Corn Crisps110 g,$2.79ea,,$2.54/ 100g,False,1675.0,
snacks,Lindt,EXCELLENCE Raspberry Dark Chocolate Bar,LindtEXCELLENCE Raspberry Dark Chocolate Bar100 g,$4.29ea,,$4.29/ 100g,False,1676.0,
snacks,Lindt,LINDOR Milk Chocolate Truffles Box,LindtLINDOR Milk Chocolate Truffles Box156 g,$11.99ea,,$7.69/ 100g,False,1677.0,
snacks,Leclerc,Mint Truffle Cookies,LeclercMint Truffle Cookies240 g,$4.49ea,,$1.87/ 100g,False,1678.0,
snacks,Philippine Brand,Dried Mango,Philippine BrandDried Mango567 g,$17.99ea,,$3.17/ 100g,False,1679.0,
snacks,Que Pasa,Tortilla Chips Organic Jalapeño & Lime,Que PasaTortilla Chips Organic Jalapeño & Lime156 g,$4.49ea,,$2.88/ 100g,False,1680.0,
snacks,Lindt,LINDOR Milk Chocolate Truffles Box,LindtLINDOR Milk Chocolate Truffles Box156 g,$11.99ea,,$7.69/ 100g,False,1681.0,
snacks,Leclerc,Mint Truffle Cookies,LeclercMint Truffle Cookies240 g,$4.49ea,,$1.87/ 100g,False,1682.0,
snacks,Philippine Brand,Dried Mango,Philippine BrandDried Mango567 g,$17.99ea,,$3.17/ 100g,False,1683.0,
snacks,Que Pasa,Tortilla Chips Organic Jalapeño & Lime,Que PasaTortilla Chips Organic Jalapeño & Lime156 g,$4.49ea,,$2.88/ 100g,False,1684.0,
snacks,Carnaby Sweet,Gummy Bears,Carnaby SweetGummy Bears300 g,$2.99ea,,$1.00/ 100g,False,1685.0,
snacks,Mr. Cookies,Mr. Maple Cookies,Mr. CookiesMr. Maple Cookies325 g,$3.49ea,,$1.07/ 100g,False,1686.0,
snacks,Orville,"Popcorn, Smart Pop","OrvillePopcorn, Smart Pop10x70.0 g",$9.59ea,,$1.37/ 100g,False,1687.0,
snacks,Nestle,Turtles Original King Size,NestleTurtles Original King Size67 g,$2.79ea,,$4.16/ 100g,False,1688.0,
snacks,Loacker,"Cookies, Quadratini Bite Size Wafer  Chocolate","LoackerCookies, Quadratini Bite Size Wafer  Chocolate250 g",$4.99ea,,$2.00/ 100g,False,1689.0,
snacks,Chips Ahoy,"Chewy Cookies, Confetti Cake","Chips AhoyChewy Cookies, Confetti Cake408 g",$5.79ea,,$1.42/ 100g,False,1690.0,
snacks,Voortman,"Turnover Cookie, Blueberry","VoortmanTurnover Cookie, Blueberry300 g",$3.99ea,,$1.33/ 100g,False,1691.0,
snacks,OMG,Milk Chocolatey Clusters    ,OMGMilk Chocolatey Clusters    200 g,$5.79ea,,$2.90/ 100g,False,1692.0,
snacks,Planters,"Mixed Nuts, 60% Peanuts, Roasted & Salted","PlantersMixed Nuts, 60% Peanuts, Roasted & Salted250 g",$4.49ea,,$1.80/ 100g,False,1693.0,
snacks,Dare,Bear Paws Birthday Cake Cookies,DareBear Paws Birthday Cake Cookies168 g,$4.49ea,,$2.67/ 100g,False,1694.0,
snacks,Lundberg,Organic Rice Cake Minis Apple Pie Flavoured,LundbergOrganic Rice Cake Minis Apple Pie Flavoured142 g,$6.49ea,,$4.57/ 100g,False,1695.0,
snacks,Pillsbury,Brownie      ,PillsburyBrownie      150 g,$3.99ea,,$2.66/ 100g,False,1696.0,
snacks,Quaker,Crispy Minis White Cheddar Flavour Large Brown Rice Cakes,QuakerCrispy Minis White Cheddar Flavour Large Brown Rice Cakes140 g,$3.99ea,,$2.85/ 100g,False,1697.0,
snacks,Planters,"Almonds, Roasted & Salted","PlantersAlmonds, Roasted & Salted200 g",$4.49ea,,$2.25/ 100g,False,1698.0,
snacks,Lindt,EXCELLENCE 78% Cacao Dark Chocolate Bar,LindtEXCELLENCE 78% Cacao Dark Chocolate Bar100 g,$4.29ea,,$4.29/ 100g,False,1699.0,
snacks,Nature Valley,Muffin Apple Cinnamon,Nature ValleyMuffin Apple Cinnamon175 g,$5.49ea,,$3.14/ 100g,False,1700.0,
snacks,McSweeneys,Pepperoni Original Lil Peps,McSweeneysPepperoni Original Lil Peps150 g,$6.99ea,,$4.66/ 100g,False,1701.0,
snacks,Tic Tac,"Mints, Breath Freshener, Fresh Mint, 60 pills per pack, 3 Count Multipack","Tic TacMints, Breath Freshener, Fresh Mint, 60 pills per pack, 3 Count Multipack87 g",$4.49ea,,$5.16/ 100g,False,1702.0,
snacks,President's Choice,English-Style Gingersnap Cookies,President's ChoiceEnglish-Style Gingersnap Cookies350 g,$3.99ea,,$1.14/ 100g,False,1703.0,
snacks,Neal Brothers Foods,Organic Mexican Street Corn Chips,Neal Brothers FoodsOrganic Mexican Street Corn Chips276 g,$5.49ea,,$1.99/ 100g,False,1704.0,
snacks,Tim Hortons,Café Granola Bar,Tim HortonsCafé Granola Bar150 g,$3.29ea,,$2.19/ 100g,False,1705.0,
snacks,Kashi,Chewy Whole Grain Bars Dark Mocha Almond,KashiChewy Whole Grain Bars Dark Mocha Almond175 g,$4.99ea,,$2.85/ 100g,False,1706.0,
snacks,Jell-O,"Refrigerated Gelatin Snacks, Blueberry (4 X 96G)","Jell-ORefrigerated Gelatin Snacks, Blueberry (4 X 96G)4x96.0 g",$4.29ea,,$1.12/ 100g,False,1707.0,
snacks,Nature Valley,"Chewy Protein Bars, Peanut Butter Dark Chocolate","Nature ValleyChewy Protein Bars, Peanut Butter Dark Chocolate148 g",$4.49ea,,$3.03/ 100g,False,1708.0,
snacks,Aero,Black Forest Cake,AeroBlack Forest Cake105 g,$2.99ea,,$2.85/ 100g,False,1709.0,
snacks,Quaker,Chewy Granola Cereal Or Fruit Bars Chocolate Fun,QuakerChewy Granola Cereal Or Fruit Bars Chocolate Fun960 g,$13.99ea,$11.99ea,$1.25/ 100g,True,1710.0,saleEnds 03/15
snacks,Reese's,Puffs Peanut Butter & Cocoa Flavour Cereal Bars,Reese'sPuffs Peanut Butter & Cocoa Flavour Cereal Bars120 g,$3.99ea,,$3.33/ 100g,False,1711.0,
snacks,Cadbury,Dairy Milk Fruit And Nut Chocolate Bar,CadburyDairy Milk Fruit And Nut Chocolate Bar200 g,$5.99ea,,$3.00/ 100g,False,1712.0,
snacks,Nature Valley,"Crunchy Granola Bars, Oats 'n Dark Chocolate","Nature ValleyCrunchy Granola Bars, Oats 'n Dark Chocolate210 g",$3.99ea,,$1.90/ 100g,False,1713.0,
snacks,Mr. Cookies,Mr. Chippy Chocolate Chip Cookies,Mr. CookiesMr. Chippy Chocolate Chip Cookies300 g,$3.49ea,,$1.16/ 100g,False,1714.0,
snacks,GODIVA,72% Cacao Dark Chocolate,GODIVA72% Cacao Dark Chocolate90 g,$4.49ea,,$4.99/ 100g,False,1715.0,
snacks,Haribo,Happy Cola,HariboHappy Cola175 g,$3.49ea,,$1.99/ 100g,False,1716.0,
snacks,No Name,Oatmeal Cookies,No NameOatmeal Cookies907 g,$4.49ea,,$0.50/ 100g,False,1717.0,
snacks,Dare,Bear Paws Baked Apple Cookies,DareBear Paws Baked Apple Cookies240 g,$4.49ea,,$1.87/ 100g,False,1718.0,
snacks,Dentyne,Ice Peppermint Gum,DentyneIce Peppermint Gum4 ea,$4.99ea,,$1.25/ 1ea,False,1719.0,
snacks,Mars,"Peanut Free Chocolate Candy Bar, 4 Full Size Bars","MarsPeanut Free Chocolate Candy Bar, 4 Full Size Bars208 g",$5.99ea,,$2.88/ 100g,False,1720.0,
snacks,Nestle,Kit Kat Milk Chocolate Wafer Bars,NestleKit Kat Milk Chocolate Wafer Bars4x4.0 ea,$5.99ea,,$3.33/ 100g,False,1721.0,
snacks,Kelloggs,"Nutri-Grain Cereal Bars, Blueberry 8 Bars","KelloggsNutri-Grain Cereal Bars, Blueberry 8 Bars295 g",$4.49ea,,$1.52/ 100g,False,1722.0,
snacks,Betty Crocker,Dunkaroos Chocolate,Betty CrockerDunkaroos Chocolate168 g,$5.49ea,,$3.27/ 100g,False,1723.0,
snacks,Dare,Bear Paws Banana Bread Cookies,DareBear Paws Banana Bread Cookies480 g,$6.79ea,,$1.41/ 100g,False,1724.0,
snacks,Enjoy Life,Lentil Chips Cheddar Flavour,Enjoy LifeLentil Chips Cheddar Flavour113 g,$4.99ea,$4.49ea,$3.97/ 100g,True,1725.0,saleEnds 03/15
snacks,GODIVA,Signature Minis Salted Caramel Milk,GODIVASignature Minis Salted Caramel Milk90 g,$4.49ea,,$4.99/ 100g,False,1726.0,
snacks,Mars,"Peanut Free Chocolate Candy Bites, Sharing Bag","MarsPeanut Free Chocolate Candy Bites, Sharing Bag193 g",$5.99ea,,$3.10/ 100g,False,1727.0,
snacks,Quaker,Chewy Fruity Fun Value Pack,QuakerChewy Fruity Fun Value Pack960 g,$11.99ea,,$1.25/ 100g,False,1728.0,
snacks,Lindt, Fudge Swirl,Lindt Fudge Swirl150 g,$8.99ea,,$5.99/ 100g,False,1729.0,
snacks,President's Choice,Loads Of Barbecue Rippled Potato Chips,President's ChoiceLoads Of Barbecue Rippled Potato Chips200 g,$3.49ea,,$1.75/ 100g,False,1730.0,
snacks,JOLLY RANCHER,Misfits Gummies Mer-Bears Candy,JOLLY RANCHERMisfits Gummies Mer-Bears Candy182 g,$3.19ea,,$1.75/ 100g,False,1731.0,
snacks,Ritter Sport,Bittersweet Chocolate,Ritter SportBittersweet Chocolate100 g,$2.99ea,,$2.99/ 100g,False,1732.0,
snacks,Terra,"Vegetable Chips, Mediterranean","TerraVegetable Chips, Mediterranean170 g",$6.49ea,,$3.82/ 100g,False,1733.0,
snacks,Terra,"Vegetable Chips, Sweet Potato","TerraVegetable Chips, Sweet Potato170 g",$6.49ea,,$3.82/ 100g,False,1734.0,
snacks,President's Choice,Suisse Milk Chocolate Bar With Honey Almond Nougat,President's ChoiceSuisse Milk Chocolate Bar With Honey Almond Nougat400 g,$5.99ea,,$1.50/ 100g,False,1735.0,
snacks,Sensible Portions,Veggie Chips,Sensible PortionsVeggie Chips142 g,$4.29ea,,$3.02/ 100g,False,1736.0,
snacks,Quaker,Crispy Minis Caramel Corn Flavour Large Brown Rice Cakes,QuakerCrispy Minis Caramel Corn Flavour Large Brown Rice Cakes186 g,$3.99ea,,$2.15/ 100g,False,1737.0,
snacks,Twigz,Fire Roasted Jalapeño Craft Pretzels,TwigzFire Roasted Jalapeño Craft Pretzels130 g,$4.99ea,,$3.84/ 100g,False,1738.0,
snacks,Trolli,Sour Brite Crawlers Candy,TrolliSour Brite Crawlers Candy142 g,$2.49ea,,$1.75/ 100g,False,1739.0,
snacks,Ritter Sport,Dark Chocolate with Whole Almonds,Ritter SportDark Chocolate with Whole Almonds100 g,$2.99ea,,$2.99/ 100g,False,1740.0,
snacks,Lindt,LINDOR Double Chocolate Truffles Bag,LindtLINDOR Double Chocolate Truffles Bag150 g,$8.99ea,,$5.99/ 100g,False,1741.0,
snacks,Planters,Bar Mix Craft,PlantersBar Mix Craft550 g,$6.99ea,,$1.27/ 100g,False,1742.0,
snacks,Merci,"0.72 Dark Chocolate Bar, 100G  ","Merci0.72 Dark Chocolate Bar, 100G  100 g",$3.49ea,,$3.49/ 100g,False,1743.0,
snacks,Terry's,Cookie Orange Flavoured Milk Chocolatey Confection With Cookie Pieces,Terry'sCookie Orange Flavoured Milk Chocolatey Confection With Cookie Pieces90 g,$2.99ea,,$3.32/ 100g,False,1744.0,
snacks,Maynards,Original Gummies Assorted Soft Candy,MaynardsOriginal Gummies Assorted Soft Candy170 g,$2.99ea,,$1.76/ 100g,False,1745.0,
snacks,Nestle,Coffee Crisp Snack Size,NestleCoffee Crisp Snack Size108 g,$2.99ea,,$2.77/ 100g,False,1746.0,
snacks,Harvest Snaps,"Snapea Crisps, Original","Harvest SnapsSnapea Crisps, Original93 g",$3.79ea,,$4.08/ 100g,False,1747.0,
snacks,Mondoux,Sweet & Sour Mixed Gummies,MondouxSweet & Sour Mixed Gummies185 g,$2.79ea,,$1.51/ 100g,False,1748.0,
snacks,Lindt,LINDOR Milk Chocolate Truffles Bag,LindtLINDOR Milk Chocolate Truffles Bag240 g,$11.99ea,,$5.00/ 100g,False,1749.0,
snacks,Ritter Sport,Milk Chocolate with Cornflakes,Ritter SportMilk Chocolate with Cornflakes100 g,$2.99ea,,$2.99/ 100g,False,1750.0,
snacks,Haribo,Happy-Cola Gummy Candies Share Size,HariboHappy-Cola Gummy Candies Share Size284 g,$4.49ea,,$1.58/ 100g,False,1751.0,
snacks,Hardbite,"Handcrafted-Style Chips, Ketchup","HardbiteHandcrafted-Style Chips, Ketchup150 g",$4.49ea,,$2.99/ 100g,False,1752.0,
snacks,Cadbury,Crunchie 4Pk,CadburyCrunchie 4Pk176 g,$5.99ea,,$3.40/ 100g,False,1753.0,
snacks,Ritter Sport,Dark Chocolate with Marzipan,Ritter SportDark Chocolate with Marzipan100 g,$2.99ea,,$2.99/ 100g,False,1754.0,
snacks,Carnaby Sweet,Gummy Sour Worms,Carnaby SweetGummy Sour Worms300 g,$2.99ea,,$1.00/ 100g,False,1755.0,
snacks,Quaker,Crispy Minis Caramel Chocolate Chip Flavour Large Brown Rice Cakes,QuakerCrispy Minis Caramel Chocolate Chip Flavour Large Brown Rice Cakes199 g,$3.99ea,,$2.01/ 100g,False,1756.0,
snacks,Tim Hortons,Coffee Bar Double Double,Tim HortonsCoffee Bar Double Double38 g,$2.99ea,,$7.87/ 100g,False,1757.0,
snacks,Cheetos,Popcorn Seasoned Popcorn Cheddar Jalapeño Flavour,CheetosPopcorn Seasoned Popcorn Cheddar Jalapeño Flavour180 g,$5.49ea,,$3.05/ 100g,False,1758.0,
snacks,Lindt,EXCELLENCE Cranberry & Nuts Dark Chocolate Bar,LindtEXCELLENCE Cranberry & Nuts Dark Chocolate Bar100 g,$4.99ea,,$4.99/ 100g,False,1759.0,
snacks,Lindt,EXCELLENCE Madagascar 70% Cacao Dark Chocolate Bar,LindtEXCELLENCE Madagascar 70% Cacao Dark Chocolate Bar100 g,$4.29ea,,$4.29/ 100g,False,1760.0,
snacks,Betty Crocker,Dunkaroos Vanilla,Betty CrockerDunkaroos Vanilla168 g,$5.49ea,,$3.27/ 100g,False,1761.0,
snacks,Charras,Corn Tostadas Jalapeño Flavor With Sea Salt,CharrasCorn Tostadas Jalapeño Flavor With Sea Salt350 g,$3.29ea,,$0.94/ 100g,False,1762.0,
snacks,Christie,Thin Crisps Original Crackers,ChristieThin Crisps Original Crackers200 g,$3.99ea,,$2.00/ 100g,False,1763.0,
snacks,Ghirardelli,Milk Chocolate Caramel Bar,GhirardelliMilk Chocolate Caramel Bar100 g,$4.99ea,,$4.99/ 100g,False,1764.0,
snacks,Tic Tac,"Mints, Breath Freshener, Fresh Mint, 60 pills","Tic TacMints, Breath Freshener, Fresh Mint, 60 pills29 g",$1.99ea,,$6.86/ 100g,False,1765.0,
snacks,Lay's,Poppables Sea Salt & Vinegar flavoured potato snacks,Lay'sPoppables Sea Salt & Vinegar flavoured potato snacks130 g,$4.99ea,,$3.84/ 100g,False,1766.0,
snacks,Christie,"Good Thins Rice Crackers, Multigrain","ChristieGood Thins Rice Crackers, Multigrain100 g",$3.99ea,,$3.99/ 100g,False,1767.0,
snacks,President's Choice,Extra Dark Chocolate,President's ChoiceExtra Dark Chocolate100 g,$2.49ea,,$2.49/ 100g,False,1768.0,
snacks,President's Choice,70% Dark Chocolate,President's Choice70% Dark Chocolate100 g,$2.49ea,,$2.49/ 100g,False,1769.0,
snacks,Hershey's,Eggies Chocolate Eggs,Hershey'sEggies Chocolate Eggs42 g,$1.69ea,,$4.02/ 100g,False,1770.0,
snacks,Lay's,Oven Baked Potato Chips BBQ 177g,Lay'sOven Baked Potato Chips BBQ 177g177 g,$4.99ea,,$2.82/ 100g,False,1771.0,
snacks,Pepperidge Farm,Charged Up Cheddar & Sour Cream Baked Snack Crackers,Pepperidge FarmCharged Up Cheddar & Sour Cream Baked Snack Crackers180 g,$3.99ea,,$2.22/ 100g,False,1772.0,
snacks,Christie,Chips Ahoy! Chunks Cookies,ChristieChips Ahoy! Chunks Cookies251 g,$4.29ea,,$1.71/ 100g,False,1773.0,
snacks,PC Black Label,Apricot and Rosemary Artisan Crisps,PC Black LabelApricot and Rosemary Artisan Crisps150 g,$6.49ea,,$4.33/ 100g,False,1774.0,
snacks,Christie,"Triscuit Dill, Sea Salt & Olive Oil Crackers","ChristieTriscuit Dill, Sea Salt & Olive Oil Crackers200 g",$3.99ea,,$2.00/ 100g,False,1775.0,
snacks,Lindt,EXCELLENCE Intense Mint Dark Chocolate Bar,LindtEXCELLENCE Intense Mint Dark Chocolate Bar100 g,$4.29ea,,$4.29/ 100g,False,1776.0,
snacks,President's Choice,World of Flavours Mango and Cardamom Flavour Dark Chocolate Dessert Bar,President's ChoiceWorld of Flavours Mango and Cardamom Flavour Dark Chocolate Dessert Bar100 g,$2.49ea,,$2.49/ 100g,False,1777.0,
snacks,Christie,Fudgee-O Double Stuf Cookies,ChristieFudgee-O Double Stuf Cookies303 g,$4.29ea,,$1.42/ 100g,False,1778.0,
snacks,Lindt,EXCELLENCE 70% Cacao Dark Chocolate Bar,LindtEXCELLENCE 70% Cacao Dark Chocolate Bar100 g,$4.29ea,,$4.29/ 100g,False,1779.0,
snacks,Oreo,Oreo Chocolate Sandwich Cookies Mint Creme,OreoOreo Chocolate Sandwich Cookies Mint Creme261 g,$4.29ea,,$1.64/ 100g,False,1780.0,
snacks,Covered Bridge,Lela's Chickpea Chips Plain & Simple,Covered BridgeLela's Chickpea Chips Plain & Simple120 g,$5.49ea,,$4.58/ 100g,False,1781.0,
snacks,Oreo,"Oreo Chocolate Sandwich Cookies, Birthday Cake Flavour ","OreoOreo Chocolate Sandwich Cookies, Birthday Cake Flavour 261 g",$4.29ea,,$1.64/ 100g,False,1782.0,
snacks,Christie,Good Thins Corn Crackers,ChristieGood Thins Corn Crackers100 g,$3.99ea,,$3.99/ 100g,False,1783.0,
snacks,Ritz,Swiss Cheese Crackers,RitzSwiss Cheese Crackers200 g,$3.99ea,,$2.00/ 100g,False,1784.0,
snacks,President's Choice,Dark Chocolate Bar with Sea Salt,President's ChoiceDark Chocolate Bar with Sea Salt100 g,$2.49ea,,$2.49/ 100g,False,1785.0,
snacks,Christie,Triscuit Rosemary And Olive Oil Crackers,ChristieTriscuit Rosemary And Olive Oil Crackers200 g,$3.99ea,,$2.00/ 100g,False,1786.0,
snacks,Oreo,Oreo Sandwich Cookies Cinnamon Bun,OreoOreo Sandwich Cookies Cinnamon Bun261 g,$4.29ea,,$1.64/ 100g,False,1787.0,
snacks,No Name,Salted Tops Soda Crackers,No NameSalted Tops Soda Crackers907 g,$5.99ea,,$0.66/ 100g,False,1788.0,
snacks,Buddy Fruits,"All Natural Blended Fruits, Apple, Mango and Banana","Buddy FruitsAll Natural Blended Fruits, Apple, Mango and Banana4x90.0 g",$3.99ea,,$1.11/ 100g,False,1789.0,
snacks,Altra Food,Klein's Dried Prunes,Altra FoodKlein's Dried Prunes397 g,$8.49ea,,$2.14/ 100g,False,1790.0,
snacks,Britannia,Bourbon Cream Biscuit,BritanniaBourbon Cream Biscuit390 g,$4.79ea,,$1.23/ 100g,False,1791.0,
snacks,Terra,Real Vegetable Chips Screamin' Hot 141 g,TerraReal Vegetable Chips Screamin' Hot 141 g141 g,$6.49ea,,$4.60/ 100g,False,1792.0,
snacks,Nestle,Kit Kat Milk Chocolate Easter Bunny,NestleKit Kat Milk Chocolate Easter Bunny85 g,$7.49ea,,$8.81/ 100g,False,1793.0,
snacks,Nestle,Assorted Hide Me Eggs Pouch,NestleAssorted Hide Me Eggs Pouch300 g,$10.99ea,,$3.66/ 100g,False,1794.0,
snacks,Garden Fresh,Tortilla Chips Blue Corn,Garden FreshTortilla Chips Blue Corn397 g,$5.99ea,,$1.51/ 100g,False,1795.0,
snacks,Brookside,Dark Chocolate  Acai & Blueberry,BrooksideDark Chocolate  Acai & Blueberry235 g,$5.29ea,,$2.25/ 100g,False,1796.0,
snacks,Cadbury,Mini Eggs,CadburyMini Eggs33 g,$1.49ea,,$4.52/ 100g,False,1797.0,
snacks,Snackpack,"Bakery Shop Snack Pack, Dessert Flavours, Lemon Meringue Pie","SnackpackBakery Shop Snack Pack, Dessert Flavours, Lemon Meringue Pie4x99.0 g",$3.79ea,,$0.96/ 100g,False,1798.0,
snacks,No Name,Mandarin Oranges in Orange Gel,No NameMandarin Oranges in Orange Gel4x123.0 g,$3.29ea,,$0.67/ 100g,False,1799.0,
snacks,From Farm To Table,Kettle Chips Barbeque Flavour,From Farm To TableKettle Chips Barbeque Flavour142 g,$3.69ea,,$2.60/ 100g,False,1800.0,
snacks,Nutella,"and Go Snack Packs, Chocolate Hazelnut Spread with Breadsticks","Nutellaand Go Snack Packs, Chocolate Hazelnut Spread with Breadsticks52 g",$1.49ea,,$2.87/ 100g,False,1801.0,
snacks,Wellness Bites,Crispy Quinoa Brittle,Wellness BitesCrispy Quinoa Brittle725 g,$17.99ea,,$2.48/ 100g,False,1802.0,
snacks,M&M's,"Peanut Butter Milk Chocolate Candies, Bowl Size Bag","M&M'sPeanut Butter Milk Chocolate Candies, Bowl Size Bag400 g",$9.99ea,,$2.50/ 100g,False,1803.0,
snacks,No Name,Microwave Butter Flavour Popcorn,No NameMicrowave Butter Flavour Popcorn822 g,$4.49ea,,$0.55/ 100g,False,1804.0,
snacks,Whittaker's,Milk Chocolate,Whittaker'sMilk Chocolate200 g,$5.99ea,,$3.00/ 100g,False,1805.0,
snacks,President's Choice,World of Flavours Korean Barbecue Flavour Rippled Potato Chips,President's ChoiceWorld of Flavours Korean Barbecue Flavour Rippled Potato Chips200 g,$3.49ea,,$1.75/ 100g,False,1806.0,
snacks,Shneider's,72% Dark Chocolate,Shneider's72% Dark Chocolate100 g,$2.99ea,,$2.99/ 100g,False,1807.0,
snacks,Galil,"No Salt Thin Rice Cakes, 18 Cakes","GalilNo Salt Thin Rice Cakes, 18 Cakes100 g",$1.99ea,,$1.99/ 100g,False,1808.0,
snacks,Dan D Pak,Salted Caramel Cashews,Dan D PakSalted Caramel Cashews113 g,$2.99ea,,$2.65/ 100g,False,1809.0,
snacks,Orville,"Popcorn, Extra Buttery","OrvillePopcorn, Extra Buttery10x82.0 g",$9.59ea,,$1.17/ 100g,False,1810.0,
snacks,Kambly,Butterfly Au Chocolat Delicately Thin Biscuits With Hazelnuts And Milk Chocolate,KamblyButterfly Au Chocolat Delicately Thin Biscuits With Hazelnuts And Milk Chocolate100 g,$5.99ea,,$5.99/ 100g,False,1811.0,
snacks,Loacker,Wafers Double Chocolate,LoackerWafers Double Chocolate175 g,$3.99ea,,$2.28/ 100g,False,1812.0,
snacks,Quaker,Crispy Minis Sea Salt & Lime flavour brown rice chips,QuakerCrispy Minis Sea Salt & Lime flavour brown rice chips100 g,$3.99ea,,$3.99/ 100g,False,1813.0,
snacks,Pringles,Salt & Vinegar Flavour Potato Chips,PringlesSalt & Vinegar Flavour Potato Chips156 g,$3.29ea,,$2.11/ 100g,False,1814.0,
snacks,Aurora,Honey Apple Oat Bar,AuroraHoney Apple Oat Bar150 g,$3.79ea,,$2.53/ 100g,False,1815.0,
snacks,Orville,"Popcorn, Smart Pop","OrvillePopcorn, Smart Pop3x70.0 g",$4.49ea,,$2.14/ 100g,False,1816.0,
snacks,Hershey's,Syrup Delicious Strawberry Flavour,Hershey'sSyrup Delicious Strawberry Flavour472 ml,$5.99ea,,$1.27/ 100ml,False,1817.0,
snacks,Britannia,Biscuits Family Pack,BritanniaBiscuits Family Pack540 g,$4.49ea,,$0.83/ 100g,False,1818.0,
snacks,Dan D Pak,"Cashews, Unsalted","Dan D PakCashews, Unsalted908 g",$19.99ea,,$2.20/ 100g,False,1819.0,
snacks,Buddy Fruits,"All Natural Blended Fruits, Multifruit","Buddy FruitsAll Natural Blended Fruits, Multifruit4x90.0 g",$3.99ea,,$1.11/ 100g,False,1820.0,
snacks,No Name,Diced Pears,No NameDiced Pears428 g,$3.29ea,,$0.77/ 100g,False,1821.0,
snacks,President's Choice,"Mini Pita Crackers, Barbeque Flavour","President's ChoiceMini Pita Crackers, Barbeque Flavour142 g",$3.49ea,,$2.46/ 100g,False,1822.0,
snacks,Nutella,"and Go Snack Packs, Chocolate Hazelnut Spread with Breadsticks, Pack of 4","Nutellaand Go Snack Packs, Chocolate Hazelnut Spread with Breadsticks, Pack of 4208 g",$6.49ea,,$3.12/ 100g,False,1823.0,
snacks,Kinder,Maxi Surprise Girls,KinderMaxi Surprise Girls150 g,$13.99ea,,$9.33/ 100g,False,1824.0,
snacks,T&T,"Cashews, Unsalted","T&TCashews, Unsalted800 g",$18.99ea,,$2.37/ 100g,False,1825.0,
snacks,Snappy Snax,Pretzels,Snappy SnaxPretzels426 g,$2.49ea,,$0.58/ 100g,False,1826.0,
snacks,Ulker,Tea Biscuit Cookies,UlkerTea Biscuit Cookies175 g,$1.39ea,,$0.79/ 100g,False,1827.0,
snacks,Karachi Bakery,Fruit Biscuits,Karachi BakeryFruit Biscuits400 g,$7.99ea,,$2.00/ 100g,False,1828.0,
snacks,Hershey's,Solid Milk Chocolate Easter Bunny,Hershey'sSolid Milk Chocolate Easter Bunny170 g,$7.99ea,,$4.70/ 100g,False,1829.0,
snacks,Christie,Crispers Salt And Vinegar Crackers,ChristieCrispers Salt And Vinegar Crackers145 g,$3.99ea,,$2.75/ 100g,False,1830.0,
snacks,Christie,Crispers All Dressed Crackers,ChristieCrispers All Dressed Crackers145 g,$3.99ea,,$2.75/ 100g,False,1831.0,
snacks,Terry's,Orange Original Orange Flavoured Milk Chocolate Confection,Terry'sOrange Original Orange Flavoured Milk Chocolate Confection157 g,$6.99ea,,$4.45/ 100g,False,1832.0,
snacks,Shufra,Premier Dark Chocolate,ShufraPremier Dark Chocolate100 g,$2.29ea,,$2.29/ 100g,False,1833.0,
snacks,President's Choice,Candy Coated Milk Chocolate Eggs,President's ChoiceCandy Coated Milk Chocolate Eggs943 g,$13.99ea,,$1.48/ 100g,False,1834.0,
snacks,No Name,Ice Cream Cones,No NameIce Cream Cones1 ea,$2.29ea,,$3.05/ 100g,False,1835.0,
snacks,President's Choice,Sea Salt Baked Pita Crackers,President's ChoiceSea Salt Baked Pita Crackers142 g,$3.79ea,,$2.67/ 100g,False,1836.0,
snacks,Betty Crocker,"Fruit by the Foot Variety Pack, 3 Flavours ","Betty CrockerFruit by the Foot Variety Pack, 3 Flavours 637 g",$11.99ea,,$1.88/ 100g,False,1837.0,
snacks,Purity,"Cookies, Ginger","PurityCookies, Ginger400 g",$5.49ea,,$1.37/ 100g,False,1838.0,
snacks,Cadbury,Wunderbar Peanut Butter Chocolate Bar,CadburyWunderbar Peanut Butter Chocolate Bar58 g,$1.49ea,,$2.57/ 100g,False,1839.0,
snacks,T&T,Korean Roasted Seaweed Laver,T&TKorean Roasted Seaweed Laver15 g,$1.79ea,,$11.93/ 100g,False,1840.0,
snacks,Dentyne,Ice Peppermint Gum,DentyneIce Peppermint Gum1 ea,$1.49ea,,$1.49/ 1ea,False,1841.0,
snacks,,Hazelnut Pieces 100% Alpine Milk Chocolate,Hazelnut Pieces 100% Alpine Milk Chocolate100 g,$1.99ea,,$1.99/ 100g,False,1842.0,
snacks,Cadbury,Creme Egg Mini Eggs Chocolate,CadburyCreme Egg Mini Eggs Chocolate381 g,$14.99ea,,$3.93/ 100g,False,1843.0,
snacks,Leclerc,Celebration Finger Cookies Dark Chocolate 45% Cocoa,LeclercCelebration Finger Cookies Dark Chocolate 45% Cocoa240 g,$4.49ea,,$1.87/ 100g,False,1844.0,
snacks,VitaVigor,"Breadsticks, Traditional","VitaVigorBreadsticks, Traditional125 g",$2.49ea,,$1.99/ 100g,False,1845.0,
snacks,Smart Food,White Cheddar flavour seasoned popcorn (small bag) 50g,Smart FoodWhite Cheddar flavour seasoned popcorn (small bag) 50g50 g,$1.89ea,,$3.78/ 100g,False,1846.0,
snacks,Snackpack,"Snack Pack, Juicy Gels, Raspberry Mixed Berry","SnackpackSnack Pack, Juicy Gels, Raspberry Mixed Berry4x99.0 g",$3.79ea,,$0.96/ 100g,False,1847.0,
snacks,Nestle,Aero Peppermint King,NestleAero Peppermint King63 g,$2.79ea,,$4.43/ 100g,False,1848.0,
snacks,Mott's,"Fruitsations, Unsweetened Blueberry Delight","Mott'sFruitsations, Unsweetened Blueberry Delight6x111.0 g",$3.79ea,,$0.57/ 100g,False,1849.0,
snacks,Dare,Wagon Wheels Raspberry Cookies,DareWagon Wheels Raspberry Cookies360 g,$4.29ea,,$1.19/ 100g,False,1850.0,
snacks,Mars,"Peanut Free Chocolate Candy Bar, Full Size Bar","MarsPeanut Free Chocolate Candy Bar, Full Size Bar52 g",$1.79ea,,$3.44/ 100g,False,1851.0,
snacks,Britannia,Suji Rusk ,BritanniaSuji Rusk 350 g,$3.29ea,,$1.08/ 100g,False,1852.0,
snacks,Wrigley,"Fruit Flavoured Chewing Gum, 60 Pieces, 1 Bottle","WrigleyFruit Flavoured Chewing Gum, 60 Pieces, 1 Bottle83 g",$4.99ea,,$6.01/ 100g,False,1853.0,
snacks,Zweet,Sour Belt Green Apple   ,ZweetSour Belt Green Apple   285 g,$4.29ea,,$1.51/ 100g,False,1854.0,
snacks,Wrigley,"Spearmint-Rain Flavoured Sugar Free Chewing Gum, 15 Sticks, 1 Pack","WrigleySpearmint-Rain Flavoured Sugar Free Chewing Gum, 15 Sticks, 1 Pack1 ea",$2.79ea,,$2.79/ 1ea,False,1855.0,
snacks,Britannia,Kool Van Crm Bis   ,BritanniaKool Van Crm Bis   100 g,$1.29ea,,$1.29/ 100g,False,1856.0,
snacks,Pringles,Mega Can Sour Cream & Onion Flavour,PringlesMega Can Sour Cream & Onion Flavour202 g,$3.99ea,,$1.97/ 100g,False,1857.0,
snacks,Golden Bonbon,"Almond Nougat, Assorted","Golden BonbonAlmond Nougat, Assorted100 g",$2.99ea,,$2.99/ 100g,False,1858.0,
snacks,Lindt,LINDOR White Chocolate Mini Eggs Bag,LindtLINDOR White Chocolate Mini Eggs Bag100 g,$4.99ea,,$4.99/ 100g,False,1859.0,
snacks,Lesley Stowe's,Salty Date And Almond Crackers ,Lesley Stowe'sSalty Date And Almond Crackers 150 g,$7.99ea,$7.69ea,$5.13/ 100g,True,1860.0,saleEnds 04/05
snacks,Dole, Peaches In Strawberry Flavoured Gel,Dole Peaches In Strawberry Flavoured Gel492 g,$3.99ea,,$0.81/ 100g,False,1861.0,
snacks,Lindt,Dark Chocolate Hazelnut Eggs Bag,LindtDark Chocolate Hazelnut Eggs Bag89 g,$5.99ea,,$6.73/ 100g,False,1862.0,
snacks,Dole, Mandarins In Orange Gel,Dole Mandarins In Orange Gel492 g,$3.99ea,,$0.81/ 100g,False,1863.0,
snacks,Kinder,Maxi Plush,KinderMaxi Plush116 g,$13.99ea,,$12.06/ 100g,False,1864.0,
snacks,Hershey's,Eggies Made With  Peanut Butter,Hershey'sEggies Made With  Peanut Butter900 g,$12.99ea,,$1.44/ 100g,False,1865.0,
snacks,Lindt,Lindor Milk Chocolate,LindtLindor Milk Chocolate38 g,$1.99ea,,$5.24/ 100g,False,1866.0,
snacks,Handfuel,Everything Bagel Cashews,HandfuelEverything Bagel Cashews150 g,$6.99ea,,$4.66/ 100g,False,1867.0,
snacks,La Fe,Plaintain Chips,La FePlaintain Chips57 g,$2.29ea,,$4.02/ 100g,False,1868.0,
snacks,President's Choice,Strawberry Syrup,President's ChoiceStrawberry Syrup428 ml,$3.99ea,,$0.93/ 100ml,False,1869.0,
snacks,Humpty Dumpty,Party Original Mix,Humpty DumptyParty Original Mix250 g,$4.99ea,,$2.00/ 100g,False,1870.0,
snacks,Doritos,Nacho Cheese flavoured tortilla chips (small bag),DoritosNacho Cheese flavoured tortilla chips (small bag)80 g,$1.89ea,,$2.36/ 100g,False,1871.0,
snacks,Dan D Pak,Pistachios Sea Salt,Dan D PakPistachios Sea Salt800 g,$19.49ea,,$2.44/ 100g,False,1872.0,
snacks,Nestle,Smarties Easter Chocolate Egg Hunt Kit,NestleSmarties Easter Chocolate Egg Hunt Kit262 g,$9.99ea,,$3.81/ 100g,False,1873.0,
snacks,President's Choice,Free From Original Beef Jerky,President's ChoiceFree From Original Beef Jerky200 g,$12.99ea,,$6.50/ 100g,False,1874.0,
snacks,Vicenzi,"Mini Snack, Hazelnut","VicenziMini Snack, Hazelnut125 g",$3.49ea,,$2.79/ 100g,False,1875.0,
snacks,Jell-O,Dulce de Leche No Sugar Added Ready-to-Eat Refrigerated Pudding Cups Snack,Jell-ODulce de Leche No Sugar Added Ready-to-Eat Refrigerated Pudding Cups Snack4x106.0 g,$4.29ea,,$1.01/ 100g,False,1876.0,
snacks,Cheez-It,Baked Snack Crackers Extra Cheesy Flavour,Cheez-ItBaked Snack Crackers Extra Cheesy Flavour200 g,$3.99ea,,$2.00/ 100g,False,1877.0,
snacks,M&M's,"Classic Mix, Milk Chocolate, Peanut and Peanut Butter Flavoured Milk Chocolate Candies, Sharing Bag","M&M'sClassic Mix, Milk Chocolate, Peanut and Peanut Butter Flavoured Milk Chocolate Candies, Sharing Bag185 g",$5.99ea,,$3.24/ 100g,False,1878.0,
snacks,Galil,Corn Cakes With Salted   ,GalilCorn Cakes With Salted   100 g,$1.99ea,,$1.99/ 100g,False,1879.0,
snacks,Manner,The Original Hazelnut Cream Filled Wafers,MannerThe Original Hazelnut Cream Filled Wafers200 g,$4.49ea,,$2.25/ 100g,False,1880.0,
snacks,Starburst,"Original, Minis","StarburstOriginal, Minis191 g",$3.79ea,,$1.98/ 100g,False,1881.0,
snacks,GoGo squeez,"Squeeze, Apple Strawberry","GoGo squeezSqueeze, Apple Strawberry4x90.0 g",$4.59ea,,$1.28/ 100g,False,1882.0,
snacks,President's Choice,Milk Chocolate Bar With Almonds,President's ChoiceMilk Chocolate Bar With Almonds300 g,$5.99ea,,$2.00/ 100g,False,1883.0,
snacks,President's Choice,Fine Cracker Assortment,President's ChoiceFine Cracker Assortment250 g,$5.49ea,,$2.20/ 100g,False,1884.0,
snacks,SunRype,100% Fruit and Veggie Snack Pack,SunRype100% Fruit and Veggie Snack Pack72x14.0 g,$22.99ea,,$2.28/ 100g,False,1885.0,
snacks,Cha Cha,"Sunflower Seeds, Chinese Pecan Flavour","Cha ChaSunflower Seeds, Chinese Pecan Flavour260 g",$2.99ea,,$1.15/ 100g,False,1886.0,
snacks,Carnaby Sweet,Sour Watermelon Syrup,Carnaby SweetSour Watermelon Syrup428 ml,$3.99ea,,$0.93/ 100ml,False,1887.0,
snacks,Pringles,Sour Cream & Onion Flavour Potato Chips,PringlesSour Cream & Onion Flavour Potato Chips156 g,$3.29ea,,$2.11/ 100g,False,1888.0,
snacks,President's Choice,Original Kettle Cooked Chips Club Size,President's ChoiceOriginal Kettle Cooked Chips Club Size907 g,$7.99ea,,$0.88/ 100g,False,1889.0,
snacks,Covered Bridge,"Potato Chips, Cheddar Cheese","Covered BridgePotato Chips, Cheddar Cheese170 g",$3.99ea,,$2.35/ 100g,False,1890.0,
snacks,Miss Vickies,Jalapeño flavour kettle cooked potato chips 200g,Miss VickiesJalapeño flavour kettle cooked potato chips 200g200 g,$5.49ea,,$2.75/ 100g,False,1891.0,
snacks,Miss Vickies,Original Recipe kettle cooked potato chips 200g,Miss VickiesOriginal Recipe kettle cooked potato chips 200g200 g,$5.49ea,,$2.75/ 100g,False,1892.0,
snacks,Miss Vickies,Sweet Chili & Sour Cream flavour kettle cooked potato chips 200g,Miss VickiesSweet Chili & Sour Cream flavour kettle cooked potato chips 200g200 g,$5.49ea,,$2.75/ 100g,False,1893.0,
snacks,No Name,Ketchup Potato Chips,No NameKetchup Potato Chips200 g,$2.99ea,,$1.50/ 100g,False,1894.0,
snacks,President's Choice,Chicago Mix Popcorn,President's ChoiceChicago Mix Popcorn220 g,$3.49ea,,$1.59/ 100g,False,1895.0,
snacks,Doritos,Sweet Chili Heat! flavoured tortilla chips,DoritosSweet Chili Heat! flavoured tortilla chips370 g,$6.49ea,,$1.75/ 100g,False,1896.0,
snacks,No Name,Sour Cream & Onion Potato Chips ,No NameSour Cream & Onion Potato Chips 200 g,$2.99ea,,$1.50/ 100g,False,1897.0,
snacks,Rold Gold,Classic Style Thins Pretzels 370g,Rold GoldClassic Style Thins Pretzels 370g370 g,$4.79ea,,$1.29/ 100g,False,1898.0,
snacks,President's Choice,French Onion & Sour Cream Garden Stix,President's ChoiceFrench Onion & Sour Cream Garden Stix142 g,$3.29ea,,$2.32/ 100g,False,1899.0,
snacks,Miss Vickies,Applewood Smoked BBQ flavour kettle cooked potato chips 200g,Miss VickiesApplewood Smoked BBQ flavour kettle cooked potato chips 200g200 g,$5.49ea,,$2.75/ 100g,False,1900.0,
snacks,Doritos,Nacho Chips     ,DoritosNacho Chips     370 g,$6.49ea,,$1.75/ 100g,False,1901.0,
snacks,President's Choice,White Corn Restaurant Style Tortilla Chips ,President's ChoiceWhite Corn Restaurant Style Tortilla Chips 320 g,$3.99ea,,$1.25/ 100g,False,1902.0,
snacks,Ruffles,Regular Lightly Salted Potato Chips,RufflesRegular Lightly Salted Potato Chips200 g,$4.99ea,,$2.50/ 100g,False,1903.0,
snacks,Cheetos,Puffs Cheese Flavoured Snacks,CheetosPuffs Cheese Flavoured Snacks390 g,$6.49ea,,$1.66/ 100g,False,1904.0,
snacks,Sunchips,French Onion Flavour Multigrain Snacks 205g,SunchipsFrench Onion Flavour Multigrain Snacks 205g205 g,$5.49ea,,$2.68/ 100g,False,1905.0,
snacks,Munchies,BBQ Flavour Snack Mix 250g,MunchiesBBQ Flavour Snack Mix 250g250 g,$4.99ea,,$2.00/ 100g,False,1906.0,
snacks,Tostitos,Multigrain Scoops! tortilla chips 205g,TostitosMultigrain Scoops! tortilla chips 205g205 g,$5.49ea,,$2.68/ 100g,False,1907.0,
snacks,Snackpack,"Snack Pack, Pudding, Chocolate","SnackpackSnack Pack, Pudding, Chocolate4x99.0 g",$3.79ea,,$0.96/ 100g,False,1908.0,
snacks,Cadbury,Dairy Milk Vanilla Creme Chocolate Bar,CadburyDairy Milk Vanilla Creme Chocolate Bar95 g,$2.99ea,,$3.15/ 100g,False,1909.0,
snacks,Double Dutch,"Cookies, Mini Waffle Bites, Caramel Flavour","Double DutchCookies, Mini Waffle Bites, Caramel Flavour160 g",$3.99ea,,$2.49/ 100g,False,1910.0,
snacks,Paqui,Very Verde Good Tortilla Chips  ,PaquiVery Verde Good Tortilla Chips  155 g,$4.50ea,$3.99ea,$2.57/ 100g,True,1911.0,saleEnds 03/15
snacks,Lindt,SWISS CLASSIC GRANDES Almond White Chocolate Bar,LindtSWISS CLASSIC GRANDES Almond White Chocolate Bar150 g,$6.49ea,,$4.33/ 100g,False,1912.0,
snacks,Tic Tac,"Mints, Breath Freshener, Fruit Adventure, 200 pills","Tic TacMints, Breath Freshener, Fruit Adventure, 200 pills98 g",$3.79ea,,$3.87/ 100g,False,1913.0,
snacks,Dare,Bear Paws Veggies + Fruits Oatmeal Cookies,DareBear Paws Veggies + Fruits Oatmeal Cookies168 g,$4.49ea,,$2.67/ 100g,False,1914.0,
snacks,Wrigley,"Wintermint-Ascent Flavoured Sugar Free Chewing Gum, 15 Sticks, 3 Packs","WrigleyWintermint-Ascent Flavoured Sugar Free Chewing Gum, 15 Sticks, 3 Packs3 ea",$5.99ea,,$2.00/ 1ea,False,1915.0,
snacks,Surati,Tikha Gathiya ,SuratiTikha Gathiya 341 g,$2.99ea,,$0.88/ 100g,False,1916.0,
snacks,Leclerc,"Go Pure Fruit and Oat Bars, Cherry","LeclercGo Pure Fruit and Oat Bars, Cherry140 g",$3.49ea,$3.29ea,$2.35/ 100g,True,1917.0,saleEnds 03/15
snacks,Nature Valley,Sweet & Salty Peanut Chewy Granola Bars,Nature ValleySweet & Salty Peanut Chewy Granola Bars210 g,$4.49ea,,$2.14/ 100g,False,1918.0,
snacks,Carnaby Sweet,Mixed Berries,Carnaby SweetMixed Berries300 g,$2.99ea,,$1.00/ 100g,False,1919.0,
snacks,Nature Valley,Protein - Peanut Almond & Dark Chocolate Flavour,Nature ValleyProtein - Peanut Almond & Dark Chocolate Flavour148 g,$4.49ea,,$3.03/ 100g,False,1920.0,
snacks,Christie,Chips Ahoy! Mini Eggs Cookies,ChristieChips Ahoy! Mini Eggs Cookies460 g,$5.99ea,$5.79ea,$1.26/ 100g,True,1921.0,saleEnds 03/15
snacks,Sensible Portions,"Veggie Chips, Sour Cream & Onion","Sensible PortionsVeggie Chips, Sour Cream & Onion141 g",$4.29ea,,$3.04/ 100g,False,1922.0,
snacks,Twizzler, Super Nibs Cherry Candy,Twizzler Super Nibs Cherry Candy400 g,$3.99ea,,$1.00/ 100g,False,1923.0,
snacks,Voortman,"Wafers, Vanilla","VoortmanWafers, Vanilla300 g",$3.29ea,,$1.10/ 100g,False,1924.0,
snacks,President's Choice,Milk Chocolate Covered Raisins,President's ChoiceMilk Chocolate Covered Raisins908 g,$10.99ea,,$1.21/ 100g,False,1925.0,
snacks,Cadbury,Dairy Milk Vanilla Creme Chocolate Bar,CadburyDairy Milk Vanilla Creme Chocolate Bar95 g,$2.99ea,,$3.15/ 100g,False,1926.0,
snacks,Double Dutch,"Cookies, Mini Waffle Bites, Caramel Flavour","Double DutchCookies, Mini Waffle Bites, Caramel Flavour160 g",$3.99ea,,$2.49/ 100g,False,1927.0,
snacks,Paqui,Very Verde Good Tortilla Chips  ,PaquiVery Verde Good Tortilla Chips  155 g,$4.50ea,$3.99ea,$2.57/ 100g,True,1928.0,saleEnds 03/15
snacks,Lindt,SWISS CLASSIC GRANDES Almond White Chocolate Bar,LindtSWISS CLASSIC GRANDES Almond White Chocolate Bar150 g,$6.49ea,,$4.33/ 100g,False,1929.0,
snacks,Tic Tac,"Mints, Breath Freshener, Fruit Adventure, 200 pills","Tic TacMints, Breath Freshener, Fruit Adventure, 200 pills98 g",$3.79ea,,$3.87/ 100g,False,1930.0,
snacks,Dare,Bear Paws Veggies + Fruits Oatmeal Cookies,DareBear Paws Veggies + Fruits Oatmeal Cookies168 g,$4.49ea,,$2.67/ 100g,False,1931.0,
snacks,Wrigley,"Wintermint-Ascent Flavoured Sugar Free Chewing Gum, 15 Sticks, 3 Packs","WrigleyWintermint-Ascent Flavoured Sugar Free Chewing Gum, 15 Sticks, 3 Packs3 ea",$5.99ea,,$2.00/ 1ea,False,1932.0,
snacks,Surati,Tikha Gathiya ,SuratiTikha Gathiya 341 g,$2.99ea,,$0.88/ 100g,False,1933.0,
snacks,Leclerc,"Go Pure Fruit and Oat Bars, Cherry","LeclercGo Pure Fruit and Oat Bars, Cherry140 g",$3.49ea,$3.29ea,$2.35/ 100g,True,1934.0,saleEnds 03/15
snacks,Nature Valley,Sweet & Salty Peanut Chewy Granola Bars,Nature ValleySweet & Salty Peanut Chewy Granola Bars210 g,$4.49ea,,$2.14/ 100g,False,1935.0,
snacks,Carnaby Sweet,Mixed Berries,Carnaby SweetMixed Berries300 g,$2.99ea,,$1.00/ 100g,False,1936.0,
snacks,Nature Valley,Protein - Peanut Almond & Dark Chocolate Flavour,Nature ValleyProtein - Peanut Almond & Dark Chocolate Flavour148 g,$4.49ea,,$3.03/ 100g,False,1937.0,
snacks,Que Pasa,Red Corn Tortilla Chips,Que PasaRed Corn Tortilla Chips300 g,$4.99ea,,$1.66/ 100g,False,1938.0,
snacks,Kettle,Potato Chips Jalapeno,KettlePotato Chips Jalapeno198 g,$4.99ea,,$2.52/ 100g,False,1939.0,
snacks,Nestle,Aero Milk Chocolate Bar,NestleAero Milk Chocolate Bar97 g,$2.99ea,,$3.08/ 100g,False,1940.0,
snacks,Pringles,Ketchup Potato Chips,PringlesKetchup Potato Chips156 g,$3.29ea,,$2.11/ 100g,False,1941.0,
snacks,Nestle,KitKat Pops Chocolaty Hazelnut Snacks Pouch,NestleKitKat Pops Chocolaty Hazelnut Snacks Pouch160 g,$5.99ea,,$3.74/ 100g,False,1942.0,
snacks,Nestle,"Mini Assorted Kit Kat, Coffee Crisp, Aero and Smarties Chocolate Bars","NestleMini Assorted Kit Kat, Coffee Crisp, Aero and Smarties Chocolate Bars96 g",$2.99ea,,$3.11/ 100g,False,1943.0,
snacks,Darrell Lea,Soft Strawberry Liquorice,Darrell LeaSoft Strawberry Liquorice200 g,$3.99ea,,$2.00/ 100g,False,1944.0,
snacks,Twix,"Caramel Cookie Chocolate Candy Bar, 10 Fun Size Bars","TwixCaramel Cookie Chocolate Candy Bar, 10 Fun Size Bars100 g",$2.99ea,,$2.99/ 100g,False,1945.0,
snacks,Lindt,LINDOR Assorted Chocolate Truffles Bag,LindtLINDOR Assorted Chocolate Truffles Bag240 g,$11.99ea,,$5.00/ 100g,False,1946.0,
snacks,Hardbite,"Handcrafted-Style Chips, Black Sea Salt","HardbiteHandcrafted-Style Chips, Black Sea Salt128 g",$4.99ea,,$3.90/ 100g,False,1947.0,
snacks,Leclerc,Celebration Finger Cookies Dark Chocolate 45% Cocoa,LeclercCelebration Finger Cookies Dark Chocolate 45% Cocoa240 g,$4.49ea,,$1.87/ 100g,False,1948.0,
snacks,VitaVigor,"Breadsticks, Traditional","VitaVigorBreadsticks, Traditional125 g",$2.49ea,,$1.99/ 100g,False,1949.0,
snacks,Smart Food,White Cheddar flavour seasoned popcorn (small bag) 50g,Smart FoodWhite Cheddar flavour seasoned popcorn (small bag) 50g50 g,$1.89ea,,$3.78/ 100g,False,1950.0,
snacks,La Fe,Plaintain Chips,La FePlaintain Chips57 g,$2.29ea,,$4.02/ 100g,False,1951.0,
snacks,President's Choice,Strawberry Syrup,President's ChoiceStrawberry Syrup428 ml,$3.99ea,,$0.93/ 100ml,False,1952.0,
snacks,Humpty Dumpty,Party Original Mix,Humpty DumptyParty Original Mix250 g,$4.99ea,,$2.00/ 100g,False,1953.0,
snacks,Dole, Peaches In Strawberry Flavoured Gel,Dole Peaches In Strawberry Flavoured Gel492 g,$3.99ea,,$0.81/ 100g,False,1954.0,
snacks,Ruffles,Regular Lightly Salted Potato Chips,RufflesRegular Lightly Salted Potato Chips200 g,$4.99ea,,$2.50/ 100g,False,1955.0,
snacks,Cheetos,Puffs Cheese Flavoured Snacks,CheetosPuffs Cheese Flavoured Snacks390 g,$6.49ea,,$1.66/ 100g,False,1956.0,
snacks,President's Choice,Original Kettle Cooked Chips Club Size,President's ChoiceOriginal Kettle Cooked Chips Club Size907 g,$7.99ea,,$0.88/ 100g,False,1957.0,
snacks,Covered Bridge,"Potato Chips, Cheddar Cheese","Covered BridgePotato Chips, Cheddar Cheese170 g",$3.99ea,,$2.35/ 100g,False,1958.0,
snacks,Miss Vickies,Jalapeño flavour kettle cooked potato chips 200g,Miss VickiesJalapeño flavour kettle cooked potato chips 200g200 g,$5.49ea,,$2.75/ 100g,False,1959.0,
snacks,Miss Vickies,Original Recipe kettle cooked potato chips 200g,Miss VickiesOriginal Recipe kettle cooked potato chips 200g200 g,$5.49ea,,$2.75/ 100g,False,1960.0,
snacks,Miss Vickies,Sweet Chili & Sour Cream flavour kettle cooked potato chips 200g,Miss VickiesSweet Chili & Sour Cream flavour kettle cooked potato chips 200g200 g,$5.49ea,,$2.75/ 100g,False,1961.0,
snacks,No Name,Ketchup Potato Chips,No NameKetchup Potato Chips200 g,$2.99ea,,$1.50/ 100g,False,1962.0,
snacks,Sunchips,French Onion Flavour Multigrain Snacks 205g,SunchipsFrench Onion Flavour Multigrain Snacks 205g205 g,$5.49ea,,$2.68/ 100g,False,1963.0,
snacks,Munchies,BBQ Flavour Snack Mix 250g,MunchiesBBQ Flavour Snack Mix 250g250 g,$4.99ea,,$2.00/ 100g,False,1964.0,
snacks,President's Choice,Chicago Mix Popcorn,President's ChoiceChicago Mix Popcorn220 g,$3.49ea,,$1.59/ 100g,False,1965.0,
snacks,Doritos,Sweet Chili Heat! flavoured tortilla chips,DoritosSweet Chili Heat! flavoured tortilla chips370 g,$6.49ea,,$1.75/ 100g,False,1966.0,
snacks,No Name,Sour Cream & Onion Potato Chips ,No NameSour Cream & Onion Potato Chips 200 g,$2.99ea,,$1.50/ 100g,False,1967.0,
snacks,Rold Gold,Classic Style Thins Pretzels 370g,Rold GoldClassic Style Thins Pretzels 370g370 g,$4.79ea,,$1.29/ 100g,False,1968.0,
snacks,No Name,"Crackers and Cheese, Processed Cheese Product, Club Size","No NameCrackers and Cheese, Processed Cheese Product, Club Size24x29.0 g",$11.99ea,,$1.72/ 100g,False,1969.0,
snacks,Nature Valley,"Crunchy Granola Bars, Peanut Butter","Nature ValleyCrunchy Granola Bars, Peanut Butter230 g",$3.99ea,,$1.73/ 100g,False,1970.0,
snacks,Nature Valley,Crunchy Granola Bars Pecan Crunch,Nature ValleyCrunchy Granola Bars Pecan Crunch210 g,$3.99ea,,$1.90/ 100g,False,1971.0,
snacks,President's Choice,Almond Medley,President's ChoiceAlmond Medley250 g,$5.99ea,,$2.40/ 100g,False,1972.0,
snacks,Blue Diamond,Wasabi And Soy Sauce,Blue DiamondWasabi And Soy Sauce170 g,$6.99ea,,$4.11/ 100g,False,1973.0,
snacks,Tim Hortons,"Granola Bar, Double Chocolate","Tim HortonsGranola Bar, Double Chocolate5 ea",$3.29ea,,,False,1974.0,
snacks,Reese's,Reese Chocolate Minis Pouch,Reese'sReese Chocolate Minis Pouch210 g,$5.99ea,,$2.85/ 100g,False,1975.0,
snacks,Surati,Snack Extruded Flour Twist,SuratiSnack Extruded Flour Twist250 g,$2.99ea,,$1.20/ 100g,False,1976.0,
snacks,President's Choice,Free From Teriyaki Beef Jerky,President's ChoiceFree From Teriyaki Beef Jerky200 g,$12.99ea,,$6.50/ 100g,False,1977.0,
snacks,Voortman,Maple Wafers,VoortmanMaple Wafers300 g,$3.29ea,,$1.10/ 100g,False,1978.0,
snacks,Lindt,EXCELLENCE 70% Cacao Orange & Almond Dark Chocolate Bar,LindtEXCELLENCE 70% Cacao Orange & Almond Dark Chocolate Bar100 g,$6.49ea,,$6.49/ 100g,False,1979.0,
snacks,Dare,Bear Paws Sandwich Cookies Chocolate,DareBear Paws Sandwich Cookies Chocolate168 g,$4.49ea,,$2.67/ 100g,False,1980.0,
snacks,President's Choice,Sweet and Salty Peanut Chewy Nut Bars,President's ChoiceSweet and Salty Peanut Chewy Nut Bars175 g,$3.29ea,,$1.88/ 100g,False,1981.0,
snacks,Ritter Sport,"Chocolate, Milk  with Whole Hazelnuts","Ritter SportChocolate, Milk  with Whole Hazelnuts100 g",$2.99ea,,$2.99/ 100g,False,1982.0,
snacks,Brookside,Dark Chocolate Pomegranate,BrooksideDark Chocolate Pomegranate235 g,$5.29ea,,$2.25/ 100g,False,1983.0,
snacks,M&M's,"Milk Chocolate Candies, Sharing Bag","M&M'sMilk Chocolate Candies, Sharing Bag200 g",$5.99ea,,$3.00/ 100g,False,1984.0,
snacks,PATIENCE FRUIT & CO,Sour Cherry Flavoured Candy,PATIENCE FRUIT & COSour Cherry Flavoured Candy60 g,$2.99ea,$2.49ea,$4.15/ 100g,True,1985.0,saleEnds 03/22
snacks,Blue Diamond,Almonds Honey Roasted,Blue DiamondAlmonds Honey Roasted170 g,$6.99ea,,$4.11/ 100g,False,1986.0,
snacks,Peek Freans,Lifestyle Selections Shortcake Cookies,Peek FreansLifestyle Selections Shortcake Cookies290 g,$4.99ea,,$1.72/ 100g,False,1987.0,
snacks,Nature Valley,"Biscuits, Coconut Butter","Nature ValleyBiscuits, Coconut Butter190 g",$4.49ea,,$2.36/ 100g,False,1988.0,
snacks,Surati,Snacks Boondi,SuratiSnacks Boondi341 g,$2.99ea,,$0.88/ 100g,False,1989.0,
snacks,Nature Valley,Sweet & Salty Dark Choc,Nature ValleySweet & Salty Dark Choc525 g,$7.99ea,$6.99ea,$1.33/ 100g,True,1990.0,saleEnds 03/15
snacks,No Name,Dipped Chocolate Chip Granola Bars,No NameDipped Chocolate Chip Granola Bars156 g,$3.29ea,,$2.11/ 100g,False,1991.0,
snacks,President's Choice,Oatmeal Raisin Cookies,President's ChoiceOatmeal Raisin Cookies350 g,$3.99ea,,$1.14/ 100g,False,1992.0,
snacks,Loacker,Quadratini Bite Size Wafer Cookies Hazelnut,LoackerQuadratini Bite Size Wafer Cookies Hazelnut250 g,$4.99ea,,$2.00/ 100g,False,1993.0,
snacks,President's Choice,Belgian Chocolate Chunk Cookies,President's ChoiceBelgian Chocolate Chunk Cookies150 g,$3.99ea,,$2.66/ 100g,False,1994.0,
snacks,Popchips,Original Sour Cream & Onion Flavoured Popped Potato Snack,PopchipsOriginal Sour Cream & Onion Flavoured Popped Potato Snack142 g,$3.99ea,,$2.81/ 100g,False,1995.0,
snacks,Mentos,Mint,MentosMint4x37.0 g,$3.49ea,,$2.36/ 100g,False,1996.0,
snacks,Galil,Corn Cakes With Salted   ,GalilCorn Cakes With Salted   100 g,$1.99ea,,$1.99/ 100g,False,1997.0,
snacks,Handfuel,Everything Bagel Cashews,HandfuelEverything Bagel Cashews150 g,$6.99ea,,$4.66/ 100g,False,1998.0,
snacks,ChaCheer,"Sunflower Seeds, Spiced","ChaCheerSunflower Seeds, Spiced260 g",$2.99ea,,$1.15/ 100g,False,1999.0,
snacks,Simple Pleasures,Digestive,Simple PleasuresDigestive350 g,$4.49ea,,$1.28/ 100g,False,2000.0,
snacks,Kinder,Joy Egg,KinderJoy Egg20 g,$1.99ea,,$9.95/ 100g,False,2001.0,
snacks,Nestle,Smarties Chocolate Easter Bunny Gift Pack,NestleSmarties Chocolate Easter Bunny Gift Pack150 g,$9.99ea,,$6.66/ 100g,False,2002.0,
snacks,President's Choice,Caramel Syrup,President's ChoiceCaramel Syrup428 ml,$3.99ea,,$0.93/ 100ml,False,2003.0,
snacks,Glico,"Pocky, Strawberry Cream","GlicoPocky, Strawberry Cream33 g",$1.99ea,,$6.03/ 100g,False,2004.0,
snacks,President's Choice,"Garlic, Parmesan, & Herb Baked Pita Crackers","President's ChoiceGarlic, Parmesan, & Herb Baked Pita Crackers142 g",$3.79ea,,$2.67/ 100g,False,2005.0,
snacks,Britannia,Cake Rusk,BritanniaCake Rusk550 g,$5.99ea,,$1.09/ 100g,False,2006.0,
snacks,Nestle,"Quality Street Imported Caramels, Crèmes & Pralines","NestleQuality Street Imported Caramels, Crèmes & Pralines180 g",$6.99ea,,$3.88/ 100g,False,2007.0,
snacks,Leclerc,Go Pure Soft Baked Chocolate Chip Oatmeal Bars,LeclercGo Pure Soft Baked Chocolate Chip Oatmeal Bars175 g,$3.49ea,$3.29ea,$1.88/ 100g,True,2008.0,saleEnds 03/15
snacks,Loacker,Crispy Dark Chocolate Specialty With Cocoa Cream Filling Triple Chocolate,LoackerCrispy Dark Chocolate Specialty With Cocoa Cream Filling Triple Chocolate63 g,$3.99ea,,$6.33/ 100g,False,2009.0,
snacks,Lindt,"LINDOR Milk Chocolate Truffles, Count of 3 Box","LindtLINDOR Milk Chocolate Truffles, Count of 3 Box36 g",$1.99ea,,$5.53/ 100g,False,2010.0,
snacks,Want Want,"Big Shelly Senbei Rice Crackers, Original","Want WantBig Shelly Senbei Rice Crackers, Original122 g",$2.79ea,,$2.29/ 100g,False,2011.0,
snacks,Mediterranean,Tahini with Cocoa,MediterraneanTahini with Cocoa350 g,$6.49ea,,$1.85/ 100g,False,2012.0,
snacks,Cookie It Up,"Shortbread Cookies, Milk Chocolate Chip","Cookie It UpShortbread Cookies, Milk Chocolate Chip140 g",$5.49ea,,$3.92/ 100g,False,2013.0,
snacks,Wrigley,"Winterfresh Flavoured Mints, 1 Tin","WrigleyWinterfresh Flavoured Mints, 1 Tin34 g",$3.29ea,,$9.68/ 100g,False,2014.0,
snacks,Pepperidge Farm,Goldfish  Flavour Blasted  Wild White Cheddar,Pepperidge FarmGoldfish  Flavour Blasted  Wild White Cheddar180 g,$3.99ea,,$2.22/ 100g,False,2015.0,
snacks,Nestle,Smarties Easter Chocolate Chicken,NestleSmarties Easter Chocolate Chicken85 g,$7.49ea,,$8.81/ 100g,False,2016.0,
snacks,Jell-O,"Refrigerated Gelatin Snacks, Lemon Lime (4 X 89G)","Jell-ORefrigerated Gelatin Snacks, Lemon Lime (4 X 89G)4x89.0 g",$4.29ea,,$1.21/ 100g,False,2017.0,
snacks,Nature Valley,"Crunchy Granola Bars, Oats 'N' Honey","Nature ValleyCrunchy Granola Bars, Oats 'N' Honey230 g",$3.99ea,,$1.73/ 100g,False,2018.0,
snacks,S&F,"Red Peppers, Roasted","S&FRed Peppers, Roasted1.5 l",$12.99ea,,$0.87/ 100ml,False,2019.0,
snacks,Perugina,Baci Milk Chocolate Praline With Hazelnuts ,PeruginaBaci Milk Chocolate Praline With Hazelnuts 125 g,$7.99ea,,$6.39/ 100g,False,2020.0,
snacks,Skittles,"Original Gummy Candy, Bag","SkittlesOriginal Gummy Candy, Bag164 g",$3.79ea,,$2.31/ 100g,False,2021.0,
snacks,Excel,"Winterfresh Flavoured Sugar Free Chewing Gum, 18 Pieces, 3 Packs","ExcelWinterfresh Flavoured Sugar Free Chewing Gum, 18 Pieces, 3 Packs77 g",$4.99ea,,$6.48/ 100g,False,2022.0,
snacks,Siete,Churro Cinnamon Chips,SieteChurro Cinnamon Chips142 g,$6.49ea,$5.49ea,$3.87/ 100g,True,2023.0,saleEnds 03/15
snacks,Ritter Sport,White Chocolate Whole Hazelnut,Ritter SportWhite Chocolate Whole Hazelnut100 g,$2.99ea,,$2.99/ 100g,False,2024.0,
snacks,TRIDENT,Peppermint Gum,TRIDENTPeppermint Gum3 ea,$4.99ea,,$1.66/ 1ea,False,2025.0,
snacks,Hardbite,"Handcrafted-Style Chips, Paprika","HardbiteHandcrafted-Style Chips, Paprika128 g",$4.99ea,,$3.90/ 100g,False,2026.0,
snacks,President's Choice,The Decadent Middle Chocolate Chip Cookie,President's ChoiceThe Decadent Middle Chocolate Chip Cookie280 g,$4.49ea,,$1.60/ 100g,False,2027.0,
snacks,Cadbury,Dairy Milk Almond Chocolate Bar,CadburyDairy Milk Almond Chocolate Bar100 g,$2.99ea,,$2.99/ 100g,False,2028.0,
snacks,Excel,"Spearmint Flavoured Sugar Free Chewing Gum, 18 Pieces, 3 Packs","ExcelSpearmint Flavoured Sugar Free Chewing Gum, 18 Pieces, 3 Packs77 g",$4.99ea,,$6.48/ 100g,False,2029.0,
snacks,Nature Valley,"Chewy Trail Mix Granola Bars, Fruit & Nut","Nature ValleyChewy Trail Mix Granola Bars, Fruit & Nut175 g",$3.99ea,,$2.28/ 100g,False,2030.0,
snacks,No Name,"Crackers and Cheese, Processed Cheese Product, Club Size","No NameCrackers and Cheese, Processed Cheese Product, Club Size24x29.0 g",$11.99ea,,$1.72/ 100g,False,2031.0,
snacks,Nature Valley,"Crunchy Granola Bars, Peanut Butter","Nature ValleyCrunchy Granola Bars, Peanut Butter230 g",$3.99ea,,$1.73/ 100g,False,2032.0,
snacks,Nature Valley,Crunchy Granola Bars Pecan Crunch,Nature ValleyCrunchy Granola Bars Pecan Crunch210 g,$3.99ea,,$1.90/ 100g,False,2033.0,
snacks,President's Choice,Almond Medley,President's ChoiceAlmond Medley250 g,$5.99ea,,$2.40/ 100g,False,2034.0,
snacks,Blue Diamond,Wasabi And Soy Sauce,Blue DiamondWasabi And Soy Sauce170 g,$6.99ea,,$4.11/ 100g,False,2035.0,
snacks,Tim Hortons,"Granola Bar, Double Chocolate","Tim HortonsGranola Bar, Double Chocolate5 ea",$3.29ea,,,False,2036.0,
snacks,Reese's,Reese Chocolate Minis Pouch,Reese'sReese Chocolate Minis Pouch210 g,$5.99ea,,$2.85/ 100g,False,2037.0,
snacks,Surati,Snack Extruded Flour Twist,SuratiSnack Extruded Flour Twist250 g,$2.99ea,,$1.20/ 100g,False,2038.0,
snacks,President's Choice,Free From Teriyaki Beef Jerky,President's ChoiceFree From Teriyaki Beef Jerky200 g,$12.99ea,,$6.50/ 100g,False,2039.0,
snacks,Voortman,Maple Wafers,VoortmanMaple Wafers300 g,$3.29ea,,$1.10/ 100g,False,2040.0,
snacks,Lindt,EXCELLENCE 70% Cacao Orange & Almond Dark Chocolate Bar,LindtEXCELLENCE 70% Cacao Orange & Almond Dark Chocolate Bar100 g,$6.49ea,,$6.49/ 100g,False,2041.0,
snacks,Dare,Bear Paws Sandwich Cookies Chocolate,DareBear Paws Sandwich Cookies Chocolate168 g,$4.49ea,,$2.67/ 100g,False,2042.0,
snacks,President's Choice,Sweet and Salty Peanut Chewy Nut Bars,President's ChoiceSweet and Salty Peanut Chewy Nut Bars175 g,$3.29ea,,$1.88/ 100g,False,2043.0,
snacks,Ritter Sport,"Chocolate, Milk  with Whole Hazelnuts","Ritter SportChocolate, Milk  with Whole Hazelnuts100 g",$2.99ea,,$2.99/ 100g,False,2044.0,
snacks,Brookside,Dark Chocolate Pomegranate,BrooksideDark Chocolate Pomegranate235 g,$5.29ea,,$2.25/ 100g,False,2045.0,
snacks,M&M's,"Milk Chocolate Candies, Sharing Bag","M&M'sMilk Chocolate Candies, Sharing Bag200 g",$5.99ea,,$3.00/ 100g,False,2046.0,
snacks,PATIENCE FRUIT & CO,Sour Cherry Flavoured Candy,PATIENCE FRUIT & COSour Cherry Flavoured Candy60 g,$2.99ea,$2.49ea,$4.15/ 100g,True,2047.0,saleEnds 03/22
snacks,Blue Diamond,Almonds Honey Roasted,Blue DiamondAlmonds Honey Roasted170 g,$6.99ea,,$4.11/ 100g,False,2048.0,
snacks,Peek Freans,Lifestyle Selections Shortcake Cookies,Peek FreansLifestyle Selections Shortcake Cookies290 g,$4.99ea,,$1.72/ 100g,False,2049.0,
snacks,Nature Valley,"Biscuits, Coconut Butter","Nature ValleyBiscuits, Coconut Butter190 g",$4.49ea,,$2.36/ 100g,False,2050.0,
snacks,Surati,Snacks Boondi,SuratiSnacks Boondi341 g,$2.99ea,,$0.88/ 100g,False,2051.0,
snacks,Nature Valley,Sweet & Salty Dark Choc,Nature ValleySweet & Salty Dark Choc525 g,$7.99ea,$6.99ea,$1.33/ 100g,True,2052.0,saleEnds 03/15
snacks,FERRERO ROCHER,"Premium Chocolate Bar, White Chocolate Hazelnut Bar","FERRERO ROCHERPremium Chocolate Bar, White Chocolate Hazelnut Bar90 g",$3.89ea,,$4.32/ 100g,False,2053.0,
snacks,Pepperidge Farm,Goldfish  Cheddar,Pepperidge FarmGoldfish  Cheddar200 g,$3.99ea,,$2.00/ 100g,False,2054.0,
snacks,Pepperidge Farm,Goldfish Cheddar (6 Pack),Pepperidge FarmGoldfish Cheddar (6 Pack)6x28.0 g,$3.99ea,,$2.38/ 100g,False,2055.0,
snacks,M&M's,Easter Speck-tacular Peanut Butter Milk Chocolate Eggs,M&M'sEaster Speck-tacular Peanut Butter Milk Chocolate Eggs200 g,$5.49ea,,$2.75/ 100g,False,2056.0,
snacks,Kettle,Potato Chips Backyard Barbeque,KettlePotato Chips Backyard Barbeque198 g,$4.99ea,,$2.52/ 100g,False,2057.0,
snacks,Pepperidge Farm,Goldfish  Cheese Trio,Pepperidge FarmGoldfish  Cheese Trio200 g,$3.99ea,,$2.00/ 100g,False,2058.0,
snacks,Lay's,Wavy Original potato chips,Lay'sWavy Original potato chips235 g,$4.99ea,,$2.12/ 100g,False,2059.0,
snacks,Christie,Crispers Cheddar Crackers,ChristieCrispers Cheddar Crackers145 g,$3.99ea,,$2.75/ 100g,False,2060.0,
snacks,Lay's,Wavy Hickory BBQ flavoured potato chips,Lay'sWavy Hickory BBQ flavoured potato chips220 g,$4.99ea,,$2.27/ 100g,False,2061.0,
snacks,Lindt,EXCELLENCE 70% Cacao Raspberry & Hazelnut Dark Chocolate Bar,LindtEXCELLENCE 70% Cacao Raspberry & Hazelnut Dark Chocolate Bar100 g,$6.49ea,,$6.49/ 100g,False,2062.0,
snacks,Twigz,Zesty Dill Pickle Craft Pretzels,TwigzZesty Dill Pickle Craft Pretzels130 g,$4.99ea,,$3.84/ 100g,False,2063.0,
snacks,Oh Henry!, Snack Sized Candy Bars,Oh Henry! Snack Sized Candy Bars120 g,$2.99ea,,$2.49/ 100g,False,2064.0,
snacks,Karachi Bakery,Osmania Biscuits,Karachi BakeryOsmania Biscuits400 g,$7.99ea,,$2.00/ 100g,False,2065.0,
snacks,Langnese,Forest Honey,LangneseForest Honey375 g,$11.99ea,,$3.20/ 100g,False,2066.0,
snacks,Britannia,Milk Rusk,BritanniaMilk Rusk620 g,$5.99ea,,$1.07/ 100g,False,2067.0,
snacks,Christie,Crispers Barbecue Crackers,ChristieCrispers Barbecue Crackers145 g,$3.99ea,,$2.75/ 100g,False,2068.0,
snacks,President's Choice,Apple Banana Squeeze Fruit Snacks,President's ChoiceApple Banana Squeeze Fruit Snacks90 g,$2.99ea,,$3.32/ 100g,False,2069.0,
snacks,Cadbury,Dairy Milk Filled Chocolate Eggs Mini,CadburyDairy Milk Filled Chocolate Eggs Mini148 g,$7.99ea,,$5.40/ 100g,False,2070.0,
snacks,Buddy Fruits,"All Natural Blended Fruits, Apple and Banana","Buddy FruitsAll Natural Blended Fruits, Apple and Banana4x90.0 g",$3.99ea,,$1.11/ 100g,False,2071.0,
snacks,Grace,Green Banana Chips,GraceGreen Banana Chips85 g,$1.49ea,,$1.75/ 100g,False,2072.0,
snacks,Buddy Fruits,"All Natural Blended Fruits, Apple, Mango and Banana","Buddy FruitsAll Natural Blended Fruits, Apple, Mango and Banana4x90.0 g",$3.99ea,,$1.11/ 100g,False,2073.0,
snacks,Altra Food,Klein's Dried Prunes,Altra FoodKlein's Dried Prunes397 g,$8.49ea,,$2.14/ 100g,False,2074.0,
snacks,Terra,Real Vegetable Chips Screamin' Hot 141 g,TerraReal Vegetable Chips Screamin' Hot 141 g141 g,$6.49ea,,$4.60/ 100g,False,2075.0,
snacks,Britannia,Strawberry Crm Bis    ,BritanniaStrawberry Crm Bis    120 g,$1.29ea,,$1.08/ 100g,False,2076.0,
snacks,President's Choice,Salted Caramel Cookie Chips ,President's ChoiceSalted Caramel Cookie Chips 170 g,$3.99ea,,$2.35/ 100g,False,2077.0,
snacks,Purity,Cookies ,PurityCookies 350 g,$5.49ea,,$1.57/ 100g,False,2078.0,
snacks,Humpty Dumpty,"Rings, Sour Cream & Onion","Humpty DumptyRings, Sour Cream & Onion265 g",$4.99ea,,$1.88/ 100g,False,2079.0,
snacks,Nong Shim,Cuttlefish Snack,Nong ShimCuttlefish Snack55 g,$1.49ea,,$2.71/ 100g,False,2080.0,
snacks,Kinder,Maxi Plush,KinderMaxi Plush116 g,$13.99ea,,$12.06/ 100g,False,2081.0,
snacks,Hershey's,Eggies Made With  Peanut Butter,Hershey'sEggies Made With  Peanut Butter900 g,$12.99ea,,$1.44/ 100g,False,2082.0,
snacks,Lindt,Lindor Milk Chocolate,LindtLindor Milk Chocolate38 g,$1.99ea,,$5.24/ 100g,False,2083.0,
snacks,Kettle,Potato Chips Backyard Barbeque,KettlePotato Chips Backyard Barbeque198 g,$4.99ea,,$2.52/ 100g,False,2084.0,
snacks,Pepperidge Farm,Goldfish  Cheese Trio,Pepperidge FarmGoldfish  Cheese Trio200 g,$3.99ea,,$2.00/ 100g,False,2085.0,
snacks,Lay's,Wavy Original potato chips,Lay'sWavy Original potato chips235 g,$4.99ea,,$2.12/ 100g,False,2086.0,
snacks,Christie,Crispers Cheddar Crackers,ChristieCrispers Cheddar Crackers145 g,$3.99ea,,$2.75/ 100g,False,2087.0,
snacks,Ferrero,"Butterfinger, Peanut-Buttery Chocolate Candy Bar, Pack of 6 Mini Chocolate Bars","FerreroButterfinger, Peanut-Buttery Chocolate Candy Bar, Pack of 6 Mini Chocolate Bars111 g",$2.49ea,,$2.24/ 100g,False,2088.0,
snacks,FERRERO ROCHER,"Premium Chocolate Bar, White Chocolate Hazelnut Bar","FERRERO ROCHERPremium Chocolate Bar, White Chocolate Hazelnut Bar90 g",$3.89ea,,$4.32/ 100g,False,2089.0,
snacks,Tim Hortons,Blueberry Granola Bar,Tim HortonsBlueberry Granola Bar150 g,$3.29ea,,$2.19/ 100g,False,2090.0,
snacks,No Name,Dark Chocolate Bar,No NameDark Chocolate Bar100 g,$1.49ea,,$1.49/ 100g,False,2091.0,
snacks,Leclerc,Go Pure Fruit & Oat Bars Orchard Fruit,LeclercGo Pure Fruit & Oat Bars Orchard Fruit5x140.0 g,$3.29ea,,$0.47/ 100g,False,2092.0,
snacks,Storck,Merci Assorted Chocolates,StorckMerci Assorted Chocolates200 g,$6.29ea,,$3.15/ 100g,False,2093.0,
snacks,President's Choice,The Decadent Chocolate Chip Cookie ,President's ChoiceThe Decadent Chocolate Chip Cookie 500 g,$5.99ea,$5.49ea,$1.10/ 100g,True,2094.0,saleEnds 03/15
snacks,Skittles,Sour,SkittlesSour151 g,$3.79ea,,$2.51/ 100g,False,2095.0,
snacks,Lindt,"Chocolate,  White with A Delectably Smooth Centre","LindtChocolate,  White with A Delectably Smooth Centre150 g",$8.99ea,,$5.99/ 100g,False,2096.0,
snacks,Arnott's,"Tim Tam Biscuits, Chewy Caramel","Arnott'sTim Tam Biscuits, Chewy Caramel175 g",$4.49ea,,$2.57/ 100g,False,2097.0,
snacks,PC Blue Menu,Fruit & Nut Dark Chocolate Cherry Chewy Bars,PC Blue MenuFruit & Nut Dark Chocolate Cherry Chewy Bars165 g,$4.49ea,,$2.72/ 100g,False,2098.0,
snacks,Morris,Big Chewy Candy,MorrisBig Chewy Candy170 g,$2.49ea,,$1.46/ 100g,False,2099.0,
snacks,Quaker,Crispy Minis Ketchup flavour brown rice chips,QuakerCrispy Minis Ketchup flavour brown rice chips100 g,$3.99ea,,$3.99/ 100g,False,2100.0,
snacks,Reese's,"Chocolate, Peanut Butter Cups White Creme Thins","Reese'sChocolate, Peanut Butter Cups White Creme Thins165 g",$5.99ea,,$3.63/ 100g,False,2101.0,
snacks,No Name,Barbecue Blanched Peanuts,No NameBarbecue Blanched Peanuts500 g,$3.99ea,,$0.80/ 100g,False,2102.0,
snacks,Dare,Whippet Original Cookies,DareWhippet Original Cookies250 g,$4.29ea,,$1.72/ 100g,False,2103.0,
snacks,Nestle,Kitkat ,NestleKitkat 170 g,$5.99ea,,$3.52/ 100g,False,2104.0,
snacks,Maynards,Swedish Berries Berry Soft Candy,MaynardsSwedish Berries Berry Soft Candy355 g,$4.99ea,,$1.41/ 100g,False,2105.0,
snacks,Christie,Chips Ahoy! Chewy Cookies,ChristieChips Ahoy! Chewy Cookies271 g,$4.29ea,,$1.58/ 100g,False,2106.0,
snacks,Ritz,Bits Crackers,RitzBits Crackers200 g,$3.99ea,,$2.00/ 100g,False,2107.0,
snacks,Wheat Thins,Vegetable Thins Crackers 40%Less Fat,Wheat ThinsVegetable Thins Crackers 40%Less Fat200 g,$3.99ea,,$2.00/ 100g,False,2108.0,
snacks,Voortman,"Strawberry Wafers, No Sugar Added","VoortmanStrawberry Wafers, No Sugar Added250 g",$3.99ea,$3.79ea,$1.52/ 100g,True,2109.0,saleEnds 03/22
snacks,Pepperidge Farm,Goldfish  Cheddar,Pepperidge FarmGoldfish  Cheddar200 g,$3.99ea,,$2.00/ 100g,False,2110.0,
snacks,Pepperidge Farm,Goldfish Cheddar (6 Pack),Pepperidge FarmGoldfish Cheddar (6 Pack)6x28.0 g,$3.99ea,,$2.38/ 100g,False,2111.0,
snacks,M&M's,Easter Speck-tacular Peanut Butter Milk Chocolate Eggs,M&M'sEaster Speck-tacular Peanut Butter Milk Chocolate Eggs200 g,$5.49ea,,$2.75/ 100g,False,2112.0,
snacks,Lay's,Oven Baked Potato Chips Original 177g,Lay'sOven Baked Potato Chips Original 177g177 g,$4.99ea,,$2.82/ 100g,False,2113.0,
snacks,Lay's,Cheddar Jalapeño flavoured potato chips,Lay'sCheddar Jalapeño flavoured potato chips235 g,$4.99ea,,$2.12/ 100g,False,2114.0,
snacks,Lay's,Wavy Hickory BBQ flavoured potato chips,Lay'sWavy Hickory BBQ flavoured potato chips220 g,$4.99ea,,$2.27/ 100g,False,2115.0,
snacks,Pepperidge Farm,Goldfish Colours (6 Pack),Pepperidge FarmGoldfish Colours (6 Pack)156 g,$3.99ea,,$2.56/ 100g,False,2116.0,
snacks,Lay's,Classic potato chips,Lay'sClassic potato chips235 g,$4.99ea,,$2.12/ 100g,False,2117.0,
snacks,Cadbury,Mini Eggs Assorted Chocolate,CadburyMini Eggs Assorted Chocolate188 g,$5.99ea,,$3.19/ 100g,False,2118.0,
snacks,Cadbury,Mini Eggs Assorted Chocolate,CadburyMini Eggs Assorted Chocolate200 g,$7.99ea,,$4.00/ 100g,False,2119.0,
snacks,PopCorners,Sweet & Salty Kettle Corn Style Flavoured Popped-Corn Chips 142g,PopCornersSweet & Salty Kettle Corn Style Flavoured Popped-Corn Chips 142g142 g,$5.99ea,,$4.22/ 100g,False,2120.0,
snacks,Lindt,SWISS CLASSIC Hazelnut Dark Chocolate Bar,LindtSWISS CLASSIC Hazelnut Dark Chocolate Bar100 g,$3.99ea,,$3.99/ 100g,False,2121.0,
snacks,Lindt,EXCELLENCE 90% Cacao Dark Chocolate Bar,LindtEXCELLENCE 90% Cacao Dark Chocolate Bar100 g,$4.29ea,,$4.29/ 100g,False,2122.0,
snacks,PopCorners,Sea Salt Popped-Corn Chips 142g,PopCornersSea Salt Popped-Corn Chips 142g142 g,$5.99ea,,$4.22/ 100g,False,2123.0,
snacks,The Snack Factory,"Pretzel Crisps, Original","The Snack FactoryPretzel Crisps, Original200 g",$5.99ea,,$3.00/ 100g,False,2124.0,
snacks,Kurkure,Masala Munch Flavoured Snacks 115g,KurkureMasala Munch Flavoured Snacks 115g115 g,$1.29ea,,$1.12/ 100g,False,2125.0,
snacks,Christie,Chips Ahoy! Rainbow Cookies,ChristieChips Ahoy! Rainbow Cookies258 g,$4.29ea,,$1.66/ 100g,False,2126.0,
snacks,Neal Brothers Foods,Tortillas Organic White,Neal Brothers FoodsTortillas Organic White300 g,$5.49ea,,$1.83/ 100g,False,2127.0,
snacks,Lindt,SWISS CLASSIC Hazelnut Milk Chocolate Bar,LindtSWISS CLASSIC Hazelnut Milk Chocolate Bar100 g,$3.99ea,,$3.99/ 100g,False,2128.0,
snacks,Dare,Vinta Crackers Snacks Original,DareVinta Crackers Snacks Original200 g,$3.89ea,,$1.95/ 100g,False,2129.0,
snacks,President's Choice,"World of Flavours Pineapple, Banana & Passionfruit Flavour Dark Chocolate Dessert Bar","President's ChoiceWorld of Flavours Pineapple, Banana & Passionfruit Flavour Dark Chocolate Dessert Bar100 g",$2.49ea,,$2.49/ 100g,False,2130.0,
snacks,Voortman,No Sugar Added Chocolate Wafers,VoortmanNo Sugar Added Chocolate Wafers250 g,$3.99ea,$3.79ea,$1.52/ 100g,True,2131.0,saleEnds 03/22
snacks,Voortman,Orange Cream Wafers,VoortmanOrange Cream Wafers250 g,$3.99ea,$3.79ea,$1.52/ 100g,True,2132.0,saleEnds 03/22
snacks,Christie,Good Thins Sesame Rice Crackers,ChristieGood Thins Sesame Rice Crackers100 g,$3.99ea,,$3.99/ 100g,False,2133.0,
snacks,Loacker,Quadratini Matcha,LoackerQuadratini Matcha220 g,$4.99ea,,$2.27/ 100g,False,2134.0,
snacks,Oreo,Oreo Double Stuf Golden Cookies,OreoOreo Double Stuf Golden Cookies261 g,$4.29ea,,$1.64/ 100g,False,2135.0,
snacks,Christie,"Triscuit Crackers, Low Sodium","ChristieTriscuit Crackers, Low Sodium200 g",$3.99ea,,$2.00/ 100g,False,2136.0,
