category,brand,product_text,product_name,price_text,sale_price,per_unit_price_text,is_sale,ranking,sale_valid_to
bakery,Country Harvest,14 Grains Whole Wheat Bread,Country Harvest14 Grains Whole Wheat Bread600 g,$4.49ea,,$0.75/ 100g,False,1.0,
bakery,Casa Mendosa,Large Original Tortillas,Casa MendosaLarge Original Tortillas640 g,$4.79ea,,$0.75/ 100g,False,2.0,
bakery,,White Baguette,White Baguette255 g,$1.69ea,,$0.66/ 100g,False,3.0,
bakery,President's Choice,Tortillas Original ,President's ChoiceTortillas Original 650 g,$4.29ea,,$0.66/ 100g,False,4.0,
bakery,Country Harvest,Ancient Grains & Red Fife Bread,Country HarvestAncient Grains & Red Fife Bread600 g,$4.49ea,,$0.75/ 100g,False,5.0,
bakery,Farmer's Market,Butter Croissant,Farmer's MarketButter Croissant270 g,$5.99ea,,$2.22/ 100g,False,6.0,
bakery,Wonder,"Bread, Sliced White","WonderBread, Sliced White675 g",$3.99ea,,$0.59/ 100g,False,7.0,
bakery,President's Choice,Original English Muffins,President's ChoiceOriginal English Muffins342 g,$3.29ea,,$0.96/ 100g,False,8.0,
bakery,ACE,White Baguette,ACEWhite Baguette350 g,$3.99ea,,$1.14/ 100g,False,9.0,
bakery,Farmer's Market,Banana Chocolate Chunk Muffins,Farmer's MarketBanana Chocolate Chunk Muffins600 g,$6.99ea,,$1.17/ 100g,False,10.0,
bakery,Farmer's Market,Chocolate Chip Muffins,Farmer's MarketChocolate Chip Muffins600 g,$6.99ea,,$1.17/ 100g,False,11.0,
bakery,Casa Mendosa,Large Whole Wheat Tortillas,Casa MendosaLarge Whole Wheat Tortillas640 g,$4.79ea,,$0.75/ 100g,False,12.0,
bakery,Wonder,"Thin Sandwich Bread, White","WonderThin Sandwich Bread, White675 g",$3.99ea,,$0.59/ 100g,False,13.0,
bakery,Farmer's Market,Blueberry Muffins,Farmer's MarketBlueberry Muffins570 g,$6.99ea,,$1.23/ 100g,False,14.0,
bakery,Wonder,White Hamburger Buns,WonderWhite Hamburger Buns8x47.25 g,$3.99ea,,$1.06/ 100g,False,15.0,
bakery,DItaliano,Brioche-Style Hamburger Buns,DItalianoBrioche-Style Hamburger Buns560 g,$3.99ea,,$0.71/ 100g,False,16.0,
bakery,No Name,Bagel Plain 6 Pack,No NameBagel Plain 6 Pack510 g,$2.99ea,,$0.59/ 100g,False,17.0,
bakery,Wonder,White Bread with Fibre,WonderWhite Bread with Fibre675 g,$3.99ea,,$0.59/ 100g,False,18.0,
bakery,Wonder,100% Whole Wheat Bread,Wonder100% Whole Wheat Bread675 g,$3.99ea,,$0.59/ 100g,False,19.0,
bakery,No Name,Original Bread,No NameOriginal Bread675 g,$2.79ea,,$0.41/ 100g,False,20.0,
bakery,Country Harvest,Everything Bagel,Country HarvestEverything Bagel450 g,$4.49ea,,$1.00/ 100g,False,21.0,
bakery,Wonder,White Hotdog Buns,WonderWhite Hotdog Buns8x44.5 g,$3.99ea,,$1.12/ 100g,False,22.0,
bakery,No Name,Original English Muffins,No NameOriginal English Muffins342 g,$2.99ea,,$0.87/ 100g,False,23.0,
bakery,No Name,Bagel Everthing,No NameBagel Everthing480 g,$2.99ea,,$0.62/ 100g,False,24.0,
bakery,DItaliano,Thick Slices Bread,DItalianoThick Slices Bread675 g,$3.99ea,,$0.59/ 100g,False,25.0,
bakery,Suraj,Naan Original 5 Flatbreads,SurajNaan Original 5 Flatbreads500 g,$3.99ea,,$0.80/ 100g,False,26.0,
bakery,President's Choice,Chocolate Chip Mini Muffins,President's ChoiceChocolate Chip Mini Muffins336 g,$5.69ea,,$1.69/ 100g,False,27.0,
bakery,Suraj,Naan Garlic 5 Flatbreads,SurajNaan Garlic 5 Flatbreads500 g,$3.99ea,,$0.80/ 100g,False,28.0,
bakery,Farmer's Market,Carrot Muffins,Farmer's MarketCarrot Muffins600 g,$6.99ea,,$1.17/ 100g,False,29.0,
bakery,Country Harvest,Cinnamon Raisin Bread,Country HarvestCinnamon Raisin Bread600 g,$4.49ea,,$0.75/ 100g,False,30.0,
bakery,Wonder,White Bread White Texas,WonderWhite Bread White Texas675 g,$3.99ea,,$0.59/ 100g,False,31.0,
bakery,Country Harvest,Quinoa Flax Bread,Country HarvestQuinoa Flax Bread600 g,$4.49ea,,$0.75/ 100g,False,32.0,
bakery,Casa Mendosa,"10 Medium Tortillas, Original","Casa Mendosa10 Medium Tortillas, Original340 g",$4.29ea,,$1.26/ 100g,False,33.0,
bakery,Country Harvest,Protein Bread,Country HarvestProtein Bread600 g,$4.49ea,,$0.75/ 100g,False,34.0,
bakery,Farmer's Market,Butter Croissants Mini,Farmer's MarketButter Croissants Mini336 g,$5.99ea,,$1.78/ 100g,False,35.0,
bakery,Baxters,Swiss Roll Chocolate,BaxtersSwiss Roll Chocolate6x67.0 g,$5.49ea,,$1.37/ 100g,False,36.0,
bakery,President's Choice,Mini Naan Garlic 4 Flatbreads,President's ChoiceMini Naan Garlic 4 Flatbreads180 g,$3.49ea,,$1.94/ 100g,False,37.0,
bakery,,PC Dinner Rolls 60% Whole Wheat,PC Dinner Rolls 60% Whole Wheat12x1.0 ea,$4.29ea,,$0.36/ 1ea,False,38.0,
bakery,,Bulk Ts Donut,Bulk Ts Donut100 g,$1.89ea,,$1.89/ 100g,False,39.0,
bakery,Farmer's Market,Cinnamon Coffee Cake,Farmer's MarketCinnamon Coffee Cake500 g,$6.00ea,,$1.20/ 100g,False,40.0,
bakery,PC Organics,Organic 100% Whole Grain Bread,PC OrganicsOrganic 100% Whole Grain Bread709 g,$5.29ea,,$0.75/ 100g,False,41.0,
bakery,,Hot Cross Buns,Hot Cross Buns480 g,$4.29ea,,$0.89/ 100g,False,42.0,
bakery,,Panini Roll 2 Pack,Panini Roll 2 Pack107 g,$1.59ea,,$1.49/ 100g,False,43.0,
bakery,,Swirl Bun 2 Pack,Swirl Bun 2 Pack153 g,$3.19ea,,$2.08/ 100g,False,44.0,
bakery,Casa Mendosa,"10 Medium Tortillas, Whole Wheat","Casa Mendosa10 Medium Tortillas, Whole Wheat340 g",$4.29ea,,$1.26/ 100g,False,45.0,
bakery,,"White Subs, 2 Pack","White Subs, 2 Pack200 g",$1.59ea,,$0.80/ 100g,False,46.0,
bakery,Farmer's Market,Chocolate Cake,Farmer's MarketChocolate Cake490 g,$6.99ea,,$1.43/ 100g,False,47.0,
bakery,Dimpflmeier,100% Rye Bread With Flaxseeds,Dimpflmeier100% Rye Bread With Flaxseeds454 g,$4.99ea,,$1.10/ 100g,False,48.0,
bakery,,"Bagel, Plain, 6-pack","Bagel, Plain, 6-pack6x108.0 g",$4.79ea,,$0.74/ 100g,False,49.0,
bakery,Poppers,Popped Grains Corn Minis,PoppersPopped Grains Corn Minis45 g,$3.99ea,,$8.87/ 100g,False,50.0,
bakery,Cadbury,Caramilk Dome Cake,CadburyCaramilk Dome Cake1.2 kg,$18.99ea,,$2.71/ 100g,False,51.0,
bakery,Farmer's Market,Cinnamon Swirl Iced Loaf Cake,Farmer's MarketCinnamon Swirl Iced Loaf Cake400 g,$6.29ea,,$1.57/ 100g,False,52.0,
bakery,,All Butter Almondine Rolls,All Butter Almondine Rolls255 g,$4.99ea,,$1.45/ 100g,False,53.0,
bakery,,Submarine Buns 4 Pack,Submarine Buns 4 Pack464 g,$3.29ea,,$2.53/ 100g,False,54.0,
bakery,,Bagels,Bagels113 g,$0.79ea,,$0.70/ 100g,False,55.0,
bakery,ACE,Ciabatta Cluster,ACECiabatta Cluster400 g,$3.99ea,,$1.00/ 100g,False,56.0,
bakery,Paneriso,Banana Loaf Cake,PanerisoBanana Loaf Cake454 g,$8.49ea,,$1.87/ 100g,False,57.0,
bakery,Rubschlager,Sesame Multigrain Loaf,RubschlagerSesame Multigrain Loaf454 g,$3.99ea,,$0.88/ 100g,False,58.0,
bakery,Farmer's Market,"Tea Biscuits, Cheddar Cheese","Farmer's MarketTea Biscuits, Cheddar Cheese315 g",$6.29ea,,$2.00/ 100g,False,59.0,
bakery,,"Plain Croissant, 6 Pack","Plain Croissant, 6 Pack300 g",$4.79ea,,$1.60/ 100g,False,60.0,
bakery,Farmer's Market,Lemon Curd Cake,Farmer's MarketLemon Curd Cake475 g,$6.99ea,,$1.47/ 100g,False,61.0,
bakery,President's Choice,Multigrain Flatbread,President's ChoiceMultigrain Flatbread300 g,$3.09ea,,$1.03/ 100g,False,62.0,
bakery,Poppers,Wheat Popped Grains,PoppersWheat Popped Grains120 g,$5.49ea,,$4.58/ 100g,False,63.0,
bakery,President's Choice,Sourdough Loaf,President's ChoiceSourdough Loaf500 g,$3.99ea,,$0.80/ 100g,False,64.0,
bakery,Farmer's Market,Cake Chocolate,Farmer's MarketCake Chocolate1.5 kg,$24.99ea,,$1.67/ 100g,False,65.0,
bakery,,Cheese Swirl Buns 4 Pack,Cheese Swirl Buns 4 Pack400 g,$5.79ea,,$1.45/ 100g,False,66.0,
bakery,President's Choice,Thick Pizza Crust,President's ChoiceThick Pizza Crust300 g,$3.79ea,,$1.26/ 100g,False,67.0,
bakery,Farmer's Market,Pecan Butter Tarts,Farmer's MarketPecan Butter Tarts6x85.0 g,$7.99ea,$6.99ea,$1.37/ 100g,True,68.0,saleEnds 03/15
bakery,,"7 Grain Bread, Sliced","7 Grain Bread, Sliced570 g",$3.99ea,,$0.89/ 100g,False,69.0,
bakery,Sha Sha,Ginger Snap Cookies,Sha ShaGinger Snap Cookies300x300.0 g,$7.49ea,,$2.50/ 100g,False,70.0,
bakery,,Panini Rolls 6 Pack,Panini Rolls 6 Pack320 g,$4.49ea,,$1.40/ 100g,False,71.0,
bakery,ACE,Olive Oil & Sea Salt Mini Crisps ,ACEOlive Oil & Sea Salt Mini Crisps 180 g,$6.49ea,,$3.61/ 100g,False,72.0,
bakery,Frontier Bakery,Lebanese Style Whole Wheat Pita,Frontier BakeryLebanese Style Whole Wheat Pita330 g,$1.69ea,,$0.51/ 100g,False,73.0,
bakery,,"Blueberry Pie, 8 Inch","Blueberry Pie, 8 Inch680 g",$6.79ea,,$1.00/ 100g,False,74.0,
bakery,,Buns Kaiser 2 Pack,Buns Kaiser 2 Pack117 g,$1.59ea,,$1.36/ 100g,False,75.0,
bakery,PC Blue Menu,100% Whole Grain Tortillas,PC Blue Menu100% Whole Grain Tortillas6x65.0 g,$4.29ea,,$1.10/ 100g,False,76.0,
bakery,,"Strawberry Rhubarb Pie, 8 Inch","Strawberry Rhubarb Pie, 8 Inch680 g",$6.79ea,,$1.00/ 100g,False,77.0,
bakery,Baxters,Quinn's Vanilla Raspberry Cream,BaxtersQuinn's Vanilla Raspberry Cream6x67.0 g,$5.49ea,,$1.37/ 100g,False,78.0,
bakery,Farmer's Market,Carrot Cake,Farmer's MarketCarrot Cake875 g,$15.99ea,,$1.83/ 100g,False,79.0,
bakery,,Mini Donuts,Mini Donuts204 g,$5.99ea,$4.99ea,$2.45/ 100g,True,80.0,saleEnds 03/29
bakery,,Old Fashioned Cherry Pie,Old Fashioned Cherry Pie114 g,$1.79ea,,$1.57/ 100g,False,81.0,
bakery,Elite Sweets,Bacio ,Elite SweetsBacio 900 g,$18.99ea,,$2.11/ 100g,False,82.0,
bakery,Frontier Bakery,Lebanese Style White Pita,Frontier BakeryLebanese Style White Pita330 g,$1.69ea,,$0.51/ 100g,False,83.0,
bakery,Frontier Bakery,Thick Pouch White Bread Pitas,Frontier BakeryThick Pouch White Bread Pitas425 g,$1.59ea,,$0.37/ 100g,False,84.0,
bakery,,Texas Hamburger Buns-Sesame ,Texas Hamburger Buns-Sesame 528 g,$3.79ea,,$0.72/ 100g,False,85.0,
bakery,,Kaiser Rolls Large 6 Pack,Kaiser Rolls Large 6 Pack350 g,$4.49ea,,$1.28/ 100g,False,86.0,
bakery,Dempster,100% Whole Wheat Bread,Dempster100% Whole Wheat Bread675 g,$4.29ea,,$0.64/ 100g,False,87.0,
bakery,La Cocina,Corn Tortillas,La CocinaCorn Tortillas240 g,$2.59ea,,$1.08/ 100g,False,88.0,
bakery,Furlani,Ready Bake Garlic Toast Texas-Style Bread,FurlaniReady Bake Garlic Toast Texas-Style Bread16x40.0 g,$5.29ea,,$0.83/ 100g,False,89.0,
bakery,No Name,Bagel Whole Wheat,No NameBagel Whole Wheat510 g,$2.99ea,,$0.59/ 100g,False,90.0,
bakery,DItaliano,Brizzolio Bread,DItalianoBrizzolio Bread600 g,$3.99ea,,$0.67/ 100g,False,91.0,
bakery,President's Choice,Traditional Naan,President's ChoiceTraditional Naan250 g,$3.69ea,,$1.48/ 100g,False,92.0,
bakery,DItaliano,Sesame Seed Bread,DItalianoSesame Seed Bread675 g,$3.99ea,,$0.59/ 100g,False,93.0,
bakery,President's Choice,White Crustless Bread Tramezzini,President's ChoiceWhite Crustless Bread Tramezzini250 g,$3.99ea,,$1.60/ 100g,False,94.0,
bakery,No Name,Whole Wheat English Muffins,No NameWhole Wheat English Muffins342 g,$2.99ea,,$0.87/ 100g,False,95.0,
bakery,President's Choice,Brioche Mini Rolls,President's ChoiceBrioche Mini Rolls400 g,$5.49ea,,$1.37/ 100g,False,96.0,
bakery,LA FOURNEE DOREE,Brioche Hot Dog Rolls,LA FOURNEE DOREEBrioche Hot Dog Rolls16x385.0 g,$4.49ea,,$1.17/ 100g,False,97.0,
bakery,Promise Gluten Free,Hamburger Buns Authentic Brioche,Promise Gluten FreeHamburger Buns Authentic Brioche260 g,$7.99ea,,$3.07/ 100g,False,98.0,
bakery,DItaliano,Thick Sliced Brioche-Style Loaf,DItalianoThick Sliced Brioche-Style Loaf620 g,$3.99ea,,$0.64/ 100g,False,99.0,
bakery,President's Choice,Plain Barbari Flatbread,President's ChoicePlain Barbari Flatbread250 g,$3.49ea,,$1.40/ 100g,False,100.0,
bakery,Dempster,Fresh White Bread,DempsterFresh White Bread675 g,$3.99ea,,$0.59/ 100g,False,101.0,
bakery,Dimpflmeier,Bread Original Swedish Style Light Rye,DimpflmeierBread Original Swedish Style Light Rye454 g,$4.49ea,$4.19ea,$0.92/ 100g,True,102.0,saleEnds 03/22
bakery,President's Choice,Triple Chocolate Cake,President's ChoiceTriple Chocolate Cake710 g,$21.29ea,,$3.00/ 100g,False,103.0,
bakery,Country Harvest,Original Bagels,Country HarvestOriginal Bagels450 g,$4.49ea,,$1.00/ 100g,False,104.0,
bakery,President's Choice,Italian Style Bread Crumbs,President's ChoiceItalian Style Bread Crumbs275 g,$3.29ea,,$1.20/ 100g,False,105.0,
bakery,President's Choice,Pumpernickel Rye Loaf Bread,President's ChoicePumpernickel Rye Loaf Bread480 g,$3.99ea,,$0.83/ 100g,False,106.0,
bakery,ACE,Ciabatta Piccola,ACECiabatta Piccola800 g,$7.49ea,,$0.94/ 100g,False,107.0,
bakery,Casa Mendosa,"6 Large Tortillas, Tomato Salsa","Casa Mendosa6 Large Tortillas, Tomato Salsa384 g",$4.79ea,,$1.25/ 100g,False,108.0,
bakery,Dimpflmeier,Klosterbrot Bread,DimpflmeierKlosterbrot Bread454 g,$4.49ea,,$0.99/ 100g,False,109.0,
bakery,LA FOURNEE DOREE,Sesame Brioche Burger Buns,LA FOURNEE DOREESesame Brioche Burger Buns200 g,$4.29ea,,$2.15/ 100g,False,110.0,
bakery,Farmer's Market,"Sliced Loaf Cake, Marble","Farmer's MarketSliced Loaf Cake, Marble420 g",$6.29ea,,$1.50/ 100g,False,111.0,
bakery,two-bite,"Two Bite Maple Tarts, 9 Pack","two-biteTwo Bite Maple Tarts, 9 Pack261 g",$4.49ea,,$1.72/ 100g,False,112.0,
bakery,Farmer's Market,Cake Vanilla,Farmer's MarketCake Vanilla1.5 kg,$24.99ea,,$1.67/ 100g,False,113.0,
bakery,Casa Mendosa,Extra Large Burrito Tortillas,Casa MendosaExtra Large Burrito Tortillas630 g,$4.19ea,,$0.67/ 100g,False,114.0,
bakery,,Amazing Grain Raisin Bread Sliced,Amazing Grain Raisin Bread Sliced450 g,$4.59ea,,$1.02/ 100g,False,115.0,
bakery,President's Choice,Gigantico Burger Buns ,President's ChoiceGigantico Burger Buns 8x71.0 g,$4.29ea,,$0.76/ 100g,False,116.0,
bakery,Farmer's Market,Oatmeal & Chocolate Cookies,Farmer's MarketOatmeal & Chocolate Cookies456 g,$5.99ea,,$1.31/ 100g,False,117.0,
bakery,La Baguetterie,Ciabatta Demi ,La BaguetterieCiabatta Demi 450 g,$3.79ea,,$0.84/ 100g,False,118.0,
bakery,,PC Multigrain Kaiser 6S,PC Multigrain Kaiser 6S400 g,$4.49ea,,$1.12/ 100g,False,119.0,
bakery,two-bite,Duo Madeleine ,two-biteDuo Madeleine 284 g,$4.99ea,,$1.76/ 100g,False,120.0,
bakery,,"Jamocha Almond Fudge Cake, 8 Inch","Jamocha Almond Fudge Cake, 8 Inch1250 g",$29.99ea,,$2.40/ 100g,False,121.0,
bakery,President's Choice,Vanilla Bark Cake,President's ChoiceVanilla Bark Cake690 g,$21.29ea,,$3.09/ 100g,False,122.0,
bakery,ACE,Rustic Italian Oval,ACERustic Italian Oval350 g,$4.79ea,,$1.37/ 100g,False,123.0,
bakery,,Light Rye Bread,Light Rye Bread0.375 g,$3.19ea,,$0.85/ 100g,False,124.0,
bakery,,"Bagels, Poppy Seed 6 Pack","Bagels, Poppy Seed 6 Pack648 g",$4.79ea,,$4.44/ 100g,False,125.0,
bakery,,Core 12 Grain Breads,Core 12 Grain Breads284 g,$4.29ea,,$1.51/ 100g,False,126.0,
bakery,PC Organics,Organic Original Tortilla 10,PC OrganicsOrganic Original Tortilla 10390 g,$4.29ea,,$1.10/ 100g,False,127.0,
bakery,Farmer's Market,Lemon Coffee Cake,Farmer's MarketLemon Coffee Cake500 g,$6.00ea,,$1.20/ 100g,False,128.0,
bakery,,"Red Velvet Cake 8""","Red Velvet Cake 8""1300 g",$29.99ea,,$2.31/ 100g,False,129.0,
bakery,,Croissant 2 Pack,Croissant 2 Pack124 g,$1.59ea,,$1.28/ 100g,False,130.0,
bakery,,"100% Whole Wheat Bread, Sliced","100% Whole Wheat Bread, Sliced450 g",$3.29ea,,$0.73/ 100g,False,131.0,
bakery,Promise Gluten Free,Brioche Loaf Authentic Brioche,Promise Gluten FreeBrioche Loaf Authentic Brioche400 g,$7.99ea,,$2.00/ 100g,False,132.0,
bakery,,Old Fashioned Apple Pie,Old Fashioned Apple Pie114 g,$1.79ea,,$1.57/ 100g,False,133.0,
bakery,Apple Valley,"Apple Pie, No Sugar Added 8""","Apple ValleyApple Pie, No Sugar Added 8""620 g",$6.99ea,,$1.13/ 100g,False,134.0,
bakery,,Truffle Royale,Truffle Royale600 g,$20.99ea,,$3.50/ 100g,False,135.0,
bakery,,"Italian Bread, Multi-grain  Sliced","Italian Bread, Multi-grain  Sliced450 g",$3.49ea,,$0.78/ 100g,False,136.0,
bakery,President's Choice,Banana Chocolate Chip Mini Muffins,President's ChoiceBanana Chocolate Chip Mini Muffins336 g,$5.69ea,,$1.69/ 100g,False,137.0,
bakery,,Honey Glazed Ring Donuts 2 Pack,Honey Glazed Ring Donuts 2 Pack2x160.0 g,$3.49ea,,$2.18/ 100g,False,138.0,
bakery,Farmer's Market,Chocolate Cake,Farmer's MarketChocolate Cake850 g,$15.99ea,,$1.88/ 100g,False,139.0,
bakery,President's Choice,Garlic Naan ,President's ChoiceGarlic Naan 250 g,$3.69ea,,$1.48/ 100g,False,140.0,
bakery,,"Sourdough Loaf, Sliced","Sourdough Loaf, Sliced450 g",$3.29ea,,$0.73/ 100g,False,141.0,
bakery,President's Choice,Gluten Free Strawberry Cake ,President's ChoiceGluten Free Strawberry Cake 553 g,$11.99ea,,$2.17/ 100g,False,142.0,
bakery,,"Sourdough Bread, Sliced","Sourdough Bread, Sliced675 g",$4.79ea,,$0.71/ 100g,False,143.0,
bakery,President's Choice,Traditional Naan Dippers Flatbreads Club Pack,President's ChoiceTraditional Naan Dippers Flatbreads Club Pack400 g,$6.99ea,,$1.75/ 100g,False,144.0,
bakery,President's Choice,Gluten Free Strawberry Cake ,President's ChoiceGluten Free Strawberry Cake 553 g,$11.99ea,,$2.17/ 100g,False,145.0,
bakery,Farmer's Market,Cake Vanilla,Farmer's MarketCake Vanilla1.5 kg,$24.99ea,,$1.67/ 100g,False,146.0,
bakery,Dimpflmeier,Pumpernickel Bread,DimpflmeierPumpernickel Bread454 g,$4.99ea,,$1.10/ 100g,False,147.0,
bakery,Vachon,Flaky Pastries Apple-Raspberry,VachonFlaky Pastries Apple-Raspberry305 g,$4.49ea,$4.19ea,$1.37/ 100g,True,148.0,saleEnds 03/15
bakery,President's Choice,Garlic Naan ,President's ChoiceGarlic Naan 250 g,$3.69ea,,$1.48/ 100g,False,149.0,
bakery,Wonder,"English Muffins, Whole Wheat","WonderEnglish Muffins, Whole Wheat342 g",$3.79ea,,$1.11/ 100g,False,150.0,
bakery,Wonder,Whole Wheat Hamburger Buns,WonderWhole Wheat Hamburger Buns8x56.0 g,$3.99ea,,$0.89/ 100g,False,151.0,
bakery,Country Harvest,Cranberry & Oats Bagel,Country HarvestCranberry & Oats Bagel450 g,$4.49ea,,$1.00/ 100g,False,152.0,
bakery,No Name,Cracked Wheat Bread,No NameCracked Wheat Bread675 g,$2.79ea,,$0.41/ 100g,False,153.0,
bakery,President's Choice,Bread Crumbs,President's ChoiceBread Crumbs300 g,$3.29ea,,$1.10/ 100g,False,154.0,
bakery,President's Choice,Extra Raisins Hot Cross Buns,President's ChoiceExtra Raisins Hot Cross Buns8x70.6 g,$4.99ea,,$0.88/ 100g,False,155.0,
bakery,Wonder,Whole Wheat Hot Dog Rolls,WonderWhole Wheat Hot Dog Rolls8x60.0 g,$3.99ea,,$0.83/ 100g,False,156.0,
bakery,Rudolphs,Bavarian Rye Bread,RudolphsBavarian Rye Bread500 g,$4.29ea,,$0.86/ 100g,False,157.0,
bakery,,"Bagels, Poppy Seed 6 Pack","Bagels, Poppy Seed 6 Pack648 g",$4.79ea,,$4.44/ 100g,False,158.0,
bakery,President's Choice,Traditional Naan Dippers Flatbreads Club Pack,President's ChoiceTraditional Naan Dippers Flatbreads Club Pack400 g,$6.99ea,,$1.75/ 100g,False,159.0,
bakery,PC Blue Menu,White Whole Grain Thin Buns,PC Blue MenuWhite Whole Grain Thin Buns8x60.0 g,$3.99ea,,$0.83/ 100g,False,160.0,
bakery,,King’s Hawaiian Sweet Rolls ,King’s Hawaiian Sweet Rolls 0.34 kg,$4.49ea,,$1.32/ 100g,False,161.0,
bakery,President's Choice,Gluten Free Tortillas Original,President's ChoiceGluten Free Tortillas Original360 g,$5.99ea,,$1.66/ 100g,False,162.0,
bakery,Farmer's Market,Maple Muffin,Farmer's MarketMaple Muffin600 g,$6.99ea,,$1.17/ 100g,False,163.0,
bakery,Farmer's Market,Tuxedo Cake,Farmer's MarketTuxedo Cake753 g,$14.99ea,,$1.99/ 100g,False,164.0,
bakery,,"8"" Lemon Meringue Pie","8"" Lemon Meringue Pie635 g",$6.79ea,,$1.07/ 100g,False,165.0,
bakery,Country Harvest,Sourdough Loaf,Country HarvestSourdough Loaf650 g,$4.49ea,,$0.69/ 100g,False,166.0,
bakery,Country Harvest,Everything Bread,Country HarvestEverything Bread600 g,$4.49ea,,$0.75/ 100g,False,167.0,
bakery,School Safe,Muffin Bars Banana Chocolate Chip,School SafeMuffin Bars Banana Chocolate Chip296 g,$4.29ea,,$1.45/ 100g,False,168.0,
bakery,Baker Boys,"Maple Cinnamon Rolls, 4 Pack","Baker BoysMaple Cinnamon Rolls, 4 Pack532 g",$8.99ea,,$1.69/ 100g,False,169.0,
bakery,Dimpflmeier,Bread Prebiotic Multi-Grain,DimpflmeierBread Prebiotic Multi-Grain454 g,$3.79ea,,$0.83/ 100g,False,170.0,
bakery,Farmer's Market,Raisin Bran Muffins,Farmer's MarketRaisin Bran Muffins600 g,$6.99ea,,$1.17/ 100g,False,171.0,
bakery,Farmer's Market,"Loaf Cake, Banana","Farmer's MarketLoaf Cake, Banana390 g",$6.29ea,,$1.61/ 100g,False,172.0,
bakery,two-bite,Mini Vanilla Cupcakes 12 Pack,two-biteMini Vanilla Cupcakes 12 Pack284 g,$5.29ea,,$1.86/ 100g,False,173.0,
bakery,Farmer's Market,Cookies and Creme Cake,Farmer's MarketCookies and Creme Cake825 g,$15.99ea,,$1.94/ 100g,False,174.0,
bakery,Sha Sha,Ginger Snaps,Sha ShaGinger Snaps300x300.0 g,$7.49ea,,$2.50/ 100g,False,175.0,
bakery,No Name,Whole Wheat Dinner Roll,No NameWhole Wheat Dinner Roll420 g,$3.89ea,,$0.93/ 100g,False,176.0,
bakery,,Savoury Roll,Savoury Roll85 g,$1.49ea,,$1.75/ 100g,False,177.0,
bakery,PC Organics,Organic Everything Bagel,PC OrganicsOrganic Everything Bagel450 g,$4.69ea,,$1.04/ 100g,False,178.0,
bakery,,Cheese Pizza Buns 4 Pack,Cheese Pizza Buns 4 Pack460 g,$5.79ea,,$1.26/ 100g,False,179.0,
bakery,ACE,Aged Mini Cheddar Crisps,ACEAged Mini Cheddar Crisps150 g,$6.49ea,,$4.33/ 100g,False,180.0,
bakery,,ProteinUp Tortilla Wrap with Sea Salt & Pepper,ProteinUp Tortilla Wrap with Sea Salt & Pepper284 g,$4.29ea,,$1.51/ 100g,False,181.0,
bakery,,"6"" Chocolate Truffle Cake","6"" Chocolate Truffle Cake600 g",$20.99ea,,$3.50/ 100g,False,182.0,
bakery,,"12 Grain Bread, Sliced","12 Grain Bread, Sliced450 g",$3.99ea,,$0.89/ 100g,False,183.0,
bakery,Ready Bake,Garlic Bread,Ready BakeGarlic Bread330 g,$3.99ea,,$1.21/ 100g,False,184.0,
bakery,two-bite,Mini Chocolate Cupcakes 12 Pack,two-biteMini Chocolate Cupcakes 12 Pack284 g,$5.29ea,,$1.86/ 100g,False,185.0,
bakery,Farmer's Market,Bumbleberry Crumble Pie,Farmer's MarketBumbleberry Crumble Pie1 kg,$11.99ea,,$1.20/ 100g,False,186.0,
bakery,Farmer's Market,Date Square,Farmer's MarketDate Square450 g,$6.99ea,,$1.55/ 100g,False,187.0,
bakery,Farmer's Market,Muffins Double Chocolate    ,Farmer's MarketMuffins Double Chocolate    570 g,$6.99ea,,$1.23/ 100g,False,188.0,
bakery,President's Choice,Traditional Naan Club Size ,President's ChoiceTraditional Naan Club Size 750 g,$5.59ea,,$0.75/ 100g,False,189.0,
bakery,,Kaiser Rolls Whole Wheat 6 Pack,Kaiser Rolls Whole Wheat 6 Pack400 g,$4.49ea,,$1.12/ 100g,False,190.0,
bakery,ACE,Roasted Garlic Mini Crisps,ACERoasted Garlic Mini Crisps180 g,$6.49ea,,$3.61/ 100g,False,191.0,
bakery,,"Pumpernickel Bread, Sliced","Pumpernickel Bread, Sliced450 g",$3.29ea,,$0.73/ 100g,False,192.0,
bakery,Wonder,100% Whole Wheat Bread Thin Sliced,Wonder100% Whole Wheat Bread Thin Sliced675 g,$3.99ea,,$0.59/ 100g,False,193.0,
bakery,Poppers, Popped Grains Wheat Minis,Poppers Popped Grains Wheat Minis45 g,$3.99ea,,$8.87/ 100g,False,194.0,
bakery,La Baguetterie,White Oval,La BaguetterieWhite Oval454 g,$3.79ea,,$0.83/ 100g,False,195.0,
bakery,Moms,Golden Pound Cake,MomsGolden Pound Cake450 g,$5.49ea,,$1.22/ 100g,False,196.0,
bakery,Farmer's Market,"Cookies, Peanut Butter, 12 Pack","Farmer's MarketCookies, Peanut Butter, 12 Pack456 g",$5.99ea,,$1.31/ 100g,False,197.0,
bakery,Farmer's Market,Raisin Butter Tarts,Farmer's MarketRaisin Butter Tarts6x85.0 g,$7.99ea,$6.99ea,$1.37/ 100g,True,198.0,saleEnds 03/15
bakery,ACE,Sesame Gourmet Hamburger Buns,ACESesame Gourmet Hamburger Buns260 g,$3.99ea,,$1.53/ 100g,False,199.0,
bakery,,"Bagels, Cinnamon Raisin 6 Pack","Bagels, Cinnamon Raisin 6 Pack648 g",$4.79ea,,$4.44/ 100g,False,200.0,
bakery,ACE,Pane Rustico,ACEPane Rustico600 g,$5.99ea,,$1.00/ 100g,False,201.0,
bakery,Suraj,Naan Garlic Flatbreads,SurajNaan Garlic Flatbreads1 kg,$5.49ea,,$0.55/ 100g,False,202.0,
bakery,President's Choice,Crumpets,President's ChoiceCrumpets284 g,$2.99ea,,$1.05/ 100g,False,203.0,
bakery,President's Choice,Traditional Naan Rounds,President's ChoiceTraditional Naan Rounds480 g,$4.59ea,$4.39ea,$0.91/ 100g,True,204.0,saleEnds 03/22
bakery,President's Choice,À L’Européenne Light Rye Loaf,President's ChoiceÀ L’Européenne Light Rye Loaf480 g,$3.99ea,,$0.83/ 100g,False,205.0,
bakery,Farmer's Market,Lemon Tarts,Farmer's MarketLemon Tarts400 g,$7.29ea,$6.99ea,$1.75/ 100g,True,206.0,saleEnds 03/15
bakery,,Savoury Butter Rolls,Savoury Butter Rolls340 g,$4.49ea,,$1.32/ 100g,False,207.0,
bakery,ACE,Rosemary Crisps,ACERosemary Crisps180 g,$6.49ea,,$3.61/ 100g,False,208.0,
bakery,,"Bagels, Everything 6 Pack","Bagels, Everything 6 Pack108 g",$4.79ea,,$4.44/ 100g,False,209.0,
bakery,two-bite,Chocolate Cupcakes St.Patrick,two-biteChocolate Cupcakes St.Patrick284 g,$5.29ea,,$1.86/ 100g,False,210.0,
bakery,,Apple Fritter Donut 2 Pack,Apple Fritter Donut 2 Pack2x290.0 g,$3.49ea,,$1.20/ 100g,False,211.0,
bakery,Dempster,100% Whole Grains 12 Grain Bread,Dempster100% Whole Grains 12 Grain Bread600 g,$4.19ea,,$0.70/ 100g,False,212.0,
bakery,Country Harvest,"Bagels, Raisin Cinnamon with Whole Wheat","Country HarvestBagels, Raisin Cinnamon with Whole Wheat450 g",$4.49ea,,$1.00/ 100g,False,213.0,
bakery,Furlani,Ready Bake Garlic Parmesan Toast Texas-Style Bread,FurlaniReady Bake Garlic Parmesan Toast Texas-Style Bread16x40.0 g,$5.29ea,,$0.83/ 100g,False,214.0,
bakery,Rudolphs,Bavarian Premium Sandwich Bread,RudolphsBavarian Premium Sandwich Bread500 g,$4.29ea,,$0.86/ 100g,False,215.0,
bakery,Wonder,"6 Pack English Muffin Breakfast Sandwich Bun, White","Wonder6 Pack English Muffin Breakfast Sandwich Bun, White342 g",$3.79ea,,$1.11/ 100g,False,216.0,
bakery,,Cheese Swirl Bun 2 Pack,Cheese Swirl Bun 2 Pack133 g,$3.19ea,,$2.40/ 100g,False,217.0,
bakery,FGF,"Butter Tart Muffin, 6 Pack","FGFButter Tart Muffin, 6 Pack600 g",$6.99ea,,$1.17/ 100g,False,218.0,
bakery,Vachon,Ah Caramel,VachonAh Caramel336 g,$4.49ea,$4.19ea,$1.25/ 100g,True,219.0,saleEnds 03/15
bakery,President's Choice,Multigrain Rye Loaf Bread,President's ChoiceMultigrain Rye Loaf Bread480 g,$3.99ea,,$0.83/ 100g,False,220.0,
bakery,LA FOURNEE DOREE,Milk Brioche Rolls,LA FOURNEE DOREEMilk Brioche Rolls350 g,$6.49ea,,$1.85/ 100g,False,221.0,
bakery,Dimpflmeier,Bread Original Swedish Style Light Rye,DimpflmeierBread Original Swedish Style Light Rye680 g,$5.29ea,,$0.78/ 100g,False,222.0,
bakery,President's Choice,Tortillas Original ,President's ChoiceTortillas Original 340 g,$3.99ea,,$1.17/ 100g,False,223.0,
bakery,DItaliano,Brizzolio Sausage Buns,DItalianoBrizzolio Sausage Buns420 g,$3.99ea,,$0.95/ 100g,False,224.0,
bakery,Country Harvest,14 Grain Bagels,Country Harvest14 Grain Bagels450 g,$4.49ea,,$1.00/ 100g,False,225.0,
bakery,No Name,Bagel Sesame 6 Pack,No NameBagel Sesame 6 Pack510 g,$2.99ea,,$0.59/ 100g,False,226.0,
bakery,President's Choice,Yukon Gold Potato Loaf,President's ChoiceYukon Gold Potato Loaf480 g,$3.99ea,,$0.83/ 100g,False,227.0,
bakery,President's Choice,Cannoli Kit,President's ChoiceCannoli Kit300 g,$9.99ea,,$3.33/ 100g,False,228.0,
bakery,No Name,Hot Dog Buns,No NameHot Dog Buns344 g,$3.39ea,,$0.99/ 100g,False,229.0,
bakery,Farmer's Market,Sandwich Croissant,Farmer's MarketSandwich Croissant260 g,$5.99ea,,$2.30/ 100g,False,230.0,
bakery,Farmer's Market,Everything Butter Croissants,Farmer's MarketEverything Butter Croissants270 g,$5.99ea,,$2.22/ 100g,False,231.0,
bakery,Dimpflmeier,Sonnenblumenkerne Bread,DimpflmeierSonnenblumenkerne Bread454 g,$4.49ea,,$0.99/ 100g,False,232.0,
bakery,,Bread Cheese Sliced,Bread Cheese Sliced470 g,$6.29ea,,$1.34/ 100g,False,233.0,
bakery,,Hawaiian Sprinkle Donutss 2 Pack,Hawaiian Sprinkle Donutss 2 Pack2x200.0 g,$3.49ea,,$1.75/ 100g,False,234.0,
bakery,Farmer's Market,Chocolate Ganache Coffee Cake,Farmer's MarketChocolate Ganache Coffee Cake500 g,$6.00ea,,$1.20/ 100g,False,235.0,
bakery,,White Buns Dinner Rolls,White Buns Dinner Rolls12x1.0 ea,$4.29ea,,$0.36/ 1ea,False,236.0,
bakery,Farmer's Market,Cookies Oatmeal,Farmer's MarketCookies Oatmeal456 g,$5.99ea,,$1.31/ 100g,False,237.0,
bakery,Farmer's Market,Mini Angel Food Cakes,Farmer's MarketMini Angel Food Cakes270 g,$5.99ea,,$2.22/ 100g,False,238.0,
bakery,Farmer's Market,Brownies,Farmer's MarketBrownies265 g,$4.99ea,,$1.88/ 100g,False,239.0,
bakery,Dimpflmeier,Vollkornbrot Bread,DimpflmeierVollkornbrot Bread454 g,$3.79ea,,$0.83/ 100g,False,240.0,
bakery,,Bread Cinnamon Raisin Sliced,Bread Cinnamon Raisin Sliced550 g,$4.49ea,,$0.82/ 100g,False,241.0,
bakery,Frontier Bakery,Thick Pouch Whole Wheat Pitas,Frontier BakeryThick Pouch Whole Wheat Pitas425 g,$1.59ea,,$0.37/ 100g,False,242.0,
bakery,Farmer's Market,Brownies,Farmer's MarketBrownies265 g,$4.99ea,,$1.88/ 100g,False,243.0,
bakery,Baxters,Swiss Rolls Strawberry Shortcake,BaxtersSwiss Rolls Strawberry Shortcake402 g,$5.49ea,,$1.37/ 100g,False,244.0,
bakery,ACE,Brioche Bagel,ACEBrioche Bagel272 g,$4.49ea,,$1.65/ 100g,False,245.0,
bakery,Kimberley's Bakeshoppe,"Frosted Sugar Cookies, Maple","Kimberley's BakeshoppeFrosted Sugar Cookies, Maple383 g",$4.99ea,,$1.30/ 100g,False,246.0,
bakery,Farmer's Market,Macaroons,Farmer's MarketMacaroons350 g,$6.49ea,,$1.85/ 100g,False,247.0,
bakery,Farmer's Market,Nanaimo Square,Farmer's MarketNanaimo Square400 g,$6.99ea,,$1.75/ 100g,False,248.0,
bakery,ACE,Multigrain Ciabatta Demi,ACEMultigrain Ciabatta Demi275 g,$2.99ea,,$1.09/ 100g,False,249.0,
bakery,La Baguetterie,Roasted Garlic Oval,La BaguetterieRoasted Garlic Oval398 g,$3.79ea,,$0.95/ 100g,False,250.0,
bakery,Sha Sha,Shasha Cocoa Snaps,Sha ShaShasha Cocoa Snaps300x300.0 g,$7.49ea,,$2.50/ 100g,False,251.0,
bakery,,Old Fashioned Wild Blueberry Pie,Old Fashioned Wild Blueberry Pie114 g,$1.79ea,,$1.57/ 100g,False,252.0,
bakery,Farmer's Market,"Sliced Loaf Cake, Banana","Farmer's MarketSliced Loaf Cake, Banana420 g",$6.29ea,,$1.50/ 100g,False,253.0,
bakery,ACE,Brioche Gourmet Hamburger Bun,ACEBrioche Gourmet Hamburger Bun260 g,$3.99ea,,$1.53/ 100g,False,254.0,
bakery,President's Choice,Carrot Nut Rustic Cake,President's ChoiceCarrot Nut Rustic Cake610 g,$7.99ea,,$1.31/ 100g,False,255.0,
bakery,Farmer's Market,Maple Loaf Cake,Farmer's MarketMaple Loaf Cake390 g,$5.99ea,,$1.54/ 100g,False,256.0,
bakery,,"Crusty Bread, French Sliced","Crusty Bread, French Sliced450 g",$2.99ea,,$0.66/ 100g,False,257.0,
bakery,two-bite,Vanilla Cupcakes St.Patrick,two-biteVanilla Cupcakes St.Patrick284 g,$4.99ea,,$1.76/ 100g,False,258.0,
bakery,Wonder,"Whole Wheat 10"" Wraps","WonderWhole Wheat 10"" Wraps640 g",$4.79ea,,$0.75/ 100g,False,259.0,
bakery,Farmer's Market,Marble Coffee Cake,Farmer's MarketMarble Coffee Cake500 g,$6.00ea,,$1.20/ 100g,False,260.0,
bakery,Farmer's Market,Vanilla Cake,Farmer's MarketVanilla Cake490 g,$6.99ea,,$1.43/ 100g,False,261.0,
bakery,Farmer's Market,"Sliced Loaf Cake, Vanilla","Farmer's MarketSliced Loaf Cake, Vanilla420 g",$6.29ea,,$1.50/ 100g,False,262.0,
bakery,Farmer's Market,Chocolate Chip Cookies,Farmer's MarketChocolate Chip Cookies456 g,$5.99ea,,$1.31/ 100g,False,263.0,
bakery,Elite,"6"" Triple Chocolate Mousse","Elite6"" Triple Chocolate Mousse900 g",$18.99ea,,$2.11/ 100g,False,264.0,
bakery,,Texas Hot Dog Buns,Texas Hot Dog Buns520 g,$3.79ea,,$0.73/ 100g,False,265.0,
bakery,Farmer's Market,Oatmeal Raisin Cookies,Farmer's MarketOatmeal Raisin Cookies456 g,$5.99ea,,$1.31/ 100g,False,266.0,
bakery,Farmer's Market,Red Velvet Cake,Farmer's MarketRed Velvet Cake490 g,$6.99ea,,$1.43/ 100g,False,267.0,
bakery,Wonder,Flour Tortillas White 10 Medium ,WonderFlour Tortillas White 10 Medium 340 g,$4.29ea,,$1.26/ 100g,False,268.0,
bakery,,"5"" Smash Chocolate Cake","5"" Smash Chocolate Cake300 g",$3.99ea,,$1.33/ 100g,False,269.0,
bakery,Paneriso,Chocolate Chip Cookies,PanerisoChocolate Chip Cookies350 g,$8.49ea,,$2.43/ 100g,False,270.0,
bakery,,Old Fashioned Lemon Pie ,Old Fashioned Lemon Pie 114 g,$1.79ea,,$1.57/ 100g,False,271.0,
bakery,,"Bagel, Herb N' Cheese","Bagel, Herb N' Cheese108 g",$4.79ea,,$4.44/ 100g,False,272.0,
bakery,,"Pumpkin Pie, 8 Inch","Pumpkin Pie, 8 Inch680 g",$6.79ea,,$1.00/ 100g,False,273.0,
bakery,,"Apple Pie, 8 Inch","Apple Pie, 8 Inch750 g",$6.79ea,,$0.91/ 100g,False,274.0,
bakery,,"Cherry Pie, 8 Inch","Cherry Pie, 8 Inch680 g",$6.79ea,,$1.00/ 100g,False,275.0,
bakery,,Apple Turnover 4-pack,Apple Turnover 4-pack280 g,$4.99ea,,$1.78/ 100g,False,276.0,
bakery,,Red Pepper Breads,Red Pepper Breads284 g,$4.29ea,,$1.73/ 100g,False,277.0,
bakery,,Flame-Baked Naan Original,Flame-Baked Naan Original400 g,$3.99ea,,$1.00/ 100g,False,278.0,
bakery,Farmer's Market,Lemon Squares,Farmer's MarketLemon Squares400 g,$6.99ea,,$1.75/ 100g,False,279.0,
bakery,Farmer's Market,Fudge Square,Farmer's MarketFudge Square400 g,$6.99ea,,$1.75/ 100g,False,280.0,
bakery,Farmer's Market,Black Forest Cake,Farmer's MarketBlack Forest Cake750 g,$15.99ea,,$2.13/ 100g,False,281.0,
bakery,Frontier Bakery,White Bread Greek Pitas,Frontier BakeryWhite Bread Greek Pitas425 g,$1.59ea,,$0.37/ 100g,False,282.0,
bakery,,"Rolls, Calabrese","Rolls, Calabrese480 g",$4.49ea,,$0.94/ 100g,False,283.0,
bakery,Country Harvest,Seeds and Grains Bread,Country HarvestSeeds and Grains Bread600 g,$4.49ea,,$0.75/ 100g,False,284.0,
bakery,President's Choice,Whole Wheat Naan Rounds Buns,President's ChoiceWhole Wheat Naan Rounds Buns480 g,$4.59ea,$4.39ea,$0.91/ 100g,True,285.0,saleEnds 03/22
bakery,President's Choice,Extra Thick Sliced Cinnamon Bread with Raisins,President's ChoiceExtra Thick Sliced Cinnamon Bread with Raisins675 g,$4.99ea,,$0.74/ 100g,False,286.0,
bakery,DItaliano,Brioche-Style Sausage Buns,DItalianoBrioche-Style Sausage Buns420 g,$3.99ea,,$0.95/ 100g,False,287.0,
bakery,Farmer's Market,Pumpkin Pie 10 Inch,Farmer's MarketPumpkin Pie 10 Inch900 g,$11.99ea,,$1.33/ 100g,False,288.0,
bakery,Weston,"Texas Toast Bread, 100% Whole Wheat","WestonTexas Toast Bread, 100% Whole Wheat675 g",$3.99ea,,$0.59/ 100g,False,289.0,
bakery,,"Rolls, Calabrese","Rolls, Calabrese480 g",$4.49ea,,$0.94/ 100g,False,290.0,
bakery,Farmer's Market,"Sliced Loaf Cake, Banana","Farmer's MarketSliced Loaf Cake, Banana420 g",$6.29ea,,$1.50/ 100g,False,291.0,
bakery,LA FOURNEE DOREE,Mini Brioches,LA FOURNEE DOREEMini Brioches480 g,$6.49ea,,$1.35/ 100g,False,292.0,
bakery,President's Choice,Mini Tortilllas Original ,President's ChoiceMini Tortilllas Original 192 g,$3.39ea,,$1.77/ 100g,False,293.0,
bakery,President's Choice, Khubz Middle Eastern-Style Pita,President's Choice Khubz Middle Eastern-Style Pita400 g,$3.49ea,,$0.87/ 100g,False,294.0,
bakery,PC Blue Menu,100% Whole Wheat Loaf,PC Blue Menu100% Whole Wheat Loaf450 g,$5.19ea,,$1.15/ 100g,False,295.0,
bakery,Country Harvest,"Bread, Herb & Garlic","Country HarvestBread, Herb & Garlic600 g",$4.49ea,,$0.75/ 100g,False,296.0,
bakery,Casa Mendosa,Large Spinach Tortillas,Casa MendosaLarge Spinach Tortillas384 g,$4.79ea,,$1.25/ 100g,False,297.0,
bakery,Country Harvest,No Sugar Whole Wheat,Country HarvestNo Sugar Whole Wheat600 g,$4.49ea,,$0.75/ 100g,False,298.0,
bakery,Sha Sha,Coconut Chia Snaps ,Sha ShaCoconut Chia Snaps 300 g,$6.99ea,,$2.33/ 100g,False,299.0,
bakery,ACE,Three Cheese Oval,ACEThree Cheese Oval454 g,$6.29ea,,$1.39/ 100g,False,300.0,
bakery,,Chocolate Dip Donut 2 Pack,Chocolate Dip Donut 2 Pack2x170.0 g,$3.49ea,,$2.05/ 100g,False,301.0,
bakery,Farmer's Market,Cake Cookies And Crème,Farmer's MarketCake Cookies And Crème1.2 kg,$24.99ea,,$2.08/ 100g,False,302.0,
bakery,ACE,Organic Granary Sliced Loaf,ACEOrganic Granary Sliced Loaf525 g,$6.29ea,,$1.20/ 100g,False,303.0,
bakery,Farmer's Market,Lemon Poppyseed Iced Loaf Cake,Farmer's MarketLemon Poppyseed Iced Loaf Cake400 g,$6.29ea,,$1.57/ 100g,False,304.0,
bakery,Dimpflmeier,Pumpernickel Bread,DimpflmeierPumpernickel Bread454 g,$3.89ea,,$0.86/ 100g,False,305.0,
bakery,Farmer's Market,"Tea Biscuits, Raisin","Farmer's MarketTea Biscuits, Raisin315 g",$6.29ea,,$2.00/ 100g,False,306.0,
bakery,,Amazing Grain Bread Sliced,Amazing Grain Bread Sliced450 g,$4.59ea,,$1.02/ 100g,False,307.0,
bakery,,"Bagel, Blueberry","Bagel, Blueberry108 g",$4.79ea,,$4.44/ 100g,False,308.0,
bakery,ACE,White Gourmet Sausage Bun,ACEWhite Gourmet Sausage Bun340 g,$3.99ea,,$1.17/ 100g,False,309.0,
bakery,President's Choice,Everything Naan Dippers Club Size,President's ChoiceEverything Naan Dippers Club Size410 g,$6.99ea,,$1.70/ 100g,False,310.0,
bakery,Kimberley's Bakeshoppe,Frosted Cookies,Kimberley's BakeshoppeFrosted Cookies383 g,$4.49ea,,$1.17/ 100g,False,311.0,
bakery,Weston,"Turkey Ready, Bread","WestonTurkey Ready, Bread675 g",$3.99ea,,$0.59/ 100g,False,312.0,
bakery,Frontier Bakery,Whole Wheat Greek Pitas,Frontier BakeryWhole Wheat Greek Pitas425 g,$1.59ea,,$0.37/ 100g,False,313.0,
bakery,,Pumpernickel Sesame Bagels,Pumpernickel Sesame Bagels600 g,$4.79ea,,$0.80/ 100g,False,314.0,
bakery,Paneriso,Lemon Loaf Cake,PanerisoLemon Loaf Cake454 g,$8.49ea,,$1.87/ 100g,False,315.0,
bakery,President's Choice,Protein Tortillas,President's ChoiceProtein Tortillas342 g,$4.29ea,,$1.25/ 100g,False,316.0,
bakery,,"Flax Bread, Sliced","Flax Bread, Sliced450 g",$3.99ea,,$0.89/ 100g,False,317.0,
bakery,President's Choice,Gluten Free Plain Bread Crumbs,President's ChoiceGluten Free Plain Bread Crumbs275 g,$4.79ea,,$1.74/ 100g,False,318.0,
bakery,La Baguetterie,White Baguette,La BaguetterieWhite Baguette326 g,$3.79ea,,$1.16/ 100g,False,319.0,
bakery,President's Choice,Multigrain Pizza Crusts,President's ChoiceMultigrain Pizza Crusts440 g,$4.29ea,,$0.93/ 100g,False,320.0,
bakery,ACE,Roasted Garlic Oval,ACERoasted Garlic Oval454 g,$5.99ea,,$1.32/ 100g,False,321.0,
bakery,,"Caramel Apple Pie, 8 Inch","Caramel Apple Pie, 8 Inch680 g",$6.79ea,,$1.00/ 100g,False,322.0,
bakery,ACE,Everything Baguette Bagel,ACEEverything Baguette Bagel360 g,$4.49ea,,$1.25/ 100g,False,323.0,
bakery,Farmer's Market,Mini Cinnamon Rolls,Farmer's MarketMini Cinnamon Rolls9x30.0 g,$6.29ea,,$2.33/ 100g,False,324.0,
bakery,President's Choice,European Multi Grain Rustic Bread,President's ChoiceEuropean Multi Grain Rustic Bread500 g,$3.99ea,,$0.80/ 100g,False,325.0,
bakery,Vachon,Jos Louis The Original Cakes,VachonJos Louis The Original Cakes324 g,$4.49ea,$4.19ea,$1.29/ 100g,True,326.0,saleEnds 03/15
bakery,Wonder,Wrap Me White Flour Tortillas Large ,WonderWrap Me White Flour Tortillas Large 640 g,$4.79ea,,$0.75/ 100g,False,327.0,
bakery,President's Choice,Mini Naan Traditional 4 Flatbreads,President's ChoiceMini Naan Traditional 4 Flatbreads180 g,$3.49ea,,$1.94/ 100g,False,328.0,
bakery,Rudolphs,Bavarian Multi-grain Bread,RudolphsBavarian Multi-grain Bread500 g,$4.29ea,,$0.86/ 100g,False,329.0,
bakery,President's Choice,Original Thin Pizza Crusts Thin,President's ChoiceOriginal Thin Pizza Crusts Thin440 g,$4.29ea,,$0.93/ 100g,False,330.0,
bakery,DItaliano,Crustini Buns,DItalianoCrustini Buns568 g,$3.99ea,,$0.70/ 100g,False,331.0,
bakery,President's Choice,Brioche Hot Dog Buns,President's ChoiceBrioche Hot Dog Buns270 g,$4.99ea,,$1.85/ 100g,False,332.0,
bakery,DItaliano,Hamburger Buns Brizzolio Extra Soft,DItalianoHamburger Buns Brizzolio Extra Soft528 g,$3.99ea,,$0.76/ 100g,False,333.0,
bakery,Farmer's Market,Apple Crumble Pie,Farmer's MarketApple Crumble Pie1 kg,$11.99ea,,$1.20/ 100g,False,334.0,
bakery,DItaliano,Thick Slice Bread 100% Whole Wheat ,DItalianoThick Slice Bread 100% Whole Wheat 675 g,$3.99ea,,$0.59/ 100g,False,335.0,
bakery,Farmer's Market,Apple Pie 10 Inch,Farmer's MarketApple Pie 10 Inch1 kg,$11.99ea,,$1.20/ 100g,False,336.0,
bakery,ACE,Organic Granary Sliced Loaf,ACEOrganic Granary Sliced Loaf525 g,$6.29ea,,$1.20/ 100g,False,337.0,
bakery,ACE,White Gourmet Sausage Bun,ACEWhite Gourmet Sausage Bun340 g,$3.99ea,,$1.17/ 100g,False,338.0,
bakery,,"Caramel Apple Pie, 8 Inch","Caramel Apple Pie, 8 Inch680 g",$6.79ea,,$1.00/ 100g,False,339.0,
bakery,Farmer's Market,Lemon Poppyseed Iced Loaf Cake,Farmer's MarketLemon Poppyseed Iced Loaf Cake400 g,$6.29ea,,$1.57/ 100g,False,340.0,
bakery,Dimpflmeier,Pumpernickel Bread,DimpflmeierPumpernickel Bread454 g,$3.89ea,,$0.86/ 100g,False,341.0,
bakery,Weston,"Turkey Ready, Bread","WestonTurkey Ready, Bread675 g",$3.99ea,,$0.59/ 100g,False,342.0,
bakery,Frontier Bakery,Whole Wheat Greek Pitas,Frontier BakeryWhole Wheat Greek Pitas425 g,$1.59ea,,$0.37/ 100g,False,343.0,
bakery,Farmer's Market,"Tea Biscuits, Raisin","Farmer's MarketTea Biscuits, Raisin315 g",$6.29ea,,$2.00/ 100g,False,344.0,
bakery,,Amazing Grain Bread Sliced,Amazing Grain Bread Sliced450 g,$4.59ea,,$1.02/ 100g,False,345.0,
bakery,,"Bagel, Blueberry","Bagel, Blueberry108 g",$4.79ea,,$4.44/ 100g,False,346.0,
bakery,President's Choice,Everything Naan Dippers Club Size,President's ChoiceEverything Naan Dippers Club Size410 g,$6.99ea,,$1.70/ 100g,False,347.0,
bakery,Paneriso,Lemon Loaf Cake,PanerisoLemon Loaf Cake454 g,$8.49ea,,$1.87/ 100g,False,348.0,
bakery,Vachon,Jos Louis The Original Cakes,VachonJos Louis The Original Cakes324 g,$4.49ea,$4.19ea,$1.29/ 100g,True,349.0,saleEnds 03/15
bakery,President's Choice,European Multi Grain Rustic Bread,President's ChoiceEuropean Multi Grain Rustic Bread500 g,$3.99ea,,$0.80/ 100g,False,350.0,
bakery,President's Choice,Whole Wheat Crustless Bread Tramezzini,President's ChoiceWhole Wheat Crustless Bread Tramezzini250 g,$3.99ea,,$1.60/ 100g,False,351.0,
bakery,President's Choice,Original Thin Pizza Crusts Thin,President's ChoiceOriginal Thin Pizza Crusts Thin440 g,$4.29ea,,$0.93/ 100g,False,352.0,
bakery,DItaliano,Hamburger Buns Brizzolio Extra Soft,DItalianoHamburger Buns Brizzolio Extra Soft528 g,$3.99ea,,$0.76/ 100g,False,353.0,
bakery,Farmer's Market,Apple Crumble Pie,Farmer's MarketApple Crumble Pie1 kg,$11.99ea,,$1.20/ 100g,False,354.0,
bakery,DItaliano,Thick Slice Bread 100% Whole Wheat ,DItalianoThick Slice Bread 100% Whole Wheat 675 g,$3.99ea,,$0.59/ 100g,False,355.0,
bakery,Farmer's Market,Apple Pie 10 Inch,Farmer's MarketApple Pie 10 Inch1 kg,$11.99ea,,$1.20/ 100g,False,356.0,
bakery,Rudolphs,Bavarian Multi-grain Bread,RudolphsBavarian Multi-grain Bread500 g,$4.29ea,,$0.86/ 100g,False,357.0,
bakery,Wonder,Wrap Me White Flour Tortillas Large ,WonderWrap Me White Flour Tortillas Large 640 g,$4.79ea,,$0.75/ 100g,False,358.0,
bakery,DItaliano,Crustini Buns,DItalianoCrustini Buns568 g,$3.99ea,,$0.70/ 100g,False,359.0,
bakery,President's Choice,Brioche Hot Dog Buns,President's ChoiceBrioche Hot Dog Buns270 g,$4.99ea,,$1.85/ 100g,False,360.0,
bakery,President's Choice,Mini Naan Traditional 4 Flatbreads,President's ChoiceMini Naan Traditional 4 Flatbreads180 g,$3.49ea,,$1.94/ 100g,False,361.0,
bakery,No Name,Hamburger Buns,No NameHamburger Buns360 g,$3.39ea,,$0.94/ 100g,False,362.0,
bakery,Farmer's Market,Tiramisu Cake,Farmer's MarketTiramisu Cake675 g,$14.99ea,,$2.22/ 100g,False,363.0,
bakery,Farmer's Market,Strawberry Shortcake,Farmer's MarketStrawberry Shortcake755 g,$14.99ea,,$1.99/ 100g,False,364.0,
bakery,Country Harvest,Oat & Honey Whole Wheat Bread,Country HarvestOat & Honey Whole Wheat Bread600 g,$4.49ea,,$0.75/ 100g,False,365.0,
bakery,Country Harvest,Whole Grains Bread No Sugar Added,Country HarvestWhole Grains Bread No Sugar Added600 g,$4.49ea,,$0.75/ 100g,False,366.0,
bakery,School Safe,Muffin Bars Birthday Cake,School SafeMuffin Bars Birthday Cake296 g,$4.29ea,,$1.45/ 100g,False,367.0,
