category,brand,product_text,product_name,price_text,sale_price,per_unit_price_text,is_sale,ranking,sale_valid_to
dairy_and_eggs,No Name,Large Grade A Eggs,No NameLarge Grade A Eggs12 eggs,$4.09ea,,$0.34/ 1ea,False,1.0,
dairy_and_eggs,Neilson,Partly Skimmed Milk 2% MF,NeilsonPartly Skimmed Milk 2% MF4 l,$5.89ea,,$0.15/ 100ml,False,2.0,
dairy_and_eggs,No Name,Salted Butter,No NameSalted Butter454 g,$6.49ea,,$1.43/ 100g,False,3.0,
dairy_and_eggs,No Name,"White Large Eggs, 30 Pack ","No NameWhite Large Eggs, 30 Pack 30 ea",$9.49ea,,$0.32/ 1ea,False,4.0,
dairy_and_eggs,Neilson,Partly Skimmed Milk 1% MF,NeilsonPartly Skimmed Milk 1% MF4 l,$5.89ea,,$0.15/ 100ml,False,5.0,
dairy_and_eggs,Neilson,Half and Half Cream,NeilsonHalf and Half Cream1 l,$3.99ea,,$0.40/ 100ml,False,6.0,
dairy_and_eggs,Neilson,Trutaste Partially Skimmed Milk 2 percent MF,NeilsonTrutaste Partially Skimmed Milk 2 percent MF4 l,$6.99ea,,$0.17/ 100ml,False,7.0,
dairy_and_eggs,No Name,Unsalted Butter,No NameUnsalted Butter454 g,$6.49ea,,$1.43/ 100g,False,8.0,
dairy_and_eggs,Burnbrae Farms,Grade A Large Eggs,Burnbrae FarmsGrade A Large Eggs18 eggs,$7.09ea,,$0.39/ 1ea,False,9.0,
dairy_and_eggs,No Name,Grade A Extra Large Eggs,No NameGrade A Extra Large Eggs12 eggs,$4.39ea,,$0.37/ 1ea,False,10.0,
dairy_and_eggs,President's Choice,Free Run Brown Eggs Large,President's ChoiceFree Run Brown Eggs Large12 eggs,$6.79ea,,$0.57/ 1ea,False,11.0,
dairy_and_eggs,Neilson,Homogenized Milk 3.25%,NeilsonHomogenized Milk 3.25%4 l,$7.19ea,,$0.18/ 100ml,False,12.0,
dairy_and_eggs,Astro,Original Balkan Balkan Style Yogurt,AstroOriginal Balkan Balkan Style Yogurt750 g,$4.99ea,,$0.67/ 100g,False,13.0,
dairy_and_eggs,Kraft,Singles Original Slices,KraftSingles Original Slices410 g,$6.29ea,,$1.53/ 100g,False,14.0,
dairy_and_eggs,No Name,Farmer's Marble Cheese,No NameFarmer's Marble Cheese400 g,$5.99ea,,$1.50/ 100g,False,15.0,
dairy_and_eggs,No Name,Pasteurized Cream Cheese,No NamePasteurized Cream Cheese250 g,$3.99ea,,$1.60/ 100g,False,16.0,
dairy_and_eggs,IOGO,"Nano Drinkable Yogurt, Strawberry","IOGONano Drinkable Yogurt, Strawberry6x93.0 ml",$4.99ea,,$0.89/ 100ml,False,17.0,
dairy_and_eggs,Gay Lea,"Sour Cream, Regular 14%","Gay LeaSour Cream, Regular 14%500 ml",$4.49ea,,$0.90/ 100ml,False,18.0,
dairy_and_eggs,Philadelphia,Original Cream Cheese Product,PhiladelphiaOriginal Cream Cheese Product227 g,$5.49ea,,$2.42/ 100g,False,19.0,
dairy_and_eggs,Natrel,Lactose Free 2% Dairy Product (2L),NatrelLactose Free 2% Dairy Product (2L)2 l,$7.09ea,,$0.35/ 100ml,False,20.0,
dairy_and_eggs,Neilson,"True Taste, 2% Milk","NeilsonTrue Taste, 2% Milk2 l",$5.69ea,,$0.28/ 100ml,False,21.0,
dairy_and_eggs,No Name,Shredded Mozzarella,No NameShredded Mozzarella320 g,$5.99ea,,$1.87/ 100g,False,22.0,
dairy_and_eggs,PhillySwirl,Original Brick Cream Cheese,PhillySwirlOriginal Brick Cream Cheese250 g,$5.49ea,,$2.20/ 100g,False,23.0,
dairy_and_eggs,Activia,"Yogurt With Probiotics, Vanilla Flavour","ActiviaYogurt With Probiotics, Vanilla Flavour650 g",$4.79ea,$3.99ea,$0.61/ 100g,True,24.0,saleEnds 03/15
dairy_and_eggs,No Name,Marble Cheddar Cheese Slices,No NameMarble Cheddar Cheese Slices230 g,$5.49ea,,$2.39/ 100g,False,25.0,
dairy_and_eggs,No Name,Pizza Mozzarella Cheese with 28% M.F.,No NamePizza Mozzarella Cheese with 28% M.F.400 g,$5.99ea,,$1.50/ 100g,False,26.0,
dairy_and_eggs,Yoplait,"Yogurt Tubes, Strawberry Banana & Fruit Punch","YoplaitYogurt Tubes, Strawberry Banana & Fruit Punch8x56.0 g",$4.79ea,,$1.07/ 100g,False,27.0,
dairy_and_eggs,Becel,Margarine Original,BecelMargarine Original850 g,$9.29ea,$6.99ea,$0.82/ 100g,True,28.0,saleEnds 03/15
dairy_and_eggs,Neilson,TruTaste 1% Milk,NeilsonTruTaste 1% Milk4 l,$6.99ea,,$0.17/ 100ml,False,29.0,
dairy_and_eggs,No Name,Old Cheddar Cheese,No NameOld Cheddar Cheese400 g,$5.99ea,,$1.50/ 100g,False,30.0,
dairy_and_eggs,Neilson,Trutaste Light Cream,NeilsonTrutaste Light Cream1 l,$3.99ea,,$0.40/ 100ml,False,31.0,
dairy_and_eggs,No Name,Shredded Nacho Cheese Blend,No NameShredded Nacho Cheese Blend320 g,$5.99ea,,$1.87/ 100g,False,32.0,
dairy_and_eggs,Neilson,Trutaste Homogenized Milk Lactose Free 3.25% M.F.,NeilsonTrutaste Homogenized Milk Lactose Free 3.25% M.F.4 l,$10.99ea,,$0.27/ 100ml,False,33.0,
dairy_and_eggs,No Name,Grade A Large Brown Eggs,No NameGrade A Large Brown Eggs12 eggs,$5.89ea,,$0.49/ 1ea,False,34.0,
dairy_and_eggs,Olivina,Margarine,OlivinaMargarine427 g,$5.49ea,,$1.29/ 100g,False,35.0,
dairy_and_eggs,Becel,Calorie-Reduced Margarine Light,BecelCalorie-Reduced Margarine Light907 g,$9.29ea,$6.99ea,$0.82/ 100g,True,36.0,saleEnds 03/15
dairy_and_eggs,No Name,Light 5% M.F. Sour Cream ,No NameLight 5% M.F. Sour Cream 250 ml,$2.99ea,,$1.20/ 100ml,False,37.0,
dairy_and_eggs,Philadelphia,Light Original Cream Cheese Product,PhiladelphiaLight Original Cream Cheese Product227 g,$5.49ea,,$2.42/ 100g,False,38.0,
dairy_and_eggs,Cracker Barrel,Bar Old Cheddar,Cracker BarrelBar Old Cheddar400 g,$9.79ea,,$2.45/ 100g,False,39.0,
dairy_and_eggs,Natrel,Lactose Free 1% Dairy Product (2L),NatrelLactose Free 1% Dairy Product (2L)2 l,$7.09ea,,$0.35/ 100ml,False,40.0,
dairy_and_eggs,No Name,Processed Cheese Product Thick Slices Cheddar Flavour,No NameProcessed Cheese Product Thick Slices Cheddar Flavour800 g,$7.99ea,,$1.00/ 100g,False,41.0,
dairy_and_eggs,Neilson,Ultrafiltered Skim Milk 0% M.F.,NeilsonUltrafiltered Skim Milk 0% M.F.1 l,$4.69ea,$3.29ea,$0.33/ 100ml,True,42.0,saleEnds 04/05
dairy_and_eggs,Kawartha,"Milk, 2%","KawarthaMilk, 2%250 ml",$1.59ea,,$0.64/ 100ml,False,43.0,
dairy_and_eggs,Nestle,Nesquik Milkshake,NestleNesquik Milkshake473 ml,$3.15ea,,$0.67/ 100ml,False,44.0,
dairy_and_eggs,President's Choice,French Onion Greek Yogurt Dip,President's ChoiceFrench Onion Greek Yogurt Dip227 g,$3.79ea,,$1.67/ 100g,False,45.0,
dairy_and_eggs,Burnbrae Farms,"Egg Creations, Cheese & Chives","Burnbrae FarmsEgg Creations, Cheese & Chives500 g",$5.29ea,,$1.06/ 100g,False,46.0,
dairy_and_eggs,Gay Lea,"Real Whipped Cream, Regular","Gay LeaReal Whipped Cream, Regular225 g",$4.99ea,,$2.22/ 100g,False,47.0,
dairy_and_eggs,Cracker Barrel,Sweet Combo,Cracker BarrelSweet Combo129 g,$5.79ea,,$4.49/ 100g,False,48.0,
dairy_and_eggs,Natrel,Lactose Free 1% Dairy Product (2L),NatrelLactose Free 1% Dairy Product (2L)2 l,$7.09ea,,$0.35/ 100ml,False,49.0,
dairy_and_eggs,Nestle,Nesquik Milkshake,NestleNesquik Milkshake473 ml,$3.15ea,,$0.67/ 100ml,False,50.0,
dairy_and_eggs,Cracker Barrel,Slice Old White,Cracker BarrelSlice Old White200 g,$5.99ea,,$3.00/ 100g,False,51.0,
dairy_and_eggs,Gay Lea,"Butter Sticks, Salted","Gay LeaButter Sticks, Salted454 g",$8.99ea,,$1.98/ 100g,False,52.0,
dairy_and_eggs,Green Valley,Rowe Farm Free Run XL,Green ValleyRowe Farm Free Run XL12 eggs,$6.79ea,,$0.57/ 1ea,False,53.0,
dairy_and_eggs,Gay Lea,"Nordica Cottage Cheese, 2%","Gay LeaNordica Cottage Cheese, 2%750 g",$7.99ea,,$1.07/ 100g,False,54.0,
dairy_and_eggs,President's Choice,Havarti Sliced Cheese,President's ChoiceHavarti Sliced Cheese210 g,$5.49ea,,$2.61/ 100g,False,55.0,
dairy_and_eggs,No Name,1% M.F. Light Cottage Cheese,No Name1% M.F. Light Cottage Cheese500 g,$4.99ea,,$1.00/ 100g,False,56.0,
dairy_and_eggs,President's Choice,Plant Based Butter Alternative Unsalted,President's ChoicePlant Based Butter Alternative Unsalted454 g,$4.99ea,,$1.10/ 100g,False,57.0,
dairy_and_eggs,President's Choice,Lactose Free Pizza Mozzarella Shredded Cheese,President's ChoiceLactose Free Pizza Mozzarella Shredded Cheese320 g,$6.49ea,,$2.03/ 100g,False,58.0,
dairy_and_eggs,No Name,68% Vegetable Oil Margarine ,No Name68% Vegetable Oil Margarine 907 g,$4.49ea,,$0.50/ 100g,False,59.0,
dairy_and_eggs,No Name, 75% Vegetable Oil Margarine Squares,No Name 75% Vegetable Oil Margarine Squares1.36 kg,$7.99ea,,$0.59/ 100g,False,60.0,
dairy_and_eggs,Milk 2 Go,"Sport, Chocolate","Milk 2 GoSport, Chocolate325 ml",$2.69ea,$2.29ea,$0.70/ 100ml,True,61.0,saleEnds 04/05
dairy_and_eggs,President's Choice,Havarti Cheese,President's ChoiceHavarti Cheese400 g,$6.49ea,,$1.62/ 100g,False,62.0,
dairy_and_eggs,Burnbrae Farms,"Egg Creations, Cheese & Chives","Burnbrae FarmsEgg Creations, Cheese & Chives500 g",$5.29ea,,$1.06/ 100g,False,63.0,
dairy_and_eggs,Neilson,Trutaste Homogenized Milk Lactose Free 3.25% M.F.,NeilsonTrutaste Homogenized Milk Lactose Free 3.25% M.F.4 l,$10.99ea,,$0.27/ 100ml,False,64.0,
dairy_and_eggs,International Delight,Southern Butter Pecan Coffee Creamer,International DelightSouthern Butter Pecan Coffee Creamer946 ml,$5.99ea,,$0.63/ 100ml,False,65.0,
dairy_and_eggs,Neilson,Skim Milk,NeilsonSkim Milk4 l,$6.19ea,,$0.15/ 100ml,False,66.0,
dairy_and_eggs,Neilson,Homogenized Milk,NeilsonHomogenized Milk2 l,$5.29ea,,$0.26/ 100ml,False,67.0,
dairy_and_eggs,Becel,Margarine with Avocado Oil,BecelMargarine with Avocado Oil850 g,$9.29ea,$6.99ea,$0.82/ 100g,True,68.0,saleEnds 03/15
dairy_and_eggs,No Name,Light Medium Cheddar Cheese,No NameLight Medium Cheddar Cheese400 g,$5.99ea,,$1.50/ 100g,False,69.0,
dairy_and_eggs,Burnbrae Farms,Naturegg Simply Egg Whites,Burnbrae FarmsNaturegg Simply Egg Whites1 ea,$5.29ea,,$1.06/ 100ml,False,70.0,
dairy_and_eggs,Tofutti,"Better Than Sour Cream, Plain","TofuttiBetter Than Sour Cream, Plain340 g",$5.29ea,,$1.56/ 100g,False,71.0,
dairy_and_eggs,PC Organics,Organic 2% Milk,PC OrganicsOrganic 2% Milk1 l,$4.69ea,,$0.47/ 100ml,False,72.0,
dairy_and_eggs,Black Diamond,Processed Cheddar Cheese Slices Thick,Black DiamondProcessed Cheddar Cheese Slices Thick410 g,$5.49ea,,$1.34/ 100g,False,73.0,
dairy_and_eggs,No Name,Cream Cheese Product With Strawberries,No NameCream Cheese Product With Strawberries227 g,$3.99ea,,$1.76/ 100g,False,74.0,
dairy_and_eggs,Olivina,Margarine,OlivinaMargarine427 g,$5.49ea,,$1.29/ 100g,False,75.0,
dairy_and_eggs,Becel,Calorie-Reduced Margarine Light,BecelCalorie-Reduced Margarine Light907 g,$9.29ea,$6.99ea,$0.82/ 100g,True,76.0,saleEnds 03/15
dairy_and_eggs,Cracker Barrel,Sweet Combo,Cracker BarrelSweet Combo129 g,$5.79ea,,$4.49/ 100g,False,77.0,
dairy_and_eggs,Neilson,Ultrafiltered Skim Milk 0% M.F.,NeilsonUltrafiltered Skim Milk 0% M.F.1 l,$4.69ea,$3.29ea,$0.33/ 100ml,True,78.0,saleEnds 04/05
dairy_and_eggs,Natrel,Fine-filtered 10% Half & Half Cream,NatrelFine-filtered 10% Half & Half Cream1 l,$5.09ea,,$0.51/ 100ml,False,79.0,
dairy_and_eggs,Nestle,Coffee Mate Liquid Hazelnut,NestleCoffee Mate Liquid Hazelnut946 ml,$6.49ea,$5.49ea,$0.58/ 100ml,True,80.0,saleEnds 03/15
dairy_and_eggs,Gay Lea,Butter 84 Baker's Gold ,Gay LeaButter 84 Baker's Gold 250 g,$7.99ea,,$3.20/ 100g,False,81.0,
dairy_and_eggs,PC Blue Menu,"Free Run Omega-3 Hard-Boiled Peeled Eggs, Pack of 3","PC Blue MenuFree Run Omega-3 Hard-Boiled Peeled Eggs, Pack of 33x88.0 g",$4.99ea,,$5.67/ 100g,False,82.0,
dairy_and_eggs,Nestle,Coffee Mate Double Double-Mate Liquid Coffee Enhancer Value Size,NestleCoffee Mate Double Double-Mate Liquid Coffee Enhancer Value Size1.89 l,$8.99ea,,$0.48/ 100ml,False,83.0,
dairy_and_eggs,President's Choice,Plant Based Sour Cream Alternative,President's ChoicePlant Based Sour Cream Alternative340 ml,$3.29ea,,$0.97/ 100ml,False,84.0,
dairy_and_eggs,Philadelphia,Original Light Cream Cheese Product,PhiladelphiaOriginal Light Cream Cheese Product340 g,$7.99ea,,$2.35/ 100g,False,85.0,
dairy_and_eggs,President's Choice,Plant Based Butter Alternative Salted,President's ChoicePlant Based Butter Alternative Salted454 g,$4.99ea,,$1.10/ 100g,False,86.0,
dairy_and_eggs,Cracker Barrel,Slice Marble Cheddar,Cracker BarrelSlice Marble Cheddar240 g,$5.99ea,,$2.50/ 100g,False,87.0,
dairy_and_eggs,Lactantia,Provencal Garlic Butter,LactantiaProvencal Garlic Butter125 g,$4.49ea,,$3.59/ 100g,False,88.0,
dairy_and_eggs,Imperial,Margarine Quarters,ImperialMargarine Quarters1.36 kg,$11.79ea,,$0.87/ 100g,False,89.0,
dairy_and_eggs,Golden Gate,Mirage Margarine,Golden GateMirage Margarine2.72 kg,$18.49ea,,$0.68/ 100g,False,90.0,
dairy_and_eggs,PC Organics,Organic Homogenized Milk,PC OrganicsOrganic Homogenized Milk1 l,$4.69ea,,$0.47/ 100ml,False,91.0,
dairy_and_eggs,Tre Stelle,"Tre Stelle Creamy Cheese Spread, Lactose Free","Tre StelleTre Stelle Creamy Cheese Spread, Lactose Free200 g",$4.49ea,,$2.25/ 100g,False,92.0,
dairy_and_eggs,Neilson,Homogenized Milk 3.25%,NeilsonHomogenized Milk 3.25%1 l,$3.69ea,,$0.37/ 100ml,False,93.0,
dairy_and_eggs,Burnbrae Farms,"Egg Creations, Original","Burnbrae FarmsEgg Creations, Original500 g",$5.29ea,,$1.06/ 100g,False,94.0,
dairy_and_eggs,Gray Ridge,Extra Large Eggs,Gray RidgeExtra Large Eggs18 eggs,$7.19ea,,$0.40/ 1ea,False,95.0,
dairy_and_eggs,President's Choice,Country Churned Salted Butter,President's ChoiceCountry Churned Salted Butter454 g,$8.49ea,,$1.87/ 100g,False,96.0,
dairy_and_eggs,Violife, Smoke Flavoured Provolone Style Slices ,Violife Smoke Flavoured Provolone Style Slices 200 g,$6.99ea,,$3.50/ 100g,False,97.0,
dairy_and_eggs,Violife,Creamy Original ,ViolifeCreamy Original 200 g,$6.99ea,,$3.50/ 100g,False,98.0,
dairy_and_eggs,Nestle,COFFEE-MATE Original Powder,NestleCOFFEE-MATE Original Powder450 g,$7.49ea,,$1.66/ 100g,False,99.0,
dairy_and_eggs,siggi's,"Yogurt, Strawberry 2% M.F. Simple Ingredient Skyr","siggi'sYogurt, Strawberry 2% M.F. Simple Ingredient Skyr650 g",$7.79ea,,$1.20/ 100g,False,100.0,
dairy_and_eggs,Neilson,Chocolate Milkshake,NeilsonChocolate Milkshake310 ml,$2.79ea,,$0.90/ 100ml,False,101.0,
dairy_and_eggs,Organic Meadow,"Organic Cheese, Old Cheddar","Organic MeadowOrganic Cheese, Old Cheddar340 g",$12.99ea,,$3.82/ 100g,False,102.0,
dairy_and_eggs,Gay Lea,Butter 84 Baker's Gold ,Gay LeaButter 84 Baker's Gold 250 g,$7.99ea,,$3.20/ 100g,False,103.0,
dairy_and_eggs,PC Blue Menu,"Free Run Omega-3 Hard-Boiled Peeled Eggs, Pack of 3","PC Blue MenuFree Run Omega-3 Hard-Boiled Peeled Eggs, Pack of 33x88.0 g",$4.99ea,,$5.67/ 100g,False,104.0,
dairy_and_eggs,Nestle,Coffee Mate Double Double-Mate Liquid Coffee Enhancer Value Size,NestleCoffee Mate Double Double-Mate Liquid Coffee Enhancer Value Size1.89 l,$8.99ea,,$0.48/ 100ml,False,105.0,
dairy_and_eggs,Golden Gate,Mirage Margarine,Golden GateMirage Margarine2.72 kg,$18.49ea,,$0.68/ 100g,False,106.0,
dairy_and_eggs,PC Organics,Organic Homogenized Milk,PC OrganicsOrganic Homogenized Milk1 l,$4.69ea,,$0.47/ 100ml,False,107.0,
dairy_and_eggs,President's Choice,Country Churned Salted Butter,President's ChoiceCountry Churned Salted Butter454 g,$8.49ea,,$1.87/ 100g,False,108.0,
dairy_and_eggs,President's Choice,Lactose Free 14% M.F. Sour Cream,President's ChoiceLactose Free 14% M.F. Sour Cream500 ml,$4.79ea,,$0.96/ 100ml,False,109.0,
dairy_and_eggs,Tre Stelle,"Tre Stelle Creamy Cheese Spread, Lactose Free","Tre StelleTre Stelle Creamy Cheese Spread, Lactose Free200 g",$4.49ea,,$2.25/ 100g,False,110.0,
dairy_and_eggs,International Delight,Southern Butter Pecan Coffee Creamer,International DelightSouthern Butter Pecan Coffee Creamer946 ml,$5.99ea,,$0.63/ 100ml,False,111.0,
dairy_and_eggs,No Name,Light Medium Cheddar Cheese,No NameLight Medium Cheddar Cheese400 g,$5.99ea,,$1.50/ 100g,False,112.0,
dairy_and_eggs,Tofutti,"Better Than Sour Cream, Plain","TofuttiBetter Than Sour Cream, Plain340 g",$5.29ea,,$1.56/ 100g,False,113.0,
dairy_and_eggs,No Name,Cream Cheese Product With Strawberries,No NameCream Cheese Product With Strawberries227 g,$3.99ea,,$1.76/ 100g,False,114.0,
dairy_and_eggs,Neilson,Skim Milk,NeilsonSkim Milk4 l,$6.19ea,,$0.15/ 100ml,False,115.0,
dairy_and_eggs,Neilson,Homogenized Milk,NeilsonHomogenized Milk2 l,$5.29ea,,$0.26/ 100ml,False,116.0,
dairy_and_eggs,Becel,Margarine with Avocado Oil,BecelMargarine with Avocado Oil850 g,$9.29ea,$6.99ea,$0.82/ 100g,True,117.0,saleEnds 03/15
dairy_and_eggs,Lactantia,Provencal Garlic Butter,LactantiaProvencal Garlic Butter125 g,$4.49ea,,$3.59/ 100g,False,118.0,
dairy_and_eggs,Natrel,Fine-filtered 10% Half & Half Cream,NatrelFine-filtered 10% Half & Half Cream1 l,$5.09ea,,$0.51/ 100ml,False,119.0,
dairy_and_eggs,Nestle,Coffee Mate Liquid Hazelnut,NestleCoffee Mate Liquid Hazelnut946 ml,$6.49ea,$5.49ea,$0.58/ 100ml,True,120.0,saleEnds 03/15
dairy_and_eggs,Burnbrae Farms,Naturegg Simply Egg Whites,Burnbrae FarmsNaturegg Simply Egg Whites1 ea,$5.29ea,,$1.06/ 100ml,False,121.0,
dairy_and_eggs,PC Organics,Organic 2% Milk,PC OrganicsOrganic 2% Milk1 l,$4.69ea,,$0.47/ 100ml,False,122.0,
dairy_and_eggs,Black Diamond,Processed Cheddar Cheese Slices Thick,Black DiamondProcessed Cheddar Cheese Slices Thick410 g,$5.49ea,,$1.34/ 100g,False,123.0,
dairy_and_eggs,No Name,68% Vegetable Oil Margarine ,No Name68% Vegetable Oil Margarine 907 g,$4.49ea,,$0.50/ 100g,False,124.0,
dairy_and_eggs,No Name, 75% Vegetable Oil Margarine Squares,No Name 75% Vegetable Oil Margarine Squares1.36 kg,$7.99ea,,$0.59/ 100g,False,125.0,
dairy_and_eggs,Milk 2 Go,"Sport, Chocolate","Milk 2 GoSport, Chocolate325 ml",$2.69ea,$2.29ea,$0.70/ 100ml,True,126.0,saleEnds 04/05
dairy_and_eggs,No Name,1% M.F. Light Cottage Cheese,No Name1% M.F. Light Cottage Cheese500 g,$4.99ea,,$1.00/ 100g,False,127.0,
dairy_and_eggs,Gay Lea,Spreadables Light Butter With Canola Oil,Gay LeaSpreadables Light Butter With Canola Oil227 g,$5.99ea,,$2.64/ 100g,False,128.0,
dairy_and_eggs,Becel,Margarine with Olive Oil,BecelMargarine with Olive Oil850 g,$9.29ea,$6.99ea,$0.82/ 100g,True,129.0,saleEnds 03/15
dairy_and_eggs,Gay Lea,"Nordica Cottage Cheese, 2%","Gay LeaNordica Cottage Cheese, 2%500 g",$5.99ea,,$1.20/ 100g,False,130.0,
dairy_and_eggs,Neilson,Whipping Cream,NeilsonWhipping Cream237 ml,$3.89ea,,$1.64/ 100ml,False,131.0,
dairy_and_eggs,Neilson,TruTaste 1% Milk,NeilsonTruTaste 1% Milk2 l,$5.69ea,,$0.28/ 100ml,False,132.0,
dairy_and_eggs,Burnbrae Farms,Naturegg Egg Whites,Burnbrae FarmsNaturegg Egg Whites2x250.0 ea,$5.79ea,,$1.16/ 100ml,False,133.0,
dairy_and_eggs,PC Organics,"Organic Free Run Brown Eggs, Medium","PC OrganicsOrganic Free Run Brown Eggs, Medium12 eggs",$7.29ea,,$0.61/ 1ea,False,134.0,
dairy_and_eggs,Starbucks,White Chocolate Mocha Liquid Coffee Enhancer,StarbucksWhite Chocolate Mocha Liquid Coffee Enhancer828 ml,$7.99ea,,$0.96/ 100ml,False,135.0,
dairy_and_eggs,Lactantia,"Lactose Free Butter, Unsalted","LactantiaLactose Free Butter, Unsalted250 g",$6.79ea,,$2.72/ 100g,False,136.0,
dairy_and_eggs,President's Choice,Country Churned Unsalted Butter ,President's ChoiceCountry Churned Unsalted Butter 454 g,$8.49ea,,$1.87/ 100g,False,137.0,
dairy_and_eggs,No Name,Fat-Free Cottage Cheese,No NameFat-Free Cottage Cheese500 g,$4.99ea,,$1.00/ 100g,False,138.0,
dairy_and_eggs,Burnbrae Farms,"Egg Creations! Whole Eggs, Original","Burnbrae FarmsEgg Creations! Whole Eggs, Original500 g",$5.29ea,,$1.06/ 100g,False,139.0,
dairy_and_eggs,Black Diamond,"Cheddar Cheese Medium, 32% M.F.","Black DiamondCheddar Cheese Medium, 32% M.F.400 g",$6.99ea,,$1.75/ 100g,False,140.0,
dairy_and_eggs,Organic Meadow,"Organic Butter, Salted     ","Organic MeadowOrganic Butter, Salted     454 g",$11.99ea,,$2.64/ 100g,False,141.0,
dairy_and_eggs,President's Choice,Phyllo Pastry,President's ChoicePhyllo Pastry454 g,$4.69ea,,$1.03/ 100g,False,142.0,
dairy_and_eggs,Becel,Margarine with Oat Beverage,BecelMargarine with Oat Beverage427 g,$5.49ea,,$1.29/ 100g,False,143.0,
dairy_and_eggs,Heluva,Sour Cream Dip Nacho Queso Supreme,HeluvaSour Cream Dip Nacho Queso Supreme250 g,$4.49ea,,$1.80/ 100g,False,144.0,
dairy_and_eggs,Cracker Barrel,Slice Medium Cheddar Light,Cracker BarrelSlice Medium Cheddar Light240 g,$5.99ea,,$2.50/ 100g,False,145.0,
dairy_and_eggs,Philadelphia,"Original Cream Cheese, Lactose Free","PhiladelphiaOriginal Cream Cheese, Lactose Free250 g",$6.49ea,,$2.60/ 100g,False,146.0,
dairy_and_eggs,Neilson,Skim Milk,NeilsonSkim Milk1 l,$3.59ea,,$0.36/ 100ml,False,147.0,
dairy_and_eggs,Neilson,Half & Half Cream,NeilsonHalf & Half Cream237 ml,$2.59ea,,$1.09/ 100ml,False,148.0,
dairy_and_eggs,Nestle,Coffee Mate Double Double-Mate Liquid Coffee Enhancer,NestleCoffee Mate Double Double-Mate Liquid Coffee Enhancer946 ml,$6.49ea,$5.49ea,$0.58/ 100ml,True,149.0,saleEnds 03/15
dairy_and_eggs,Philadelphia,Onion Dip,PhiladelphiaOnion Dip227 g,$5.49ea,,$2.42/ 100g,False,150.0,
dairy_and_eggs,Milk 2 Go,Chocolate Partly Skimmed Milk 1% M.F. 6 x,Milk 2 GoChocolate Partly Skimmed Milk 1% M.F. 6 x6x200.0 ml,$6.19ea,$4.49ea,$374.17/ 100ml,True,151.0,saleEnds 04/05
dairy_and_eggs,Lactantia,3.25% M.F. Homogenized Milk,Lactantia3.25% M.F. Homogenized Milk2 l,$6.39ea,,$0.32/ 100ml,False,152.0,
dairy_and_eggs,Black Diamond,Cheddar Cheese Thin Slices,Black DiamondCheddar Cheese Thin Slices410 g,$5.49ea,,$1.34/ 100g,False,153.0,
dairy_and_eggs,President's Choice,Monterey Jack Cheese,President's ChoiceMonterey Jack Cheese400 g,$6.49ea,,$1.62/ 100g,False,154.0,
dairy_and_eggs,Lactantia,"Fresh Churned Butter, Salted","LactantiaFresh Churned Butter, Salted454 g",$9.29ea,,$2.05/ 100g,False,155.0,
dairy_and_eggs,No Name,Mozzarella 100% Real Cheese Slices ,No NameMozzarella 100% Real Cheese Slices 230 g,$5.49ea,,$2.39/ 100g,False,156.0,
dairy_and_eggs,Burnbrae Farms,"Naturegg Nest Laid White Eggs, Large","Burnbrae FarmsNaturegg Nest Laid White Eggs, Large12 eggs",$5.79ea,,$0.48/ 1ea,False,157.0,
dairy_and_eggs,Armstrong,Pizza Mozz Cheese Slice,ArmstrongPizza Mozz Cheese Slice240 g,$6.49ea,,$2.70/ 100g,False,158.0,
dairy_and_eggs,Rowe Farms,"Green Valley Omega 3 Eggs, Large","Rowe FarmsGreen Valley Omega 3 Eggs, Large12 ea",$5.79ea,,$5.79/ 1ea,False,159.0,
dairy_and_eggs,MacLarens,Cheese Spread,MacLarensCheese Spread230 g,$8.99ea,,$3.91/ 100g,False,160.0,
dairy_and_eggs,Nestle,Coffee Mate Coffee Enhancer Hazelnut Value Size,NestleCoffee Mate Coffee Enhancer Hazelnut Value Size1.89 l,$8.99ea,,$0.48/ 100ml,False,161.0,
dairy_and_eggs,Becel,Buttery Taste Margarine,BecelButtery Taste Margarine680 g,$9.29ea,$6.99ea,$1.10/ 100g,True,162.0,saleEnds 03/15
dairy_and_eggs,Saputo,Mozzarellissima,SaputoMozzarellissima500 g,$9.99ea,,$2.00/ 100g,False,163.0,
dairy_and_eggs,Organic Meadow,"Organic Butter, Unsalted","Organic MeadowOrganic Butter, Unsalted454 g",$11.99ea,,$2.64/ 100g,False,164.0,
dairy_and_eggs,International Delight,"Hazelnut Flavoured Coffee Creamer, 63 Servings","International DelightHazelnut Flavoured Coffee Creamer, 63 Servings946 ml",$5.99ea,,$0.63/ 100ml,False,165.0,
dairy_and_eggs,President's Choice,Plant Based Coconut Cream Cheese-Style Spread,President's ChoicePlant Based Coconut Cream Cheese-Style Spread227 g,$3.49ea,,$1.54/ 100g,False,166.0,
dairy_and_eggs,Nestle,Coffee Mate Coffee Crisp Liquid Coffee Enhancer,NestleCoffee Mate Coffee Crisp Liquid Coffee Enhancer946 ml,$6.49ea,$5.49ea,$0.58/ 100ml,True,167.0,saleEnds 03/15
dairy_and_eggs,Neilson,"Cream, 18%","NeilsonCream, 18%473 ml",$3.99ea,,$0.84/ 100ml,False,168.0,
dairy_and_eggs,The Greek Gods,"Yogurt, Vanille","The Greek GodsYogurt, Vanille500 g",$5.49ea,,$1.10/ 100g,False,169.0,
dairy_and_eggs,President's Choice,Smoke Flavoured Cheddar Cheese,President's ChoiceSmoke Flavoured Cheddar Cheese400 g,$6.49ea,,$1.62/ 100g,False,170.0,
dairy_and_eggs,Kraft,Singles Original Thick Slices,KraftSingles Original Thick Slices410 g,$6.29ea,,$1.53/ 100g,False,171.0,
dairy_and_eggs,Gay Lea,Butter 84% Sea Salted ,Gay LeaButter 84% Sea Salted 250 g,$7.99ea,,$3.20/ 100g,False,172.0,
dairy_and_eggs,Natrel,Natrel Plus 2% Lactose Free Enriched Milk,NatrelNatrel Plus 2% Lactose Free Enriched Milk2 l,$7.39ea,,$0.37/ 100ml,False,173.0,
dairy_and_eggs,The A2 Milk Company,2% M.F. Partly Skimmed Milk,The A2 Milk Company2% M.F. Partly Skimmed Milk2 l,$6.69ea,,$0.33/ 100ml,False,174.0,
dairy_and_eggs,Gay Lea,Unsalted Butter,Gay LeaUnsalted Butter454 g,$8.49ea,,$1.87/ 100g,False,175.0,
dairy_and_eggs,Milk 2 Go,"Sport, Vanilla","Milk 2 GoSport, Vanilla325 ml",$2.69ea,$2.29ea,$0.70/ 100ml,True,176.0,saleEnds 04/05
dairy_and_eggs,Starbucks,Cinnamon Dolce Latte,StarbucksCinnamon Dolce Latte828 ml,$7.99ea,,$0.96/ 100ml,False,177.0,
dairy_and_eggs,PC Blue Menu,Free Run Egg Whites,PC Blue MenuFree Run Egg Whites1 g,$5.49ea,,$1.10/ 100g,False,178.0,
dairy_and_eggs,Tre Stelle,Tre Stelle Cream Cheese with Herbs and Spices,Tre StelleTre Stelle Cream Cheese with Herbs and Spices200 g,$4.49ea,,$2.25/ 100g,False,179.0,
dairy_and_eggs,Neilson,"Homogenized Milk Microfiltered, 3.25% M.F.","NeilsonHomogenized Milk Microfiltered, 3.25% M.F.1 l",$3.79ea,,$0.38/ 100ml,False,180.0,
dairy_and_eggs,Philadelphia,Mixed Berry Whipped Cream Cheese Product,PhiladelphiaMixed Berry Whipped Cream Cheese Product227 g,$5.49ea,,$2.42/ 100g,False,181.0,
dairy_and_eggs,International Delight,Reduced Sugar French Vanilla Coffee Creamer,International DelightReduced Sugar French Vanilla Coffee Creamer946 ml,$5.99ea,,$0.63/ 100ml,False,182.0,
dairy_and_eggs,Gray Ridge,"Grade A Brown Eggs, Large","Gray RidgeGrade A Brown Eggs, Large12 eggs",$5.89ea,,$0.49/ 1ea,False,183.0,
dairy_and_eggs,Tre Stelle,Tre Stelle Cream Cheese Original    ,Tre StelleTre Stelle Cream Cheese Original    200 g,$4.49ea,,$2.25/ 100g,False,184.0,
dairy_and_eggs,Neilson,Whipping Cream 35 percent MF,NeilsonWhipping Cream 35 percent MF1 l,$9.49ea,,$0.95/ 100ml,False,185.0,
dairy_and_eggs,Neilson,Original Chocolate Milkshake,NeilsonOriginal Chocolate Milkshake310 ml,$2.79ea,,$0.90/ 100ml,False,186.0,
dairy_and_eggs,International Delight,"Maple Latte Flavoured Coffee Creamer, 63 Servings","International DelightMaple Latte Flavoured Coffee Creamer, 63 Servings946 ml",$5.99ea,,$0.63/ 100ml,False,187.0,
dairy_and_eggs,Black Diamond,"Cheddar Cheese Style Light, 22 Slices","Black DiamondCheddar Cheese Style Light, 22 Slices410 g",$5.49ea,,$1.34/ 100g,False,188.0,
dairy_and_eggs,No Name,Light Original Cream Cheese Product,No NameLight Original Cream Cheese Product227 g,$3.99ea,,$1.76/ 100g,False,189.0,
dairy_and_eggs,Baileys,French Vanilla,BaileysFrench Vanilla400 ml,$4.39ea,$2.49ea,$0.62/ 100ml,True,190.0,saleEnds 04/05
dairy_and_eggs,Neilson,Trutaste Lactose Free 1% Milk,NeilsonTrutaste Lactose Free 1% Milk2 l,$7.19ea,,$0.36/ 100ml,False,191.0,
dairy_and_eggs,Natrel,10% Lactose Free Coffee Cream (1L),Natrel10% Lactose Free Coffee Cream (1L)1 l,$5.99ea,,$0.60/ 100ml,False,192.0,
dairy_and_eggs,Natrel,10% Lactose Free Coffee Cream (1L),Natrel10% Lactose Free Coffee Cream (1L)1 l,$5.99ea,,$0.60/ 100ml,False,193.0,
dairy_and_eggs,PC Organics,Organic Homogenized Milk,PC OrganicsOrganic Homogenized Milk4 l,$10.69ea,,$0.27/ 100ml,False,194.0,
dairy_and_eggs,Oikos,"Extra Creamy Greek Yogurt, Banana Chocolate Flavour, 4% Mf","OikosExtra Creamy Greek Yogurt, Banana Chocolate Flavour, 4% Mf4x95.0 g",$4.79ea,,$1.26/ 100g,False,195.0,
dairy_and_eggs,President's Choice,Lactose Free Plain 2%  M.F. Yogurt,President's ChoiceLactose Free Plain 2%  M.F. Yogurt750 g,$3.79ea,,$0.51/ 100g,False,196.0,
dairy_and_eggs,Activia,"Probiotic Yogurt, Blueberry/Vanilla","ActiviaProbiotic Yogurt, Blueberry/Vanilla12x100.0 g",$8.99ea,,$0.75/ 100g,False,197.0,
dairy_and_eggs,IOGO,"Fat Free Yogurt, Strawberry, Blueberry, Peach, Vanilla","IOGOFat Free Yogurt, Strawberry, Blueberry, Peach, Vanilla16x100.0 g",$8.99ea,,$0.56/ 100g,False,198.0,
dairy_and_eggs,Activia,"Probiotic Yogurt, Raspberry/Apple/Blackberry/Strawberry Flavour, 12XG","ActiviaProbiotic Yogurt, Raspberry/Apple/Blackberry/Strawberry Flavour, 12XG12x100.0 g",$8.99ea,,$0.75/ 100g,False,199.0,
dairy_and_eggs,President's Choice,Banana 2% M.F. Greek Yogurt,President's ChoiceBanana 2% M.F. Greek Yogurt4x100.0 g,$4.49ea,,$1.12/ 100g,False,200.0,
dairy_and_eggs,Earth Island,Alternative Sour Cream,Earth IslandAlternative Sour Cream473 ml,$11.99ea,,$2.53/ 100ml,False,201.0,
dairy_and_eggs,Organic Meadow,Vanilla Kefir,Organic MeadowVanilla Kefir1 l,$7.49ea,,$0.75/ 100ml,False,202.0,
dairy_and_eggs,President's Choice,Tre Formaggi Shredded Cheese Blend,President's ChoiceTre Formaggi Shredded Cheese Blend620 g,$12.49ea,,$2.01/ 100g,False,203.0,
dairy_and_eggs,Black Diamond,Natural Shredded Cheese Mozza Cheddar 24% M.F.,Black DiamondNatural Shredded Cheese Mozza Cheddar 24% M.F.320 g,$6.99ea,,$2.18/ 100g,False,204.0,
dairy_and_eggs,Neilson,Skim Milk,NeilsonSkim Milk2 l,$5.19ea,,$0.26/ 100ml,False,205.0,
dairy_and_eggs,Nestle,Coffee Mate After Eight Liquid Coffee Enhancer,NestleCoffee Mate After Eight Liquid Coffee Enhancer946 ml,$6.49ea,$5.49ea,$0.58/ 100ml,True,206.0,saleEnds 03/15
dairy_and_eggs,No Name,Whipped Topping ,No NameWhipped Topping 225 g,$3.99ea,,$1.77/ 100g,False,207.0,
dairy_and_eggs,Neilson,Chocolate Dairy Beverage 2% M.F.,NeilsonChocolate Dairy Beverage 2% M.F.1 l,$4.69ea,$3.29ea,$0.33/ 100ml,True,208.0,saleEnds 04/05
dairy_and_eggs,Neilson,Caramel Chocolate Milkshake,NeilsonCaramel Chocolate Milkshake310 ml,$2.79ea,,$0.90/ 100ml,False,209.0,
dairy_and_eggs,Earth Balance,Soy Free Buttery Spread    ,Earth BalanceSoy Free Buttery Spread    425 g,$5.99ea,,$1.41/ 100g,False,210.0,
dairy_and_eggs,Yoplait,Drinkable Yogurt 1% M.F.,YoplaitDrinkable Yogurt 1% M.F.12x200.0 ml,$14.99ea,,$0.62/ 100ml,False,211.0,
dairy_and_eggs,IOGO,"Nano Drinkable Yogurt, Raspberry","IOGONano Drinkable Yogurt, Raspberry6x93.0 ml",$4.99ea,,$0.89/ 100ml,False,212.0,
dairy_and_eggs,Danone,Oikos Yogurt Extra Creamy Key Lime 9% M.F.,DanoneOikos Yogurt Extra Creamy Key Lime 9% M.F.650 g,$7.99ea,,$1.23/ 100g,False,213.0,
dairy_and_eggs,Yoplait,Yop Drinkable Yogurt Strawberry Banana Flavour 1% M.F.,YoplaitYop Drinkable Yogurt Strawberry Banana Flavour 1% M.F.1.2 l,$8.99ea,,$0.75/ 100ml,False,214.0,
dairy_and_eggs,Oikos,"Greek Yogurt, Strawberry-Banana Flavour, Blended, 2% M.F.","OikosGreek Yogurt, Strawberry-Banana Flavour, Blended, 2% M.F.4x100.0 g",$4.79ea,,$1.20/ 100g,False,215.0,
dairy_and_eggs,Yoplait,Drinkable Yogurt Strawberry-Raspberry 1.5% M.F.,YoplaitDrinkable Yogurt Strawberry-Raspberry 1.5% M.F.8x93.0 ml,$7.49ea,,$1.01/ 100ml,False,216.0,
dairy_and_eggs,Oikos,"Greek Yogurt, Strawberry Flavour, Fruit On The Bottom, 2% M.F.","OikosGreek Yogurt, Strawberry Flavour, Fruit On The Bottom, 2% M.F.4x100.0 g",$4.79ea,,$1.20/ 100g,False,217.0,
dairy_and_eggs,Oikos,"Fat Free Greek Yogurt, Vanilla Flavour, Blended, 0% M.F.","OikosFat Free Greek Yogurt, Vanilla Flavour, Blended, 0% M.F.750 g",$7.49ea,$6.99ea,$0.93/ 100g,True,218.0,saleEnds 03/15
dairy_and_eggs,Oikos,"Drinkable Greek Yogurt With Banana, Oats, & Seeds, 9G Protein","OikosDrinkable Greek Yogurt With Banana, Oats, & Seeds, 9G Protein190 ml",$2.29ea,,$1.21/ 100ml,False,219.0,
dairy_and_eggs,Activia,"Yogurt With Probiotics, Plain 3.2% M/F.","ActiviaYogurt With Probiotics, Plain 3.2% M/F.650 g",$4.99ea,,$0.77/ 100g,False,220.0,
dairy_and_eggs,Activia,"Yogurt With Probiotics, Peach Flavour Tub","ActiviaYogurt With Probiotics, Peach Flavour Tub650 g",$4.79ea,$3.99ea,$0.61/ 100g,True,221.0,saleEnds 03/15
dairy_and_eggs,Oikos,"Greek Yogurt, Strawberry Raspberry, Fruit On The Bottom, 2% M.F.","OikosGreek Yogurt, Strawberry Raspberry, Fruit On The Bottom, 2% M.F.4x100.0 g",$4.79ea,,$1.20/ 100g,False,222.0,
dairy_and_eggs,Starbucks,Almond And Oat Dairy Free Caramel Macchiato Coffee Enhancer,StarbucksAlmond And Oat Dairy Free Caramel Macchiato Coffee Enhancer828 ml,$7.99ea,,$0.96/ 100ml,False,223.0,
dairy_and_eggs,No Name,2% M.F. Cottage Cheese ,No Name2% M.F. Cottage Cheese 750 g,$6.49ea,,$0.87/ 100g,False,224.0,
dairy_and_eggs,Imperial,Margarine Club Pack,ImperialMargarine Club Pack1.36 kg,$8.99ea,,$0.71/ 100g,False,225.0,
dairy_and_eggs,President's Choice,Cheddar Cheese with Habanero,President's ChoiceCheddar Cheese with Habanero400 g,$6.49ea,,$1.62/ 100g,False,226.0,
dairy_and_eggs,No Name,Dill Pickle Sour Cream Dip,No NameDill Pickle Sour Cream Dip250 g,$3.99ea,,$1.60/ 100g,False,227.0,
dairy_and_eggs,Gay Lea,"Nordica On-The-Go Cottage Cheese, Plain","Gay LeaNordica On-The-Go Cottage Cheese, Plain4x113.0 g",$5.99ea,,$1.33/ 100g,False,228.0,
dairy_and_eggs,International Delight,Irish Creme Coffee Creamer,International DelightIrish Creme Coffee Creamer946 ml,$5.99ea,,$0.63/ 100ml,False,229.0,
dairy_and_eggs,Becel,Margarine Vegan,BecelMargarine Vegan850 g,$9.29ea,$6.99ea,$0.82/ 100g,True,230.0,saleEnds 03/15
dairy_and_eggs,PC Blue Menu,Blue Menu Original Margarine,PC Blue MenuBlue Menu Original Margarine454 g,$4.79ea,,$1.06/ 100g,False,231.0,
dairy_and_eggs,Heluva,"Sour Cream Dip, Dill Pickle","HeluvaSour Cream Dip, Dill Pickle250 g",$4.49ea,,$1.80/ 100g,False,232.0,
dairy_and_eggs,Gay Lea,Lactose Free Sour Cream,Gay LeaLactose Free Sour Cream450 ml,$4.49ea,,$1.00/ 100ml,False,233.0,
dairy_and_eggs,Neilson,Whipping Cream,NeilsonWhipping Cream473 ml,$3.99ea,,$0.84/ 100ml,False,234.0,
dairy_and_eggs,Neilson,TruTaste Lactose Free 2% Milk,NeilsonTruTaste Lactose Free 2% Milk4 l,$10.79ea,,$0.27/ 100ml,False,235.0,
dairy_and_eggs,Starbucks,Caramel Macchiato Liquid Coffee Enhancer,StarbucksCaramel Macchiato Liquid Coffee Enhancer828 ml,$7.99ea,,$0.96/ 100ml,False,236.0,
dairy_and_eggs,The A2 Milk Company,3.25% M.F. Homogenized Milk,The A2 Milk Company3.25% M.F. Homogenized Milk2 l,$6.69ea,,$0.33/ 100ml,False,237.0,
dairy_and_eggs,Organic Meadow,"Whipping Cream, 35%","Organic MeadowWhipping Cream, 35%500 ml",$8.49ea,,$1.70/ 100ml,False,238.0,
dairy_and_eggs,Becel,Margarine Vegan,BecelMargarine Vegan454 g,$5.49ea,,$1.29/ 100g,False,239.0,
dairy_and_eggs,Nestle,Coffee Mate Liquid French Vanilla,NestleCoffee Mate Liquid French Vanilla946 ml,$6.49ea,$5.49ea,$0.58/ 100ml,True,240.0,saleEnds 03/15
dairy_and_eggs,Neilson,TruTaste Skim Milk,NeilsonTruTaste Skim Milk4 l,$6.99ea,,$0.17/ 100ml,False,241.0,
dairy_and_eggs,Nestle,Coffee Mate Turtles Liquid Coffee Enhancer,NestleCoffee Mate Turtles Liquid Coffee Enhancer946 ml,$6.49ea,$5.49ea,$0.58/ 100ml,True,242.0,saleEnds 03/15
dairy_and_eggs,Imperial,Soft Margarine Spread,ImperialSoft Margarine Spread850 g,$8.79ea,,$1.03/ 100g,False,243.0,
dairy_and_eggs,President's Choice,Lactose Free Old Yellow Cheddar Cheese,President's ChoiceLactose Free Old Yellow Cheddar Cheese400 g,$6.49ea,,$1.62/ 100g,False,244.0,
dairy_and_eggs,International Delight,"French Vanilla Flavoured Fat Free Coffee Creamer, 63 Servings","International DelightFrench Vanilla Flavoured Fat Free Coffee Creamer, 63 Servings946 ml",$5.99ea,,$0.63/ 100ml,False,245.0,
dairy_and_eggs,No Name,Marble Cheddar Cheese Light,No NameMarble Cheddar Cheese Light400 g,$5.99ea,,$1.50/ 100g,False,246.0,
dairy_and_eggs,Gay Lea,"Sour Cream, Fat Free 1%","Gay LeaSour Cream, Fat Free 1%500 ml",$4.49ea,,$0.90/ 100ml,False,247.0,
dairy_and_eggs,PC Organics,Organic Free-Range Extra Large Brown Eggs,PC OrganicsOrganic Free-Range Extra Large Brown Eggs12 eggs,$7.69ea,,$0.64/ 1ea,False,248.0,
dairy_and_eggs,Lactantia,1% M.F. Partly Skimmed Milk,Lactantia1% M.F. Partly Skimmed Milk2 l,$5.89ea,,$0.29/ 100ml,False,249.0,
dairy_and_eggs,Neilson,TruTaste 2% Milk,NeilsonTruTaste 2% Milk1 l,$4.19ea,,$0.42/ 100ml,False,250.0,
dairy_and_eggs,Saputo,Lactose Free Mozzarellissima,SaputoLactose Free Mozzarellissima500 g,$9.99ea,,$2.00/ 100g,False,251.0,
dairy_and_eggs,Natrel,Natrel Plus 2% Lactose Free Chocolate Enriched Milk,NatrelNatrel Plus 2% Lactose Free Chocolate Enriched Milk2 l,$7.39ea,,$0.37/ 100ml,False,252.0,
dairy_and_eggs,Burnbrae Farms,Eggs2go! 6 Hard Boiled Peeled Eggs,Burnbrae FarmsEggs2go! 6 Hard Boiled Peeled Eggs6 ea,$5.59ea,,$0.93/ 1ea,False,253.0,
dairy_and_eggs,Neilson,TruTaste 1% Milk,NeilsonTruTaste 1% Milk1 l,$4.19ea,,$0.42/ 100ml,False,254.0,
dairy_and_eggs,Cracker Barrel,Bar Marble Cheddar,Cracker BarrelBar Marble Cheddar400 g,$9.79ea,,$2.45/ 100g,False,255.0,
dairy_and_eggs,Neilson,Trutaste Homogenized Milk,NeilsonTrutaste Homogenized Milk4 l,$7.59ea,,$0.19/ 100ml,False,256.0,
dairy_and_eggs,Neilson,Table Cream,NeilsonTable Cream1 l,$7.19ea,,$0.72/ 100ml,False,257.0,
dairy_and_eggs,Natrel,Lactose Free Fat Free Skim 0% Dairy Product (2L),NatrelLactose Free Fat Free Skim 0% Dairy Product (2L)2 l,$7.09ea,,$0.35/ 100ml,False,258.0,
dairy_and_eggs,Neilson,Trutaste Lactose Free Skim Milk,NeilsonTrutaste Lactose Free Skim Milk1 l,$4.59ea,,$0.46/ 100ml,False,259.0,
dairy_and_eggs,Liberte,Kéfir Organic 1% MF Strawberry,LiberteKéfir Organic 1% MF Strawberry1000 g,$6.99ea,,$0.70/ 100g,False,260.0,
dairy_and_eggs,No Name,Herb and Spice Sour Cream Dip,No NameHerb and Spice Sour Cream Dip250 g,$3.99ea,,$1.60/ 100g,False,261.0,
dairy_and_eggs,Philadelphia,Light Cream Cheese,PhiladelphiaLight Cream Cheese450 g,$9.49ea,,$2.11/ 100g,False,262.0,
dairy_and_eggs,No Name,Pasteurized Light Cream Cheese Spread,No NamePasteurized Light Cream Cheese Spread250 g,$3.99ea,,$1.60/ 100g,False,263.0,
dairy_and_eggs,No Name,Old Cheddar Cheese Slices ,No NameOld Cheddar Cheese Slices 210 g,$5.49ea,,$2.61/ 100g,False,264.0,
dairy_and_eggs,Becel,Margarine Original,BecelMargarine Original1.7 kg,$16.99ea,,$1.00/ 100g,False,265.0,
dairy_and_eggs,Philadelphia,Herb & Garlic Cream Cheese Product,PhiladelphiaHerb & Garlic Cream Cheese Product340 g,$7.99ea,,$2.35/ 100g,False,266.0,
dairy_and_eggs,International Delight,"Zero Sugar Hazelnut Coffee Creamer,","International DelightZero Sugar Hazelnut Coffee Creamer,946 ml",$5.99ea,,$0.63/ 100ml,False,267.0,
dairy_and_eggs,Armstrong,"Cheese, Sliced Cheddar with Jalapeño Mexican Fiesta 31 % M.F.","ArmstrongCheese, Sliced Cheddar with Jalapeño Mexican Fiesta 31 % M.F.220 g",$6.49ea,,$2.95/ 100g,False,268.0,
dairy_and_eggs,Neilson,Ultrafiltered Milk 3.25% M.F.,NeilsonUltrafiltered Milk 3.25% M.F.1 l,$4.69ea,$3.29ea,$0.33/ 100ml,True,269.0,saleEnds 04/05
dairy_and_eggs,President's Choice,Butter Puff Pastry,President's ChoiceButter Puff Pastry450 g,$6.49ea,,$1.44/ 100g,False,270.0,
dairy_and_eggs,No Name,Deep Dish Pie Shells,No NameDeep Dish Pie Shells380 g,$4.29ea,,$1.13/ 100g,False,271.0,
dairy_and_eggs,Gay Lea,"Real Whipped Cream, Light","Gay LeaReal Whipped Cream, Light225 g",$4.99ea,,$2.22/ 100g,False,272.0,
dairy_and_eggs,Neilson,Whipping Cream,NeilsonWhipping Cream473 ml,$3.99ea,,$0.84/ 100ml,False,273.0,
dairy_and_eggs,Milk 2 Go,Chocolate,Milk 2 GoChocolate473 ml,$2.79ea,,$0.59/ 100ml,False,274.0,
dairy_and_eggs,International Delight,"Caramel Waffle Cookie Coffee Enhancer, Limited Edition","International DelightCaramel Waffle Cookie Coffee Enhancer, Limited Edition946 ml",$5.99ea,,$0.63/ 100ml,False,275.0,
dairy_and_eggs,Neilson,2% Milk,Neilson2% Milk1 l,$3.59ea,,$0.36/ 100ml,False,276.0,
dairy_and_eggs,President,Premium Salted Cultured Butter,PresidentPremium Salted Cultured Butter250 g,$5.49ea,,$2.20/ 100g,False,277.0,
dairy_and_eggs,Yoso,"Cultured Coconut Yogurt, Unsweetened","YosoCultured Coconut Yogurt, Unsweetened440 g",$5.99ea,,$1.36/ 100g,False,278.0,
dairy_and_eggs,President's Choice,Gluten Free Pie Crust,President's ChoiceGluten Free Pie Crust380 g,$8.99ea,,$2.37/ 100g,False,279.0,
dairy_and_eggs,Silk,"Almond Plant Based Yogurt, Plain, Unsweetened, Dairy-Free","SilkAlmond Plant Based Yogurt, Plain, Unsweetened, Dairy-Free640 g",$7.49ea,,$1.17/ 100g,False,280.0,
dairy_and_eggs,No Name,Shredded Mild White Cheddar Cheese,No NameShredded Mild White Cheddar Cheese320 g,$5.99ea,,$1.87/ 100g,False,281.0,
dairy_and_eggs,Organic Meadow,"Kéfir, Plain","Organic MeadowKéfir, Plain1 l",$7.49ea,,$0.75/ 100ml,False,282.0,
dairy_and_eggs,President's Choice,Parmesan Shredded Cheese,President's ChoiceParmesan Shredded Cheese250 g,$6.49ea,,$2.60/ 100g,False,283.0,
dairy_and_eggs,Natrel,3.25% Lactose Free Enriched Milk,Natrel3.25% Lactose Free Enriched Milk2 l,$6.59ea,,$0.33/ 100ml,False,284.0,
dairy_and_eggs,Lactantia,"My Country Butter, Unsalted","LactantiaMy Country Butter, Unsalted454 g",$9.29ea,,$2.05/ 100g,False,285.0,
dairy_and_eggs,Neilson,"Chocolate Milk, 25% Less Sugar","NeilsonChocolate Milk, 25% Less Sugar1 l",$3.49ea,$1.99ea,$0.20/ 100ml,True,286.0,saleEnds 03/22
dairy_and_eggs,No Name,Old Cheddar Cheese,No NameOld Cheddar Cheese200 g,$3.99ea,,$2.00/ 100g,False,287.0,
dairy_and_eggs,Lactantia,"Butter Sticks, Salted","LactantiaButter Sticks, Salted4x113.0 g",$8.99ea,,$1.99/ 100g,False,288.0,
dairy_and_eggs,No Name, Light Cottage Cheese,No Name Light Cottage Cheese250 g,$3.49ea,,$1.40/ 100g,False,289.0,
dairy_and_eggs,Neilson,Trutaste Lactose Free Skim Milk,NeilsonTrutaste Lactose Free Skim Milk1 l,$4.59ea,,$0.46/ 100ml,False,290.0,
dairy_and_eggs,PC Blue Menu,Blue Menu Free Run Large White Eggs 12 Pack,PC Blue MenuBlue Menu Free Run Large White Eggs 12 Pack12 ea,$6.89ea,$5.99ea,$0.50/ 1ea,True,291.0,saleEnds 03/15
dairy_and_eggs,Philadelphia,Light Cream Cheese,PhiladelphiaLight Cream Cheese450 g,$9.49ea,,$2.11/ 100g,False,292.0,
dairy_and_eggs,No Name,Pasteurized Light Cream Cheese Spread,No NamePasteurized Light Cream Cheese Spread250 g,$3.99ea,,$1.60/ 100g,False,293.0,
dairy_and_eggs,No Name,Old Cheddar Cheese Slices ,No NameOld Cheddar Cheese Slices 210 g,$5.49ea,,$2.61/ 100g,False,294.0,
dairy_and_eggs,Becel,Margarine Original,BecelMargarine Original1.7 kg,$16.99ea,,$1.00/ 100g,False,295.0,
dairy_and_eggs,International Delight,"Zero Sugar Hazelnut Coffee Creamer,","International DelightZero Sugar Hazelnut Coffee Creamer,946 ml",$5.99ea,,$0.63/ 100ml,False,296.0,
dairy_and_eggs,Armstrong,"Cheese, Sliced Cheddar with Jalapeño Mexican Fiesta 31 % M.F.","ArmstrongCheese, Sliced Cheddar with Jalapeño Mexican Fiesta 31 % M.F.220 g",$6.49ea,,$2.95/ 100g,False,297.0,
dairy_and_eggs,Neilson,Ultrafiltered Milk 3.25% M.F.,NeilsonUltrafiltered Milk 3.25% M.F.1 l,$4.69ea,$3.29ea,$0.33/ 100ml,True,298.0,saleEnds 04/05
dairy_and_eggs,Imperial,Soft Margarine Spread,ImperialSoft Margarine Spread850 g,$8.79ea,,$1.03/ 100g,False,299.0,
dairy_and_eggs,Oikos,"Greek Yogurt, Raspberry-Pomegramate Flavour, Fruit On Bottom, 2% M.F.,","OikosGreek Yogurt, Raspberry-Pomegramate Flavour, Fruit On Bottom, 2% M.F.,4x100.0 g",$4.79ea,,$1.20/ 100g,False,300.0,
dairy_and_eggs,Oikos,"Lactose Free Greek Yogurt, Plain, Fat Free, No Added Sugar, 0% M.F.","OikosLactose Free Greek Yogurt, Plain, Fat Free, No Added Sugar, 0% M.F.750 g",$6.99ea,,$0.93/ 100g,False,301.0,
dairy_and_eggs,Kraft,Grated Parmesan Cheese,KraftGrated Parmesan Cheese500 g,$16.99ea,,$3.40/ 100g,False,302.0,
dairy_and_eggs,Danone,"Drinkable Yogurt, Strawberry Banana Flavour, Made With Real Fruit, 2% M.F.","DanoneDrinkable Yogurt, Strawberry Banana Flavour, Made With Real Fruit, 2% M.F.190 ml",$1.29ea,,$0.68/ 100ml,False,303.0,
dairy_and_eggs,Danone,"Drinkable Yogurt, Strawberry, Made With Real Fruit, 2% M.F.","DanoneDrinkable Yogurt, Strawberry, Made With Real Fruit, 2% M.F.190 ml",$1.29ea,,$0.68/ 100ml,False,304.0,
dairy_and_eggs,Silk,"For Coffee, Hazelnut Flavour, Dairy Free Coffee Creamer","SilkFor Coffee, Hazelnut Flavour, Dairy Free Coffee Creamer473 ml",$2.99ea,,$0.63/ 100ml,False,305.0,
dairy_and_eggs,President's Choice,Strawberry 0% M.F. Greek Yogurt ,President's ChoiceStrawberry 0% M.F. Greek Yogurt 4x100.0 g,$4.49ea,,$1.12/ 100g,False,306.0,
dairy_and_eggs,Activia,"Yogurt With Probiotics, Blueberry Flavour","ActiviaYogurt With Probiotics, Blueberry Flavour650 g",$4.79ea,$3.99ea,$0.61/ 100g,True,307.0,saleEnds 03/15
dairy_and_eggs,IOGO,"Lactose Free Yogurt, Vanilla 1.5%","IOGOLactose Free Yogurt, Vanilla 1.5%650 g",$4.49ea,,$0.69/ 100g,False,308.0,
dairy_and_eggs,Organic Meadow,"Organic Yogurt, Strawberry","Organic MeadowOrganic Yogurt, Strawberry4x100.0 g",$5.69ea,,$1.42/ 100g,False,309.0,
dairy_and_eggs,Yoplait,Yop Drinkable Yogurt Strawberry Flavour 1% M.F.,YoplaitYop Drinkable Yogurt Strawberry Flavour 1% M.F.6x200.0 ml,$8.99ea,,$0.75/ 100ml,False,310.0,
dairy_and_eggs,Oikos,"Fat Free Greek Yogurt, High Protein, Plain, 0% M.F.","OikosFat Free Greek Yogurt, High Protein, Plain, 0% M.F.650 g",$7.49ea,$6.99ea,$1.08/ 100g,True,311.0,saleEnds 03/15
dairy_and_eggs,IOGO,Yogurt Maple Syrup 3.2% M.F.,IOGOYogurt Maple Syrup 3.2% M.F.650 g,$4.79ea,,$0.74/ 100g,False,312.0,
dairy_and_eggs,No Name,Shredded Mild White Cheddar Cheese,No NameShredded Mild White Cheddar Cheese320 g,$5.99ea,,$1.87/ 100g,False,313.0,
dairy_and_eggs,International Delight,Caramel Macchiato,International DelightCaramel Macchiato946 ml,$5.99ea,,$0.63/ 100ml,False,314.0,
dairy_and_eggs,Cracker Barrel,Bar Medium Cheddar,Cracker BarrelBar Medium Cheddar400 g,$9.79ea,,$2.45/ 100g,False,315.0,
dairy_and_eggs,Saputo,Mozzarellissima 20% 690g ,SaputoMozzarellissima 20% 690g 690 g,$13.49ea,,$1.96/ 100g,False,316.0,
dairy_and_eggs,Black Diamond,"Cheese Mozzarella, 27% M.F.","Black DiamondCheese Mozzarella, 27% M.F.400 g",$6.99ea,,$1.75/ 100g,False,317.0,
dairy_and_eggs,No Name,Pie Shells,No NamePie Shells350 g,$4.29ea,,$1.23/ 100g,False,318.0,
dairy_and_eggs,Gay Lea,"Butter Sticks, Unsalted","Gay LeaButter Sticks, Unsalted454 g",$8.99ea,,$1.98/ 100g,False,319.0,
dairy_and_eggs,Philadelphia,Whipped Original Cream Cheese Product,PhiladelphiaWhipped Original Cream Cheese Product227 g,$5.49ea,,$2.42/ 100g,False,320.0,
dairy_and_eggs,Gay Lea,Gold Sour Cream 18%,Gay LeaGold Sour Cream 18%425 ml,$4.79ea,,$1.13/ 100ml,False,321.0,
dairy_and_eggs,No Name,Original Cream Cheese Spread ,No NameOriginal Cream Cheese Spread 340 g,$5.49ea,,$1.61/ 100g,False,322.0,
dairy_and_eggs,Kraft,Shaved Parmesan Cheese,KraftShaved Parmesan Cheese141 g,$7.99ea,,$5.67/ 100g,False,323.0,
dairy_and_eggs,I Can't Believe it's Not,Margarine Spread,I Can't Believe it's NotMargarine Spread454 g,$4.29ea,,$1.00/ 100g,False,324.0,
dairy_and_eggs,Neilson,Trutaste No Lactose 3.25% Milk,NeilsonTrutaste No Lactose 3.25% Milk2 l,$7.09ea,,$0.35/ 100ml,False,325.0,
dairy_and_eggs,No Name,1% M.F. Cottage Cheese,No Name1% M.F. Cottage Cheese750 g,$6.49ea,,$0.87/ 100g,False,326.0,
dairy_and_eggs,Becel,Margarine Original,BecelMargarine Original427 g,$5.49ea,,$1.29/ 100g,False,327.0,
dairy_and_eggs,PC Blue Menu,Blue Menu Free Run Large Brown Eggs 12 Pack,PC Blue MenuBlue Menu Free Run Large Brown Eggs 12 Pack12 eggs,$7.59ea,,$0.63/ 1ea,False,328.0,
dairy_and_eggs,Philadelphia,Original Cream Cheese Product,PhiladelphiaOriginal Cream Cheese Product450 g,$9.49ea,,$2.11/ 100g,False,329.0,
dairy_and_eggs,Baileys,Original Irish Cream,BaileysOriginal Irish Cream400 ml,$4.39ea,$2.49ea,$0.62/ 100ml,True,330.0,saleEnds 04/05
dairy_and_eggs,No Name,Tart Shells,No NameTart Shells30 ea,$7.49ea,,$1.31/ 100g,False,331.0,
dairy_and_eggs,Starbucks,Hazelnut Mocha Macchiato Coffee Enhancer,StarbucksHazelnut Mocha Macchiato Coffee Enhancer828 ml,$8.79ea,,$1.06/ 100ml,False,332.0,
dairy_and_eggs,Neilson,Trutaste Lactose Free Cream Half & Half 10% M.F.,NeilsonTrutaste Lactose Free Cream Half & Half 10% M.F.1 l,$3.99ea,,$0.40/ 100ml,False,333.0,
dairy_and_eggs,No Name,Cream Cheese Spread ,No NameCream Cheese Spread 227 g,$3.99ea,,$1.76/ 100g,False,334.0,
dairy_and_eggs,Neilson,TruTaste Homogenized Milk,NeilsonTruTaste Homogenized Milk2 l,$6.19ea,,$0.31/ 100ml,False,335.0,
dairy_and_eggs,Neilson,Strawberry Milkshake,NeilsonStrawberry Milkshake310 ml,$2.79ea,,$0.90/ 100ml,False,336.0,
dairy_and_eggs,Nestle,Rolo Milkshake,NestleRolo Milkshake473 ml,$3.15ea,,$0.67/ 100ml,False,337.0,
dairy_and_eggs,Neilson,1% Partly Skimmed Milk,Neilson1% Partly Skimmed Milk2 l,$5.19ea,,$0.26/ 100ml,False,338.0,
dairy_and_eggs,No Name,Mild Cheddar Cheese,No NameMild Cheddar Cheese400 g,$5.99ea,,$1.50/ 100g,False,339.0,
dairy_and_eggs,Black Diamond,Lactose Free Sliced Marble Cheese ,Black DiamondLactose Free Sliced Marble Cheese 220 g,$5.99ea,,$2.72/ 100g,False,340.0,
dairy_and_eggs,PC Organics,Organic Partly Skimmed 2% Milk,PC OrganicsOrganic Partly Skimmed 2% Milk4 l,$10.69ea,,$0.27/ 100ml,False,341.0,
dairy_and_eggs,Philadelphia,Smoked Salmon Cream Cheese Product,PhiladelphiaSmoked Salmon Cream Cheese Product227 g,$5.49ea,,$2.42/ 100g,False,342.0,
dairy_and_eggs,Neilson,2% Milk,Neilson2% Milk2 l,$5.19ea,,$0.26/ 100ml,False,343.0,
dairy_and_eggs,President's Choice,Monterey Jack Cheese With Jalapeño,President's ChoiceMonterey Jack Cheese With Jalapeño400 g,$6.49ea,,$1.62/ 100g,False,344.0,
dairy_and_eggs,Becel,Unsalted Plant-Based Margarine Bricks,BecelUnsalted Plant-Based Margarine Bricks454 g,$5.99ea,,$1.32/ 100g,False,345.0,
dairy_and_eggs,Beatrice,"Sour Cream, Regular 14%","BeatriceSour Cream, Regular 14%500 ml",$4.29ea,,$0.86/ 100ml,False,346.0,
dairy_and_eggs,International Delight,"French Vanilla Flavoured Coffee Creamer, 63 Servings","International DelightFrench Vanilla Flavoured Coffee Creamer, 63 Servings946 ml",$5.99ea,,$0.63/ 100ml,False,347.0,
dairy_and_eggs,Philadelphia,Herb & Garlic Cream Cheese Product,PhiladelphiaHerb & Garlic Cream Cheese Product227 g,$5.49ea,,$2.42/ 100g,False,348.0,
dairy_and_eggs,PC Organics,Organic Skim Milk,PC OrganicsOrganic Skim Milk4 l,$10.69ea,,$0.27/ 100ml,False,349.0,
dairy_and_eggs,President's Choice,Lactose Free Marble Cheddar ,President's ChoiceLactose Free Marble Cheddar 400 g,$6.49ea,,$1.62/ 100g,False,350.0,
dairy_and_eggs,Nestle,Coffee Crisp Milkshake,NestleCoffee Crisp Milkshake473 ml,$3.15ea,,$0.67/ 100ml,False,351.0,
dairy_and_eggs,No Name,Farmer's Marble Cheese ,No NameFarmer's Marble Cheese 200 g,$3.99ea,,$2.00/ 100g,False,352.0,
dairy_and_eggs,Fairlife,Lactose Free 1% Partly Skimmed Ultrafiltered Milk,FairlifeLactose Free 1% Partly Skimmed Ultrafiltered Milk1.5 l,$5.79ea,,$0.39/ 100ml,False,353.0,
dairy_and_eggs,Beatrice,Vanila Milkshake Bottle,BeatriceVanila Milkshake Bottle460 ml,$3.49ea,,$0.76/ 100ml,False,354.0,
dairy_and_eggs,Burnbrae Farms,Naturegg NestlaidOmega 3 Large Size 12 Eggs,Burnbrae FarmsNaturegg NestlaidOmega 3 Large Size 12 Eggs12 ea,$5.89ea,,$5.89/ 1ea,False,355.0,
dairy_and_eggs,Gay Lea,"Nordica Cottage Cheese, Light 1%","Gay LeaNordica Cottage Cheese, Light 1%500 g",$5.99ea,,$1.20/ 100g,False,356.0,
dairy_and_eggs,No Name,Everything Bagel Seasoning Sour Cream Dip,No NameEverything Bagel Seasoning Sour Cream Dip250 g,$3.99ea,,$1.60/ 100g,False,357.0,
dairy_and_eggs,Fairlife,Lactose Free Whole Ultrafiltered Milk,FairlifeLactose Free Whole Ultrafiltered Milk1.5 l,$5.79ea,,$0.39/ 100ml,False,358.0,
dairy_and_eggs,Neilson,"Flavoured Milk, Chocolate","NeilsonFlavoured Milk, Chocolate4 l",$8.19ea,,$0.20/ 100ml,False,359.0,
dairy_and_eggs,Lactantia,"Lactose Free Butter, Salted","LactantiaLactose Free Butter, Salted250 g",$6.79ea,,$2.72/ 100g,False,360.0,
dairy_and_eggs,Becel,Margarine Salt Free,BecelMargarine Salt Free850 g,$9.29ea,$6.99ea,$0.82/ 100g,True,361.0,saleEnds 03/15
dairy_and_eggs,Heluva,Caramelized Onion Dip,HeluvaCaramelized Onion Dip250 g,$4.49ea,,$1.80/ 100g,False,362.0,
dairy_and_eggs,Becel,Margarine with Avocado Oil,BecelMargarine with Avocado Oil427 g,$5.49ea,,$1.29/ 100g,False,363.0,
dairy_and_eggs,President's Choice,Extra Old White Cheddar,President's ChoiceExtra Old White Cheddar400 g,$6.49ea,,$1.62/ 100g,False,364.0,
dairy_and_eggs,Philadelphia,Light Herb & Garlic Cream Cheese,PhiladelphiaLight Herb & Garlic Cream Cheese227 g,$5.49ea,,$2.42/ 100g,False,365.0,
dairy_and_eggs,No Name,Light Part Skim Mozzarella Cheese,No NameLight Part Skim Mozzarella Cheese400 g,$5.99ea,,$1.50/ 100g,False,366.0,
dairy_and_eggs,Black Diamond,Old Cheddar Cheese + Sea-Salted Roasted Cashews & Cherry Infused Dried Cranberries,Black DiamondOld Cheddar Cheese + Sea-Salted Roasted Cashews & Cherry Infused Dried Cranberries127.6 g,$5.79ea,,$4.54/ 100g,False,367.0,
dairy_and_eggs,Neilson,"Flavoured Milk, Strawberry","NeilsonFlavoured Milk, Strawberry1 l",$3.49ea,$1.99ea,$0.20/ 100ml,True,368.0,saleEnds 03/22
dairy_and_eggs,Yummy Doh,Raw Cookie Dough Chocolate Chunk,Yummy DohRaw Cookie Dough Chocolate Chunk400 g,$6.49ea,,$1.62/ 100g,False,369.0,
dairy_and_eggs,Pillsbury,"Crescents Original Dough, 8 Pieces","PillsburyCrescents Original Dough, 8 Pieces226 g",$3.19ea,,$1.41/ 100g,False,370.0,
dairy_and_eggs,Pillsbury,Reese Cookie Dough,PillsburyReese Cookie Dough454 g,$5.29ea,,$1.17/ 100g,False,371.0,
dairy_and_eggs,President's Choice,Oatmeal Chocolate Chip Cookie Dough,President's ChoiceOatmeal Chocolate Chip Cookie Dough468 g,$4.49ea,,$0.96/ 100g,False,372.0,
dairy_and_eggs,Black Diamond,Cheddar Old Coloured Shred,Black DiamondCheddar Old Coloured Shred320 g,$6.99ea,,$2.18/ 100g,False,373.0,
dairy_and_eggs,President's Choice,Shredded Feta Cheese,President's ChoiceShredded Feta Cheese300 g,$6.49ea,,$2.16/ 100g,False,374.0,
dairy_and_eggs,President's Choice,Lactose Free Nacho Shredded Cheese Blend,President's ChoiceLactose Free Nacho Shredded Cheese Blend320 g,$6.49ea,,$2.03/ 100g,False,375.0,
dairy_and_eggs,Woolwich,Partially Skimmed Goat Milk 2%,WoolwichPartially Skimmed Goat Milk 2%1 l,$4.59ea,,$0.46/ 100ml,False,376.0,
dairy_and_eggs,Lactantia,Unsalted Butter,LactantiaUnsalted Butter454 g,$9.29ea,,$2.05/ 100g,False,377.0,
dairy_and_eggs,President's Choice,Lactose Free Plain Cream Cheese ,President's ChoiceLactose Free Plain Cream Cheese 250 g,$4.29ea,,$1.72/ 100g,False,378.0,
dairy_and_eggs,Organic Meadow,"Organic Cheese, Medium Cheddar","Organic MeadowOrganic Cheese, Medium Cheddar340 g",$12.99ea,,$3.82/ 100g,False,379.0,
dairy_and_eggs,No Name,Cheese Sticks Stringable Marble,No NameCheese Sticks Stringable Marble588 g,$11.49ea,,$1.95/ 100g,False,380.0,
dairy_and_eggs,Riviera,Coconut Milk Vegan Yogurt - Raspberry Blackcurrant,RivieraCoconut Milk Vegan Yogurt - Raspberry Blackcurrant500 g,$6.49ea,,$1.30/ 100g,False,381.0,
dairy_and_eggs,Pillsbury,Chocolatey Chip Cookies,PillsburyChocolatey Chip Cookies468 g,$4.49ea,,$0.96/ 100g,False,382.0,
dairy_and_eggs,Pillsbury,Ciinnamon Rolls,PillsburyCiinnamon Rolls351 g,$4.49ea,,$1.28/ 100g,False,383.0,
dairy_and_eggs,Gray Ridge,Grade A Double Yolk White Eggs,Gray RidgeGrade A Double Yolk White Eggs12 eggs,$5.99ea,,$0.50/ 1ea,False,384.0,
dairy_and_eggs,International Delight,"White Chocolate Mocha, Zero Sugar Coffee Creamer, Limited Edition","International DelightWhite Chocolate Mocha, Zero Sugar Coffee Creamer, Limited Edition946 ml",$5.99ea,,$0.63/ 100ml,False,385.0,
dairy_and_eggs,Philadelphia,Original Cream Cheese,PhiladelphiaOriginal Cream Cheese227 g,$6.49ea,,$2.86/ 100g,False,386.0,
dairy_and_eggs,Heluva,"Sour Cream Dip, French Onion","HeluvaSour Cream Dip, French Onion250 g",$4.49ea,,$1.80/ 100g,False,387.0,
dairy_and_eggs,Tofutti,Better Than Cream Cheese,TofuttiBetter Than Cream Cheese227 g,$5.29ea,,$2.33/ 100g,False,388.0,
dairy_and_eggs,Kraft,Shredded Parmesan Cheese,KraftShredded Parmesan Cheese200 g,$9.49ea,,$4.75/ 100g,False,389.0,
dairy_and_eggs,Heluva,"Sour Cream Dip, French Onion","HeluvaSour Cream Dip, French Onion680 g",$8.99ea,,$1.32/ 100g,False,390.0,
dairy_and_eggs,President's Choice,Marble Cheddar Cheese,President's ChoiceMarble Cheddar Cheese400 g,$6.49ea,,$1.62/ 100g,False,391.0,
dairy_and_eggs,President's Choice,Tex Mex Shredded Cheese Blend,President's ChoiceTex Mex Shredded Cheese Blend320 g,$6.49ea,,$2.03/ 100g,False,392.0,
dairy_and_eggs,Del Monte,Red Grapefruit In Slightly Sweetened Water 8 Cups (Case),Del MonteRed Grapefruit In Slightly Sweetened Water 8 Cups (Case)8x190.0 ml,$18.99ea,,$1.25/ 100ml,False,393.0,
dairy_and_eggs,Oikos,"Fat Free Greek Yogurt, 30% Less Sugar, Vanilla Flavour, Blended","OikosFat Free Greek Yogurt, 30% Less Sugar, Vanilla Flavour, Blended750 g",$7.99ea,,$1.07/ 100g,False,394.0,
dairy_and_eggs,JUST Egg,Plant Based Egg,JUST EggPlant Based Egg355 ml,$7.49ea,,$2.20/ 100ml,False,395.0,
dairy_and_eggs,Oikos,"Extra Creamy Greek Yogurt, Extra Creamy Plain 11%","OikosExtra Creamy Greek Yogurt, Extra Creamy Plain 11%750 g",$6.99ea,,$0.93/ 100g,False,396.0,
dairy_and_eggs,Activia,"Probiotic Yogurt With Fibre, Vanilla Flavour With Oats, Almonds, Pumpkin Seeds And Dried Cranberries, 3 Pack","ActiviaProbiotic Yogurt With Fibre, Vanilla Flavour With Oats, Almonds, Pumpkin Seeds And Dried Cranberries, 3 Pack3x150.0 g",$6.99ea,,$1.55/ 100g,False,397.0,
dairy_and_eggs,Oikos,"Greek Yogurt, Banana Flavour, Blended, 2% Mf, 4X100G","OikosGreek Yogurt, Banana Flavour, Blended, 2% Mf, 4X100G4x100.0 g",$4.79ea,,$1.20/ 100g,False,398.0,
dairy_and_eggs,IOGO,Nanö 1% Lactose Free Apple-Grape Drinkable Yogurt,IOGONanö 1% Lactose Free Apple-Grape Drinkable Yogurt6x93.0 ml,$4.99ea,,$0.89/ 100ml,False,399.0,
dairy_and_eggs,Activia,Yogurt With Probiotics Lemon Flavour,ActiviaYogurt With Probiotics Lemon Flavour650 g,$4.79ea,$3.99ea,$0.61/ 100g,True,400.0,saleEnds 03/15
dairy_and_eggs,PC Organics,Organic Partly Skimmed 2% Milk,PC OrganicsOrganic Partly Skimmed 2% Milk2 l,$7.09ea,,$0.35/ 100ml,False,401.0,
dairy_and_eggs,Activia,"Probiotic Smoothie, Blueberry, Strawberry, & Beet, Drinkable Yogurt","ActiviaProbiotic Smoothie, Blueberry, Strawberry, & Beet, Drinkable Yogurt190 ml",$2.29ea,,$1.21/ 100ml,False,402.0,
dairy_and_eggs,Liberte,Greek Plain 2% MF Yogurt,LiberteGreek Plain 2% MF Yogurt1000 g,$10.79ea,,$1.08/ 100g,False,403.0,
dairy_and_eggs,Oikos,"Greek Yogurt, Key Lime Flavour, 2% M.F., Blended","OikosGreek Yogurt, Key Lime Flavour, 2% M.F., Blended4x100.0 g",$4.79ea,,$1.20/ 100g,False,404.0,
dairy_and_eggs,PC Organics,Dairy-Free Coconut Milk Kefir,PC OrganicsDairy-Free Coconut Milk Kefir1000 ml,$5.49ea,,$0.55/ 100ml,False,405.0,
dairy_and_eggs,Vegenaise,Original,VegenaiseOriginal473 ml,$6.99ea,,$1.48/ 100ml,False,406.0,
dairy_and_eggs,Neilson,Homogenized Milk 3.25%,NeilsonHomogenized Milk 3.25%473 ml,$2.99ea,,$0.63/ 100ml,False,407.0,
dairy_and_eggs,The A2 Milk Company,1% M.F. Partly Skimmed Milk,The A2 Milk Company1% M.F. Partly Skimmed Milk2 l,$6.69ea,,$0.33/ 100ml,False,408.0,
dairy_and_eggs,Lactantia,"My Country Butter Sticks, Unsalted","LactantiaMy Country Butter Sticks, Unsalted4x113.5 g",$8.99ea,,$1.98/ 100g,False,409.0,
dairy_and_eggs,Natrel,Natrel Plus 2% Lactose Free Vanilla Enriched Milk ,NatrelNatrel Plus 2% Lactose Free Vanilla Enriched Milk 2 l,$7.29ea,,$0.36/ 100ml,False,410.0,
dairy_and_eggs,President's Choice,Greek Yogurt Tzatziki Dip,President's ChoiceGreek Yogurt Tzatziki Dip227 g,$3.79ea,,$1.67/ 100g,False,411.0,
dairy_and_eggs,Gray Ridge,"Grade A Premium White Eggs, Large","Gray RidgeGrade A Premium White Eggs, Large12 eggs",$4.89ea,,$0.41/ 1ea,False,412.0,
dairy_and_eggs,Lactantia,Healthy Attitude Omega-3 Margarine,LactantiaHealthy Attitude Omega-3 Margarine850 g,$8.99ea,,$1.06/ 100g,False,413.0,
dairy_and_eggs,No Name,"Old Cheddar Cheese, Light","No NameOld Cheddar Cheese, Light400 g",$5.99ea,,$1.50/ 100g,False,414.0,
dairy_and_eggs,Black Diamond,Combo Marble Cubes and Sea Salted Roasted Almonds and Dried Cranberries,Black DiamondCombo Marble Cubes and Sea Salted Roasted Almonds and Dried Cranberries127.6 g,$5.79ea,,$4.54/ 100g,False,415.0,
dairy_and_eggs,Neilson,Trutaste Skim Milk,NeilsonTrutaste Skim Milk1 l,$4.19ea,,$0.42/ 100ml,False,416.0,
dairy_and_eggs,Gay Lea,Spreadables Butter With Canola Oil,Gay LeaSpreadables Butter With Canola Oil227 g,$5.99ea,,$2.64/ 100g,False,417.0,
dairy_and_eggs,No Name,1% M.F. Fat Free Sour Cream ,No Name1% M.F. Fat Free Sour Cream 500 ml,$3.99ea,,$0.80/ 100ml,False,418.0,
dairy_and_eggs,No Name,Swiss Cheese Slices,No NameSwiss Cheese Slices210 g,$5.49ea,,$2.61/ 100g,False,419.0,
dairy_and_eggs,Gay Lea,Salted Butter,Gay LeaSalted Butter454 g,$8.49ea,,$1.87/ 100g,False,420.0,
dairy_and_eggs,No Name,Medium Cheddar Cheese,No NameMedium Cheddar Cheese400 g,$5.99ea,,$1.50/ 100g,False,421.0,
dairy_and_eggs,International Delight,Classic French Vanilla Coffee Creamer,International DelightClassic French Vanilla Coffee Creamer1.42 l,$9.49ea,,$0.67/ 100ml,False,422.0,
dairy_and_eggs,Cracker Barrel,Slice Medium Cheddar,Cracker BarrelSlice Medium Cheddar240 g,$5.99ea,,$2.50/ 100g,False,423.0,
dairy_and_eggs,Gay Lea,Real Coconut Whipped Cream,Gay LeaReal Coconut Whipped Cream225 g,$4.99ea,,$2.22/ 100g,False,424.0,
dairy_and_eggs,Becel,Salted Plant-Based Margarine Bricks,BecelSalted Plant-Based Margarine Bricks454 g,$5.99ea,,$1.32/ 100g,False,425.0,
dairy_and_eggs,No Name,Cottage Cheese,No NameCottage Cheese250 g,$3.49ea,,$1.40/ 100g,False,426.0,
dairy_and_eggs,Philadelphia,Dill Pickle Dip,PhiladelphiaDill Pickle Dip227 g,$5.49ea,,$2.42/ 100g,False,427.0,
dairy_and_eggs,President's Choice,Jalapeno Greek Yogurt Dip,President's ChoiceJalapeno Greek Yogurt Dip227 g,$3.79ea,,$1.67/ 100g,False,428.0,
dairy_and_eggs,Philadelphia,Dill Pickle Dip,PhiladelphiaDill Pickle Dip340 g,$7.99ea,,$2.35/ 100g,False,429.0,
dairy_and_eggs,International Delight,Classic Hazelnut Coffee Creamer,International DelightClassic Hazelnut Coffee Creamer1.42 l,$9.49ea,,$0.67/ 100ml,False,430.0,
dairy_and_eggs,Tre Stelle,Tre Stelle Cream Cheese Light    ,Tre StelleTre Stelle Cream Cheese Light    200 g,$4.49ea,,$2.25/ 100g,False,431.0,
dairy_and_eggs,Becel,Margarine Unsalted Plant-Based Sticks,BecelMargarine Unsalted Plant-Based Sticks454 g,$5.49ea,,$1.21/ 100g,False,432.0,
dairy_and_eggs,Philadelphia,Strawberry Cream Cheese Product,PhiladelphiaStrawberry Cream Cheese Product227 g,$5.49ea,,$2.42/ 100g,False,433.0,
dairy_and_eggs,International Delight,Classic Hazelnut Coffee Creamer,International DelightClassic Hazelnut Coffee Creamer1.42 l,$9.49ea,,$0.67/ 100ml,False,434.0,
dairy_and_eggs,Philadelphia,French Onion Dip,PhiladelphiaFrench Onion Dip227 g,$5.49ea,,$2.42/ 100g,False,435.0,
dairy_and_eggs,Becel,Margarine Salted Plant-Based Sticks,BecelMargarine Salted Plant-Based Sticks454 g,$5.49ea,,$1.21/ 100g,False,436.0,
dairy_and_eggs,Lactantia,Healthy Attitude Omega-3 Margarine,LactantiaHealthy Attitude Omega-3 Margarine850 g,$8.99ea,,$1.06/ 100g,False,437.0,
dairy_and_eggs,PC Blue Menu,Blue Menu Original Margarine,PC Blue MenuBlue Menu Original Margarine907 g,$6.49ea,,$0.72/ 100g,False,438.0,
dairy_and_eggs,Lactantia,"My Country Butter Sticks, Unsalted","LactantiaMy Country Butter Sticks, Unsalted4x113.5 g",$8.99ea,,$1.98/ 100g,False,439.0,
dairy_and_eggs,Philadelphia,Original Cream Cheese Product,PhiladelphiaOriginal Cream Cheese Product340 g,$7.99ea,,$2.35/ 100g,False,440.0,
dairy_and_eggs,Gay Lea,Salted Butter,Gay LeaSalted Butter454 g,$8.49ea,,$1.87/ 100g,False,441.0,
dairy_and_eggs,Golden Gate,Mirage Margarine,Golden GateMirage Margarine907 g,$7.19ea,,$0.79/ 100g,False,442.0,
dairy_and_eggs,Gay Lea,Real Coconut Whipped Cream,Gay LeaReal Coconut Whipped Cream225 g,$4.99ea,,$2.22/ 100g,False,443.0,
dairy_and_eggs,International Delight,Classic French Vanilla Coffee Creamer,International DelightClassic French Vanilla Coffee Creamer1.42 l,$9.49ea,,$0.67/ 100ml,False,444.0,
dairy_and_eggs,Cracker Barrel,Slice Medium Cheddar,Cracker BarrelSlice Medium Cheddar240 g,$5.99ea,,$2.50/ 100g,False,445.0,
dairy_and_eggs,No Name,Cottage Cheese,No NameCottage Cheese250 g,$3.49ea,,$1.40/ 100g,False,446.0,
dairy_and_eggs,Philadelphia,Dill Pickle Dip,PhiladelphiaDill Pickle Dip227 g,$5.49ea,,$2.42/ 100g,False,447.0,
dairy_and_eggs,PC Organics,"Organic Kefir Milk, Strawberry","PC OrganicsOrganic Kefir Milk, Strawberry1000 ml",$5.49ea,,$0.55/ 100ml,False,448.0,
dairy_and_eggs,Organic Meadow,"Organic Yogurt, Plain 2%","Organic MeadowOrganic Yogurt, Plain 2%750 g",$7.49ea,,$1.00/ 100g,False,449.0,
dairy_and_eggs,Oikos,"Extra Creamy Greek Yogurtemon Meringue Flavour, 4% Mf","OikosExtra Creamy Greek Yogurtemon Meringue Flavour, 4% Mf4x95.0 g",$4.79ea,,$1.26/ 100g,False,450.0,
dairy_and_eggs,President's Choice,Vanilla Greek Yogurt,President's ChoiceVanilla Greek Yogurt750 g,$6.99ea,,$0.93/ 100g,False,451.0,
dairy_and_eggs,Nestle,Coffee Mate Liquid Creamer Caramel Macchiato,NestleCoffee Mate Liquid Creamer Caramel Macchiato946 ml,$6.49ea,$5.49ea,$0.58/ 100ml,True,452.0,saleEnds 03/15
dairy_and_eggs,President's Choice,Black Cherry 0% M.F. Greek Yogurt ,President's ChoiceBlack Cherry 0% M.F. Greek Yogurt 4x100.0 g,$4.49ea,,$1.12/ 100g,False,453.0,
dairy_and_eggs,siggi's,"Yogurt, Plain 0% M.F. Icelandic Skyr Thick Yogourt","siggi'sYogurt, Plain 0% M.F. Icelandic Skyr Thick Yogourt750 g",$7.79ea,,$1.04/ 100g,False,454.0,
dairy_and_eggs,President's Choice,"Yogurt, Strawberry, Vanilla, Blueberry & Apple Creamy Stirred ","President's ChoiceYogurt, Strawberry, Vanilla, Blueberry & Apple Creamy Stirred 16x100.0 g",$6.99ea,,$0.44/ 100g,False,455.0,
dairy_and_eggs,Liberte,Greek Plain 0% MF Yogurt,LiberteGreek Plain 0% MF Yogurt1000 g,$10.79ea,,$1.08/ 100g,False,456.0,
dairy_and_eggs,Astro,Original Balkan Yogourt 4% M.F.,AstroOriginal Balkan Yogourt 4% M.F.12x100.0 g,$8.49ea,,$0.71/ 100g,False,457.0,
dairy_and_eggs,No Name,Light Double Cheddar Shredded Cheese,No NameLight Double Cheddar Shredded Cheese320 g,$5.99ea,,$1.87/ 100g,False,458.0,
dairy_and_eggs,Del Monte,Peach Chunks In Light Syrup 8 Cups X (1.52 L)  (Case),Del MontePeach Chunks In Light Syrup 8 Cups X (1.52 L)  (Case)8x190.0 ml,$18.99ea,,$1.25/ 100ml,False,459.0,
dairy_and_eggs,President's Choice,Tre Formaggi Shredded Cheese Blend,President's ChoiceTre Formaggi Shredded Cheese Blend320 g,$6.49ea,,$2.03/ 100g,False,460.0,
dairy_and_eggs,No Name,Shredded Marble Farmer's Cheese,No NameShredded Marble Farmer's Cheese900 g,$14.99ea,,$1.67/ 100g,False,461.0,
dairy_and_eggs,Riviera,"Vegan Yogurt, Plain Coconut","RivieraVegan Yogurt, Plain Coconut650 g",$6.49ea,,$1.00/ 100g,False,462.0,
dairy_and_eggs,Riviera,Coconut Milk Vegan Yogurt - Mango And Passion Fruit,RivieraCoconut Milk Vegan Yogurt - Mango And Passion Fruit500 g,$6.49ea,,$1.30/ 100g,False,463.0,
dairy_and_eggs,Earth Island, Mozzarella Slices,Earth Island Mozzarella Slices200 g,$8.99ea,,$4.50/ 100g,False,464.0,
dairy_and_eggs,Armstrong,Combos - Marble & Naturally Smoked Ham Sausage Sticks,ArmstrongCombos - Marble & Naturally Smoked Ham Sausage Sticks180 g,$7.49ea,,$4.16/ 100g,False,465.0,
dairy_and_eggs,Oikos,"Fat Free Greek Yogurt, Plain, No Added Sugar Value Tub","OikosFat Free Greek Yogurt, Plain, No Added Sugar Value Tub750 g",$7.49ea,$6.99ea,$0.93/ 100g,True,466.0,saleEnds 03/15
dairy_and_eggs,Armstrong,Combos - Mozzarella & Naturally Smoked Salami Sticks,ArmstrongCombos - Mozzarella & Naturally Smoked Salami Sticks180 g,$7.49ea,,$4.16/ 100g,False,467.0,
dairy_and_eggs,Earth Island,Shredded Cheese Alternative Parmesan Style,Earth IslandShredded Cheese Alternative Parmesan Style113 g,$7.99ea,$6.99ea,$6.19/ 100g,True,468.0,saleEnds 03/29
dairy_and_eggs,Liberte,Greek Yogourt Banana 0 % M.F.,LiberteGreek Yogourt Banana 0 % M.F.750 g,$6.49ea,,$0.87/ 100g,False,469.0,
dairy_and_eggs,Oikos,"Fat Free Greek Yogurt, Peach-Mango Flavour, Fruit On The Bottom, 0% M.F.","OikosFat Free Greek Yogurt, Peach-Mango Flavour, Fruit On The Bottom, 0% M.F.4x100.0 g",$4.79ea,,$1.20/ 100g,False,470.0,
dairy_and_eggs,PC Organics,Organic Plain Kefir Probiotic Fermented 1% M.F. Milk,PC OrganicsOrganic Plain Kefir Probiotic Fermented 1% M.F. Milk1 l,$5.49ea,,$0.55/ 100ml,False,471.0,
dairy_and_eggs,IOGO,Yogurt 1.5% M.F. Variety Pack,IOGOYogurt 1.5% M.F. Variety Pack16x100.0 g,$8.99ea,,$0.56/ 100g,False,472.0,
dairy_and_eggs,PC Organics,Organic Skyr Yogurt 0% Mf Plain,PC OrganicsOrganic Skyr Yogurt 0% Mf Plain500 g,$5.49ea,,$1.10/ 100g,False,473.0,
dairy_and_eggs,Astro,"Original Balkan Style Yogurt, Vanilla","AstroOriginal Balkan Style Yogurt, Vanilla650 g",$4.99ea,,$0.77/ 100g,False,474.0,
dairy_and_eggs,Oikos,"Greek Yogurt, Vanilla Flavour, 2% M.F.,  Blended","OikosGreek Yogurt, Vanilla Flavour, 2% M.F.,  Blended4x100.0 g",$4.79ea,,$1.20/ 100g,False,475.0,
dairy_and_eggs,President's Choice,Key Lime 2% M.F. Greek Yogurt ,President's ChoiceKey Lime 2% M.F. Greek Yogurt 4x100.0 g,$4.49ea,,$1.12/ 100g,False,476.0,
dairy_and_eggs,Yoso,Oat Unsweetened Yogurt Alternative,YosoOat Unsweetened Yogurt Alternative440 g,$6.49ea,$5.49ea,$1.25/ 100g,True,477.0,saleEnds 03/15
dairy_and_eggs,Organic Meadow,"Organic Yogurt, Plain 3.8%","Organic MeadowOrganic Yogurt, Plain 3.8%750 g",$7.49ea,,$1.00/ 100g,False,478.0,
dairy_and_eggs,Yoplait,Yop Drinkable Yogurt Peach Flavour 1% M.F.,YoplaitYop Drinkable Yogurt Peach Flavour 1% M.F.200 ml,$1.69ea,,$0.85/ 100ml,False,479.0,
dairy_and_eggs,Organic Meadow,Cottage Cheese,Organic MeadowCottage Cheese500 g,$9.49ea,,$1.90/ 100g,False,480.0,
dairy_and_eggs,President's Choice,Key Lime 2% M.F. Greek Yogurt ,President's ChoiceKey Lime 2% M.F. Greek Yogurt 4x100.0 g,$4.49ea,,$1.12/ 100g,False,481.0,
dairy_and_eggs,Yoso,Oat Unsweetened Yogurt Alternative,YosoOat Unsweetened Yogurt Alternative440 g,$6.49ea,$5.49ea,$1.25/ 100g,True,482.0,saleEnds 03/15
dairy_and_eggs,Organic Meadow,"Organic Yogurt, Plain 2%","Organic MeadowOrganic Yogurt, Plain 2%750 g",$7.49ea,,$1.00/ 100g,False,483.0,
dairy_and_eggs,Philadelphia,French Onion Dip,PhiladelphiaFrench Onion Dip227 g,$5.49ea,,$2.42/ 100g,False,484.0,
dairy_and_eggs,Organic Meadow,Cottage Cheese,Organic MeadowCottage Cheese500 g,$9.49ea,,$1.90/ 100g,False,485.0,
dairy_and_eggs,PC Organics,Balkan Style Yogurt Plain 11 % M.F. ,PC OrganicsBalkan Style Yogurt Plain 11 % M.F. 500 g,$4.99ea,,$1.00/ 100g,False,486.0,
dairy_and_eggs,No Name,14% M.F. Regular Sour Cream,No Name14% M.F. Regular Sour Cream250 ml,$2.99ea,,$1.20/ 100ml,False,487.0,
dairy_and_eggs,Neilson,Table Cream,NeilsonTable Cream237 ml,$3.29ea,,$1.39/ 100ml,False,488.0,
dairy_and_eggs,Olympic,"Organic Yogurt, French Vanilla","OlympicOrganic Yogurt, French Vanilla650 g",$4.99ea,,$0.77/ 100g,False,489.0,
dairy_and_eggs,Amooza,Pizza Mozzarella Cheese With Mild Cheddar Taste 22 % M.F.,AmoozaPizza Mozzarella Cheese With Mild Cheddar Taste 22 % M.F.228 g,$6.49ea,,$2.85/ 100g,False,490.0,
dairy_and_eggs,No Name,Shredded Marble Farmer's Cheese,No NameShredded Marble Farmer's Cheese900 g,$14.99ea,,$1.67/ 100g,False,491.0,
dairy_and_eggs,Riviera,"Vegan Yogurt, Plain Coconut","RivieraVegan Yogurt, Plain Coconut650 g",$6.49ea,,$1.00/ 100g,False,492.0,
dairy_and_eggs,Riviera,Coconut Milk Vegan Yogurt - Mango And Passion Fruit,RivieraCoconut Milk Vegan Yogurt - Mango And Passion Fruit500 g,$6.49ea,,$1.30/ 100g,False,493.0,
dairy_and_eggs,Earth Island, Mozzarella Slices,Earth Island Mozzarella Slices200 g,$8.99ea,,$4.50/ 100g,False,494.0,
dairy_and_eggs,Armstrong,Combos - Marble & Naturally Smoked Ham Sausage Sticks,ArmstrongCombos - Marble & Naturally Smoked Ham Sausage Sticks180 g,$7.49ea,,$4.16/ 100g,False,495.0,
dairy_and_eggs,Oikos,"Fat Free Greek Yogurt, Plain, No Added Sugar Value Tub","OikosFat Free Greek Yogurt, Plain, No Added Sugar Value Tub750 g",$7.49ea,$6.99ea,$0.93/ 100g,True,496.0,saleEnds 03/15
dairy_and_eggs,Armstrong,Combos - Mozzarella & Naturally Smoked Salami Sticks,ArmstrongCombos - Mozzarella & Naturally Smoked Salami Sticks180 g,$7.49ea,,$4.16/ 100g,False,497.0,
dairy_and_eggs,Earth Island,Shredded Cheese Alternative Parmesan Style,Earth IslandShredded Cheese Alternative Parmesan Style113 g,$7.99ea,$6.99ea,$6.19/ 100g,True,498.0,saleEnds 03/29
dairy_and_eggs,Activia,"Immune System, Probiotic Drinkable Yogurt, Vanilla, 8 Bottles","ActiviaImmune System, Probiotic Drinkable Yogurt, Vanilla, 8 Bottles744 ml",$8.49ea,,$1.14/ 100ml,False,499.0,
dairy_and_eggs,Organic Meadow,"Organic Yogurt, Plain 3.8%","Organic MeadowOrganic Yogurt, Plain 3.8%750 g",$7.49ea,,$1.00/ 100g,False,500.0,
dairy_and_eggs,PC Organics,"Organic Greek Yogurt, Plain","PC OrganicsOrganic Greek Yogurt, Plain500 g",$6.49ea,,$1.30/ 100g,False,501.0,
dairy_and_eggs,Activia,"Probiotics Yogurt, Yellow Apple/Apricot/Mango/Peach","ActiviaProbiotics Yogurt, Yellow Apple/Apricot/Mango/Peach12x100.0 g",$8.99ea,,$0.75/ 100g,False,502.0,
dairy_and_eggs,siggi's,Vanilla Yogurt,siggi'sVanilla Yogurt750 g,$7.79ea,,$1.04/ 100g,False,503.0,
dairy_and_eggs,Violife,Cheddar Style Slices ,ViolifeCheddar Style Slices 200 g,$6.99ea,,$3.50/ 100g,False,504.0,
dairy_and_eggs,IOGO,3.2% Canadian Harvest Blueberry Yogurt,IOGO3.2% Canadian Harvest Blueberry Yogurt650 g,$4.79ea,,$0.74/ 100g,False,505.0,
dairy_and_eggs,PC Organics,Organic Homogenized Milk,PC OrganicsOrganic Homogenized Milk2 l,$7.29ea,,$0.36/ 100ml,False,506.0,
dairy_and_eggs,Liberte,Kéfir 1% MF Plain,LiberteKéfir 1% MF Plain1000 ml,$6.49ea,,$0.65/ 100ml,False,507.0,
dairy_and_eggs,Violife,Mozzarella Style Shreds ,ViolifeMozzarella Style Shreds 227 g,$6.99ea,,$3.08/ 100g,False,508.0,
dairy_and_eggs,Black Diamond,Cheestrings Marble 18% M.F.,Black DiamondCheestrings Marble 18% M.F.588 g,$12.29ea,,$2.09/ 100g,False,509.0,
dairy_and_eggs,President's Choice,Pizza Mozzarella Shredded Cheese,President's ChoicePizza Mozzarella Shredded Cheese320 g,$6.49ea,,$2.03/ 100g,False,510.0,
dairy_and_eggs,No Name,Coffee Whitener,No NameCoffee Whitener450 g,$5.49ea,,$1.22/ 100g,False,511.0,
dairy_and_eggs,Earth Island,Cheddar Style Dairy-Free Cheese,Earth IslandCheddar Style Dairy-Free Cheese198 g,$6.99ea,$6.49ea,$3.28/ 100g,True,512.0,saleEnds 03/29
dairy_and_eggs,President's Choice,Chocolate Chip Cookie Dough,President's ChoiceChocolate Chip Cookie Dough468 g,$4.49ea,,$0.96/ 100g,False,513.0,
dairy_and_eggs,PC Organics,"Organic Cultured Coconut Milk Yogurt, Alternative Vanilla","PC OrganicsOrganic Cultured Coconut Milk Yogurt, Alternative Vanilla680 g",$5.99ea,,$0.88/ 100g,False,514.0,
dairy_and_eggs,Violife, Smoke Flavoured Provolone Style Slices ,Violife Smoke Flavoured Provolone Style Slices 200 g,$6.99ea,,$3.50/ 100g,False,515.0,
dairy_and_eggs,Violife,Creamy Original ,ViolifeCreamy Original 200 g,$6.99ea,,$3.50/ 100g,False,516.0,
dairy_and_eggs,Nestle,COFFEE-MATE Original Powder,NestleCOFFEE-MATE Original Powder450 g,$7.49ea,,$1.66/ 100g,False,517.0,
dairy_and_eggs,siggi's,"Yogurt, Strawberry 2% M.F. Simple Ingredient Skyr","siggi'sYogurt, Strawberry 2% M.F. Simple Ingredient Skyr650 g",$7.79ea,,$1.20/ 100g,False,518.0,
dairy_and_eggs,Kraft,Grated Parmesan Cheese,KraftGrated Parmesan Cheese250 g,$9.49ea,,$3.80/ 100g,False,519.0,
dairy_and_eggs,PC Organics,"Organic Cheese, Old Cheddar","PC OrganicsOrganic Cheese, Old Cheddar200 g",$6.49ea,,$3.25/ 100g,False,520.0,
dairy_and_eggs,Oikos,"Fat Free Greek Yogurt, Cherry Flavour, Fruit On The Bottom, 0% M.F.","OikosFat Free Greek Yogurt, Cherry Flavour, Fruit On The Bottom, 0% M.F.4x100.0 g",$4.79ea,,$1.20/ 100g,False,521.0,
dairy_and_eggs,Activia,"Yogurt With Probiotics, Vanilla Flavour","ActiviaYogurt With Probiotics, Vanilla Flavour650 g",$4.79ea,$3.99ea,$0.61/ 100g,True,522.0,saleEnds 03/15
dairy_and_eggs,Yoplait,Yop Drinkable Yogurt  Strawberry-Banana Flavour,YoplaitYop Drinkable Yogurt  Strawberry-Banana Flavour200 ml,$1.69ea,,$0.85/ 100ml,False,523.0,
dairy_and_eggs,Silk,"Dairy Free Plant Based Coconut Yogurt, Vanilla, Unsweetened","SilkDairy Free Plant Based Coconut Yogurt, Vanilla, Unsweetened680 g",$7.49ea,,$1.10/ 100g,False,524.0,
dairy_and_eggs,Olympic,Organic Yogurt Plain,OlympicOrganic Yogurt Plain1.75 kg,$12.99ea,,$0.74/ 100g,False,525.0,
dairy_and_eggs,Kraft,Cheez Whiz Cheese Spread,KraftCheez Whiz Cheese Spread450 g,$6.29ea,,$1.40/ 100g,False,526.0,
dairy_and_eggs,Yoplait,Yop Drinkable Yogurt Blueberry Flavour,YoplaitYop Drinkable Yogurt Blueberry Flavour200 ml,$1.69ea,,$0.85/ 100ml,False,527.0,
dairy_and_eggs,Oikos,"Greek Yogurt, Blueberry Flavour, Fruit On The Bottom, 2% M.F.","OikosGreek Yogurt, Blueberry Flavour, Fruit On The Bottom, 2% M.F.4x100.0 g",$4.79ea,,$1.20/ 100g,False,528.0,
dairy_and_eggs,Yoplait,Tubes Mixed Berry,YoplaitTubes Mixed Berry8x56.0 g,$4.79ea,,$1.07/ 100g,False,529.0,
dairy_and_eggs,Yoplait,Yop Drinkable Yogurt Watermelon Flavour ,YoplaitYop Drinkable Yogurt Watermelon Flavour 200 ml,$1.69ea,,$0.85/ 100ml,False,530.0,
dairy_and_eggs,Activia,"Fat Free Yogurt With Probiotics, Vanilla/Strawberry/Peach/Raspberry, 0% M.F.","ActiviaFat Free Yogurt With Probiotics, Vanilla/Strawberry/Peach/Raspberry, 0% M.F.12x100.0 g",$8.99ea,,$0.75/ 100g,False,531.0,
dairy_and_eggs,Yoplait,Tubes Strawberry Yogurt,YoplaitTubes Strawberry Yogurt8x56.0 g,$4.79ea,,$1.07/ 100g,False,532.0,
dairy_and_eggs,Kraft,Light Grated Parmesan Cheese,KraftLight Grated Parmesan Cheese250 g,$9.49ea,,$3.80/ 100g,False,533.0,
dairy_and_eggs,Armstrong,Snack Marble Cheese,ArmstrongSnack Marble Cheese210 g,$7.49ea,,$3.57/ 100g,False,534.0,
dairy_and_eggs,Black Diamond,Marble Shredded Cheese,Black DiamondMarble Shredded Cheese320 g,$6.99ea,,$2.18/ 100g,False,535.0,
dairy_and_eggs,Cracker Barrel,Snack Marble Cheddar,Cracker BarrelSnack Marble Cheddar168 g,$6.49ea,,$3.86/ 100g,False,536.0,
dairy_and_eggs,Black Diamond,Cheestrings Mozzarella 18% M.F.,Black DiamondCheestrings Mozzarella 18% M.F.336 g,$6.99ea,,$2.08/ 100g,False,537.0,
dairy_and_eggs,Woolwich,Dairy Old Goat's Milk Cheddar Cheese,WoolwichDairy Old Goat's Milk Cheddar Cheese200 g,$9.99ea,$8.99ea,$4.50/ 100g,True,538.0,saleEnds 03/15
dairy_and_eggs,President's Choice,Triple Cheddar Shredded Cheese Blend ,President's ChoiceTriple Cheddar Shredded Cheese Blend 620 g,$12.49ea,,$2.01/ 100g,False,539.0,
dairy_and_eggs,President's Choice,Plain 1% M.F. Yogurt,President's ChoicePlain 1% M.F. Yogurt750 g,$3.79ea,,$0.51/ 100g,False,540.0,
dairy_and_eggs,President's Choice,"Strawberry, Vanilla, Raspberry & Banana Creamy Stirred Yogurt","President's ChoiceStrawberry, Vanilla, Raspberry & Banana Creamy Stirred Yogurt16x100.0 g",$6.99ea,,$0.44/ 100g,False,541.0,
dairy_and_eggs,Rolling Meadow,"Yogurt, Plain 3.25%","Rolling MeadowYogurt, Plain 3.25%500 g",$4.29ea,,$0.86/ 100g,False,542.0,
dairy_and_eggs,Organic Meadow,"Organic Cheese, Old Cheddar","Organic MeadowOrganic Cheese, Old Cheddar340 g",$12.99ea,,$3.82/ 100g,False,543.0,
dairy_and_eggs,Yoplait,Minigo 3% MF  Fresh Cheese Blueberry/Strawberry/Vanilla ,YoplaitMinigo 3% MF  Fresh Cheese Blueberry/Strawberry/Vanilla 6x60.0 g,$4.79ea,,$1.33/ 100g,False,544.0,
dairy_and_eggs,Yoplait,Source Vanilla  Yogurt 0% MF,YoplaitSource Vanilla  Yogurt 0% MF630 g,$4.79ea,,$0.76/ 100g,False,545.0,
dairy_and_eggs,Liberte,3.25% Goat Milk,Liberte3.25% Goat Milk4 l,$12.99ea,,$0.32/ 100ml,False,546.0,
dairy_and_eggs,Activia,"Probiotic Yogurt, Mixed Berries, Drinkable Yogurt, 8 Pack","ActiviaProbiotic Yogurt, Mixed Berries, Drinkable Yogurt, 8 Pack8x93.0 ml",$8.49ea,,$1.14/ 100ml,False,547.0,
dairy_and_eggs,Yoplait,Source Cherry Yogurt 0% MF,YoplaitSource Cherry Yogurt 0% MF630 g,$4.79ea,,$0.76/ 100g,False,548.0,
dairy_and_eggs,Yoplait,Source Strawberry 0% MF,YoplaitSource Strawberry 0% MF630 g,$4.79ea,,$0.76/ 100g,False,549.0,
dairy_and_eggs,No Name,Farmer's Marble Cheese,No NameFarmer's Marble Cheese700 g,$9.99ea,,$1.43/ 100g,False,550.0,
dairy_and_eggs,Liberte,Greek Vanilla 2% MF Yogurt,LiberteGreek Vanilla 2% MF Yogurt750 g,$6.49ea,,$0.87/ 100g,False,551.0,
dairy_and_eggs,Yoplait,Strawberry Banana Yogurt,YoplaitStrawberry Banana Yogurt8x93.0 ml,$7.49ea,,$1.01/ 100ml,False,552.0,
dairy_and_eggs,Liberte,Goat Milk 3.25% M.F,LiberteGoat Milk 3.25% M.F1 l,$5.49ea,,$0.55/ 100ml,False,553.0,
dairy_and_eggs,Pillsbury,Grands Cookie Dough Chocolate Chip,PillsburyGrands Cookie Dough Chocolate Chip454 g,$5.29ea,,$1.17/ 100g,False,554.0,
dairy_and_eggs,Activia,"Probiotic Yogurt, Strawberry Rhubarb Flavour","ActiviaProbiotic Yogurt, Strawberry Rhubarb Flavour650 g",$4.79ea,$3.99ea,$0.61/ 100g,True,555.0,saleEnds 03/15
dairy_and_eggs,Organic Meadow,"Organic Butter, Unsalted","Organic MeadowOrganic Butter, Unsalted454 g",$11.99ea,,$2.64/ 100g,False,556.0,
dairy_and_eggs,Burnbrae Farms,"Egg Creations! Whole Eggs, Original","Burnbrae FarmsEgg Creations! Whole Eggs, Original500 g",$5.29ea,,$1.06/ 100g,False,557.0,
dairy_and_eggs,Gay Lea,"Sour Cream, Regular 14%","Gay LeaSour Cream, Regular 14%500 ml",$4.49ea,,$0.90/ 100ml,False,558.0,
dairy_and_eggs,Armstrong,Natural Swiss Cheese Slice,ArmstrongNatural Swiss Cheese Slice220 g,$6.49ea,,$2.95/ 100g,False,559.0,
dairy_and_eggs,Neilson,Buttermilk,NeilsonButtermilk1 l,$4.49ea,,$0.45/ 100ml,False,560.0,
dairy_and_eggs,President's Choice,Shredded Pizza Mozzarella Cheese,President's ChoiceShredded Pizza Mozzarella Cheese620 g,$12.49ea,,$2.01/ 100g,False,561.0,
dairy_and_eggs,Silk,"Dairy-Free Whipping Cream Alternative, Coconut based","SilkDairy-Free Whipping Cream Alternative, Coconut based473 ml",$5.49ea,,$1.16/ 100ml,False,562.0,
dairy_and_eggs,Earth Island,Alternative Sour Cream,Earth IslandAlternative Sour Cream473 ml,$11.99ea,,$2.53/ 100ml,False,563.0,
dairy_and_eggs,President's Choice,Tre Formaggi Shredded Cheese Blend,President's ChoiceTre Formaggi Shredded Cheese Blend620 g,$12.49ea,,$2.01/ 100g,False,564.0,
dairy_and_eggs,Black Diamond,Natural Shredded Cheese Mozza Cheddar 24% M.F.,Black DiamondNatural Shredded Cheese Mozza Cheddar 24% M.F.320 g,$6.99ea,,$2.18/ 100g,False,565.0,
dairy_and_eggs,Earth Balance,Soy Free Buttery Spread    ,Earth BalanceSoy Free Buttery Spread    425 g,$5.99ea,,$1.41/ 100g,False,566.0,
dairy_and_eggs,Yoplait,Drinkable Yogurt 1% M.F.,YoplaitDrinkable Yogurt 1% M.F.12x200.0 ml,$14.99ea,,$0.62/ 100ml,False,567.0,
dairy_and_eggs,IOGO,"Nano Drinkable Yogurt, Raspberry","IOGONano Drinkable Yogurt, Raspberry6x93.0 ml",$4.99ea,,$0.89/ 100ml,False,568.0,
dairy_and_eggs,Danone,Oikos Yogurt Extra Creamy Key Lime 9% M.F.,DanoneOikos Yogurt Extra Creamy Key Lime 9% M.F.650 g,$7.99ea,,$1.23/ 100g,False,569.0,
dairy_and_eggs,Oikos,"Extra Creamy Greek Yogurt, Banana Chocolate Flavour, 4% Mf","OikosExtra Creamy Greek Yogurt, Banana Chocolate Flavour, 4% Mf4x95.0 g",$4.79ea,,$1.26/ 100g,False,570.0,
dairy_and_eggs,President's Choice,Lactose Free Plain 2%  M.F. Yogurt,President's ChoiceLactose Free Plain 2%  M.F. Yogurt750 g,$3.79ea,,$0.51/ 100g,False,571.0,
dairy_and_eggs,Activia,"Probiotic Yogurt, Blueberry/Vanilla","ActiviaProbiotic Yogurt, Blueberry/Vanilla12x100.0 g",$8.99ea,,$0.75/ 100g,False,572.0,
dairy_and_eggs,IOGO,"Fat Free Yogurt, Strawberry, Blueberry, Peach, Vanilla","IOGOFat Free Yogurt, Strawberry, Blueberry, Peach, Vanilla16x100.0 g",$8.99ea,,$0.56/ 100g,False,573.0,
dairy_and_eggs,Activia,"Probiotic Yogurt, Raspberry/Apple/Blackberry/Strawberry Flavour, 12XG","ActiviaProbiotic Yogurt, Raspberry/Apple/Blackberry/Strawberry Flavour, 12XG12x100.0 g",$8.99ea,,$0.75/ 100g,False,574.0,
dairy_and_eggs,Yoplait,Yop Drinkable Yogurt Strawberry Banana Flavour 1% M.F.,YoplaitYop Drinkable Yogurt Strawberry Banana Flavour 1% M.F.1.2 l,$8.99ea,,$0.75/ 100ml,False,575.0,
dairy_and_eggs,Oikos,"Greek Yogurt, Strawberry-Banana Flavour, Blended, 2% M.F.","OikosGreek Yogurt, Strawberry-Banana Flavour, Blended, 2% M.F.4x100.0 g",$4.79ea,,$1.20/ 100g,False,576.0,
dairy_and_eggs,IOGO,"Nano Yogurt, Peach 1%","IOGONano Yogurt, Peach 1%6x93.0 ml",$4.99ea,,$0.89/ 100ml,False,577.0,
dairy_and_eggs,Oikos,"Fat Free Greek Yogurt, 30% Less Sugar, Peach Flavour, Blended","OikosFat Free Greek Yogurt, 30% Less Sugar, Peach Flavour, Blended4x100.0 g",$4.79ea,,$1.20/ 100g,False,578.0,
dairy_and_eggs,Oikos,"Greek Yogurt, Plain, No Added Sugar, 2% Mf, Value Tub","OikosGreek Yogurt, Plain, No Added Sugar, 2% Mf, Value Tub750 g",$7.49ea,$6.99ea,$0.93/ 100g,True,579.0,saleEnds 03/15
dairy_and_eggs,Activia,"Probiotic Yogurt, Strawberry Rhubarb Flavour","ActiviaProbiotic Yogurt, Strawberry Rhubarb Flavour650 g",$4.79ea,$3.99ea,$0.61/ 100g,True,580.0,saleEnds 03/15
dairy_and_eggs,Violife, Cheddar Style Shreds,Violife Cheddar Style Shreds227 g,$6.99ea,,$3.08/ 100g,False,581.0,
dairy_and_eggs,Olympic,"Organic Yogurt, Plain 3.5%","OlympicOrganic Yogurt, Plain 3.5%650 g",$4.99ea,,$0.77/ 100g,False,582.0,
dairy_and_eggs,Califia Farms,Barista Blend,Califia FarmsBarista Blend946 ml,$6.49ea,,$0.69/ 100ml,False,583.0,
dairy_and_eggs,President's Choice,Shredded Pizza Mozzarella Cheese,President's ChoiceShredded Pizza Mozzarella Cheese620 g,$12.49ea,,$2.01/ 100g,False,584.0,
dairy_and_eggs,Silk,"Dairy-Free Whipping Cream Alternative, Coconut based","SilkDairy-Free Whipping Cream Alternative, Coconut based473 ml",$5.49ea,,$1.16/ 100ml,False,585.0,
dairy_and_eggs,President's Choice,Tre Formaggi Shredded Cheese Blend,President's ChoiceTre Formaggi Shredded Cheese Blend620 g,$12.49ea,,$2.01/ 100g,False,586.0,
dairy_and_eggs,Black Diamond,Natural Shredded Cheese Mozza Cheddar 24% M.F.,Black DiamondNatural Shredded Cheese Mozza Cheddar 24% M.F.320 g,$6.99ea,,$2.18/ 100g,False,587.0,
dairy_and_eggs,Woolwich,Dairy Goat Milk Unsalted Butter,WoolwichDairy Goat Milk Unsalted Butter250 g,$7.49ea,,$3.00/ 100g,False,588.0,
dairy_and_eggs,Black Diamond,Marble Cheddar Cheese Sticks,Black DiamondMarble Cheddar Cheese Sticks252 g,$7.29ea,,$2.89/ 100g,False,589.0,
dairy_and_eggs,Earth Island,Cheddar Cheese Slices,Earth IslandCheddar Cheese Slices200 g,$8.99ea,,$4.50/ 100g,False,590.0,
dairy_and_eggs,Tre Stelle,Tre Stelle Organic Cream Cheese Spread,Tre StelleTre Stelle Organic Cream Cheese Spread200 g,$4.49ea,,$2.25/ 100g,False,591.0,
dairy_and_eggs,Woolwich,Dairy Goat Milk Sea Salted Butter,WoolwichDairy Goat Milk Sea Salted Butter250 g,$7.49ea,,$3.00/ 100g,False,592.0,
dairy_and_eggs,Olympic,Yogurt-French Vanilla,OlympicYogurt-French Vanilla1.75 kg,$12.99ea,,$0.74/ 100g,False,593.0,
dairy_and_eggs,Earth Island,Alternative Sour Cream,Earth IslandAlternative Sour Cream473 ml,$11.99ea,,$2.53/ 100ml,False,594.0,
dairy_and_eggs,Activia,"Yogurt With Probiotics, Vanilla Flavour Lactose-Free","ActiviaYogurt With Probiotics, Vanilla Flavour Lactose-Free8x100.0 g",$6.99ea,,$0.87/ 100g,False,595.0,
dairy_and_eggs,Derlea,Garlic Spread,DerleaGarlic Spread250 g,$2.99ea,,$1.20/ 100g,False,596.0,
dairy_and_eggs,Becel,Margarine with Olive Oil,BecelMargarine with Olive Oil454 g,$5.49ea,,$1.29/ 100g,False,597.0,
dairy_and_eggs,Cracker Barrel,Shreds Tex Mex,Cracker BarrelShreds Tex Mex320 g,$7.99ea,,$2.50/ 100g,False,598.0,
dairy_and_eggs,PC Organics,Organic Free-Range Large Brown Eggs,PC OrganicsOrganic Free-Range Large Brown Eggs12 eggs,$7.49ea,,$0.62/ 1ea,False,599.0,
dairy_and_eggs,PC Organics,Organic 14% M.F. Sour Cream,PC OrganicsOrganic 14% M.F. Sour Cream500 g,$5.29ea,,$1.06/ 100g,False,600.0,
dairy_and_eggs,No Name,5% M.F. Light Sour Cream,No Name5% M.F. Light Sour Cream500 ml,$3.99ea,,$0.80/ 100ml,False,601.0,
dairy_and_eggs,Lactantia,Chocolate Milk,LactantiaChocolate Milk1.5 l,$5.59ea,,$0.37/ 100ml,False,602.0,
dairy_and_eggs,Liberte,Classique Class Plain 0% MF Yogurt,LiberteClassique Class Plain 0% MF Yogurt650 g,$4.49ea,,$0.69/ 100g,False,603.0,
dairy_and_eggs,Yoplait,Source Fieldberry Yogurt 0% MF,YoplaitSource Fieldberry Yogurt 0% MF630 g,$4.79ea,,$0.76/ 100g,False,604.0,
dairy_and_eggs,Lactantia,Ultrapūr Dairy Product 3.25% M.F.,LactantiaUltrapūr Dairy Product 3.25% M.F.1.5 l,$5.59ea,,$0.37/ 100ml,False,605.0,
dairy_and_eggs,Pillsbury,Grands! Cinnamon Rolls Flaky Supreme with Icing,PillsburyGrands! Cinnamon Rolls Flaky Supreme with Icing468 g,$5.29ea,,$1.07/ 100g,False,606.0,
dairy_and_eggs,Liberte,Greek Plain 0% MF Yogurt,LiberteGreek Plain 0% MF Yogurt750 g,$6.49ea,,$0.87/ 100g,False,607.0,
dairy_and_eggs,Organic Meadow,"Kéfir, Plain","Organic MeadowKéfir, Plain1 l",$7.49ea,,$0.75/ 100ml,False,608.0,
dairy_and_eggs,President's Choice,Parmesan Shredded Cheese,President's ChoiceParmesan Shredded Cheese250 g,$6.49ea,,$2.60/ 100g,False,609.0,
dairy_and_eggs,PC Organics,"Organic Cheese, Marble Cheddar","PC OrganicsOrganic Cheese, Marble Cheddar200 g",$6.49ea,,$3.25/ 100g,False,610.0,
dairy_and_eggs,President's Choice,Plain 3% M.F. Yogurt,President's ChoicePlain 3% M.F. Yogurt750 g,$3.79ea,,$0.51/ 100g,False,611.0,
dairy_and_eggs,Oikos,"Greek Yogurtimited Edition, Vanilla Chai Flavour, 4X100G","OikosGreek Yogurtimited Edition, Vanilla Chai Flavour, 4X100G4x100.0 g",$4.79ea,,$1.20/ 100g,False,612.0,
dairy_and_eggs,Silk,"Oat Yogurt Style, Plainluten Free, Vegan","SilkOat Yogurt Style, Plainluten Free, Vegan640 g",$7.49ea,,$1.17/ 100g,False,613.0,
dairy_and_eggs,PC Organics,"Organic Cheese, Medium Cheddar","PC OrganicsOrganic Cheese, Medium Cheddar200 g",$6.49ea,,$3.25/ 100g,False,614.0,
dairy_and_eggs,IOGO,Nanö Drinkable Yogurt Strawberry 1 % M.F.,IOGONanö Drinkable Yogurt Strawberry 1 % M.F.900 ml,$5.99ea,,$0.67/ 100ml,False,615.0,
dairy_and_eggs,Activia,"Probiotic Yogurt, 4X Blueberry, 4X Strawberry & Rhubarb, 8 Pack","ActiviaProbiotic Yogurt, 4X Blueberry, 4X Strawberry & Rhubarb, 8 Pack8x100.0 g",$6.99ea,,$0.87/ 100g,False,616.0,
dairy_and_eggs,Activia,"Yogurt With Probiotics, Pear Flavour Tub","ActiviaYogurt With Probiotics, Pear Flavour Tub650 g",$4.99ea,,$0.77/ 100g,False,617.0,
dairy_and_eggs,Activia,"Yogurt With Probiotics, Cherry Flavour","ActiviaYogurt With Probiotics, Cherry Flavour650 g",$4.79ea,$3.99ea,$0.61/ 100g,True,618.0,saleEnds 03/15
dairy_and_eggs,IOGO,Nano Yogurt Vanilla,IOGONano Yogurt Vanilla900 ml,$5.99ea,,$0.67/ 100ml,False,619.0,
dairy_and_eggs,Activia,"Yogurt With Probiotics & Fibre, 3X Vanilla, 3X Blueberry, 3X Peach, 3X Strawberry Kiwi,","ActiviaYogurt With Probiotics & Fibre, 3X Vanilla, 3X Blueberry, 3X Peach, 3X Strawberry Kiwi,12x100.0 g",$8.99ea,,$0.75/ 100g,False,620.0,
dairy_and_eggs,Activia,"Yogurt With Probiotics, Raspberry Flavour","ActiviaYogurt With Probiotics, Raspberry Flavour650 g",$4.79ea,$3.99ea,$0.61/ 100g,True,621.0,saleEnds 03/15
dairy_and_eggs,IOGO,"Yogurt Duo, Pineapple-Coconut-Banana, Raspberry, Orange-Mandarin, Peach-Mango","IOGOYogurt Duo, Pineapple-Coconut-Banana, Raspberry, Orange-Mandarin, Peach-Mango16x100.0 g",$8.99ea,,$0.56/ 100g,False,622.0,
dairy_and_eggs,IOGO,3.2% Canadian Harvest Cherry Yogurt,IOGO3.2% Canadian Harvest Cherry Yogurt650 g,$4.79ea,,$0.74/ 100g,False,623.0,
dairy_and_eggs,Activia,"Yogurt With Probiotics, Strawberry, Raspberry, Vanilla, Blueberry Flavour, 24XG","ActiviaYogurt With Probiotics, Strawberry, Raspberry, Vanilla, Blueberry Flavour, 24XG24x100.0 g",$14.99ea,,$0.62/ 100g,False,624.0,
dairy_and_eggs,Activia,"Yogurt With Probiotics, Vanilla Flavour","ActiviaYogurt With Probiotics, Vanilla Flavour8x100.0 g",$6.99ea,,$0.87/ 100g,False,625.0,
dairy_and_eggs,Activia,"Yogurt With Probiotics, Strawberry Flavour","ActiviaYogurt With Probiotics, Strawberry Flavour12x100.0 g",$8.99ea,,$0.75/ 100g,False,626.0,
dairy_and_eggs,President's Choice,Lactose Free Plain Greek Yogurt,President's ChoiceLactose Free Plain Greek Yogurt750 g,$6.99ea,,$0.93/ 100g,False,627.0,
dairy_and_eggs,Riviera,Oat Based Vegan Delight Plain,RivieraOat Based Vegan Delight Plain650 g,$7.49ea,,$1.15/ 100g,False,628.0,
dairy_and_eggs,Liberte,Greek 5% M.F Plain Yogourt,LiberteGreek 5% M.F Plain Yogourt650 g,$6.49ea,,$1.00/ 100g,False,629.0,
dairy_and_eggs,Activia,"Yogurt With Probiotics, Cherry Flavour","ActiviaYogurt With Probiotics, Cherry Flavour650 g",$4.79ea,$3.99ea,$0.61/ 100g,True,630.0,saleEnds 03/15
dairy_and_eggs,IOGO,Nano Yogurt Vanilla,IOGONano Yogurt Vanilla900 ml,$5.99ea,,$0.67/ 100ml,False,631.0,
dairy_and_eggs,Activia,"Yogurt With Probiotics, Strawberry, Raspberry, Vanilla, Blueberry Flavour, 24XG","ActiviaYogurt With Probiotics, Strawberry, Raspberry, Vanilla, Blueberry Flavour, 24XG24x100.0 g",$14.99ea,,$0.62/ 100g,False,632.0,
dairy_and_eggs,Oikos,"Greek Yogurt, Variety Pack, Raspberry-Pomegranate / Key Lime / Vanilla / Strawberry Banana, Blended 2% M.F.","OikosGreek Yogurt, Variety Pack, Raspberry-Pomegranate / Key Lime / Vanilla / Strawberry Banana, Blended 2% M.F.12x100.0 g",$11.49ea,,$0.96/ 100g,False,633.0,
dairy_and_eggs,PC Organics,Organic Partly Skimmed 1% Milk,PC OrganicsOrganic Partly Skimmed 1% Milk2 l,$7.09ea,,$0.35/ 100ml,False,634.0,
dairy_and_eggs,Yoplait,Lactose Free Mango,YoplaitLactose Free Mango200 ml,$1.69ea,,$0.85/ 100ml,False,635.0,
dairy_and_eggs,Danone,"Danino Strawberry-Banana Flavoured Paw Patrol Yogurt Drink For Kids, 6X93","DanoneDanino Strawberry-Banana Flavoured Paw Patrol Yogurt Drink For Kids, 6X93558 ml",$5.79ea,,$1.04/ 100ml,False,636.0,
dairy_and_eggs,Danone,"Extra Creamy Greek Yogurt, Vanilla, Blended, 9% M.F.","DanoneExtra Creamy Greek Yogurt, Vanilla, Blended, 9% M.F.650 g",$7.99ea,,$1.23/ 100g,False,637.0,
dairy_and_eggs,Cracker Barrel,Shreds 3 Cheese Mexicana,Cracker BarrelShreds 3 Cheese Mexicana320 g,$7.99ea,,$2.50/ 100g,False,638.0,
dairy_and_eggs,Cracker Barrel,Shreds Mozza Cheddar,Cracker BarrelShreds Mozza Cheddar320 g,$7.99ea,,$2.50/ 100g,False,639.0,
dairy_and_eggs,Activia,"Yogurt With Probiotics Lactose Free, Vanilla, Strawberry, Raspberry, Cherry Flavour","ActiviaYogurt With Probiotics Lactose Free, Vanilla, Strawberry, Raspberry, Cherry Flavour12x100.0 g",$8.99ea,,$0.75/ 100g,False,640.0,
dairy_and_eggs,Lactantia,Whole Milk Organic 3.8% M.F.,LactantiaWhole Milk Organic 3.8% M.F.1.5 l,$6.29ea,,$0.42/ 100ml,False,641.0,
dairy_and_eggs,Liberte,Greek Vanilla Bean 5% MF Yogurt,LiberteGreek Vanilla Bean 5% MF Yogurt4x100.0 g,$5.49ea,,$1.37/ 100g,False,642.0,
dairy_and_eggs,Pillsbury,Holiday Premium Edition Cookies,PillsburyHoliday Premium Edition Cookies396 g,$4.49ea,,$1.13/ 100g,False,643.0,
dairy_and_eggs,Liberte,"Goat Milk, 2%","LiberteGoat Milk, 2%1 l",$5.49ea,,$0.55/ 100ml,False,644.0,
dairy_and_eggs,Yoplait,Source Peach Yogurt 0% MF,YoplaitSource Peach Yogurt 0% MF630 g,$4.79ea,,$0.76/ 100g,False,645.0,
dairy_and_eggs,Beatrice,Protein Milk Chocolate,BeatriceProtein Milk Chocolate460 ml,$3.49ea,,$0.76/ 100ml,False,646.0,
dairy_and_eggs,Liberte,Greek Raspberry 5% MF Yogurt,LiberteGreek Raspberry 5% MF Yogurt4x100.0 g,$5.49ea,,$1.37/ 100g,False,647.0,
dairy_and_eggs,Activia,"Immune System, Probiotic Yogurt Drink, Strawberry Drinkable Yogurt, 8 Pack","ActiviaImmune System, Probiotic Yogurt Drink, Strawberry Drinkable Yogurt, 8 Pack8x93.0 ml",$8.49ea,,$1.14/ 100ml,False,648.0,
dairy_and_eggs,Lactantia,Partly Skimmed Milk Organic 1% M.F.,LactantiaPartly Skimmed Milk Organic 1% M.F.1.5 l,$6.29ea,,$0.42/ 100ml,False,649.0,
dairy_and_eggs,Pillsbury,Grands Cinnamon Rolls Regular   ,PillsburyGrands Cinnamon Rolls Regular   496 g,$5.29ea,,$1.07/ 100g,False,650.0,
dairy_and_eggs,Yoplait,Minigo 3% MF Fresh Cheese Strawberry/Strawberry-Vanilla/Strawberry-Banana,YoplaitMinigo 3% MF Fresh Cheese Strawberry/Strawberry-Vanilla/Strawberry-Banana6x60.0 g,$4.79ea,,$1.33/ 100g,False,651.0,
dairy_and_eggs,Liberte,Yogourt Black Cherry 9 % M.F.,LiberteYogourt Black Cherry 9 % M.F.4x100.0 g,$5.49ea,,$1.37/ 100g,False,652.0,
dairy_and_eggs,Pillsbury,Chub Chocolate Chunk Cookie   ,PillsburyChub Chocolate Chunk Cookie   468 g,$4.49ea,,$0.96/ 100g,False,653.0,
dairy_and_eggs,President's Choice,Lactose Free Nacho Shredded Cheese Blend,President's ChoiceLactose Free Nacho Shredded Cheese Blend320 g,$6.49ea,,$2.03/ 100g,False,654.0,
dairy_and_eggs,No Name,Farmer's Marble Cheese ,No NameFarmer's Marble Cheese 200 g,$3.99ea,,$2.00/ 100g,False,655.0,
dairy_and_eggs,Woolwich,Partially Skimmed Goat Milk 2%,WoolwichPartially Skimmed Goat Milk 2%1 l,$4.59ea,,$0.46/ 100ml,False,656.0,
dairy_and_eggs,Yoplait,"Yogurt Tubes, Strawberry Banana & Fruit Punch","YoplaitYogurt Tubes, Strawberry Banana & Fruit Punch8x56.0 g",$4.79ea,,$1.07/ 100g,False,657.0,
dairy_and_eggs,Astro,"Original Balkan Style Yogurt, Plain 2%","AstroOriginal Balkan Style Yogurt, Plain 2%750 g",$4.99ea,,$0.67/ 100g,False,658.0,
dairy_and_eggs,Yoplait,Vanilla Yogurt,YoplaitVanilla Yogurt200 ml,$1.69ea,,$0.85/ 100ml,False,659.0,
dairy_and_eggs,Liberte,Greek Peach 2% MF Yogurt,LiberteGreek Peach 2% MF Yogurt750 g,$6.49ea,,$0.87/ 100g,False,660.0,
dairy_and_eggs,Oikos,"High Protein Greek Yogurt, Zesty Lemon & Lime Flavour, Blended, Value Tub","OikosHigh Protein Greek Yogurt, Zesty Lemon & Lime Flavour, Blended, Value Tub650 g",$7.49ea,$6.99ea,$1.08/ 100g,True,661.0,saleEnds 03/15
dairy_and_eggs,Violife,Mature Cheddar Style Slices,ViolifeMature Cheddar Style Slices200 g,$6.99ea,,$3.50/ 100g,False,662.0,
dairy_and_eggs,President's Choice,Plain Kefir Probiotic Fermented 1% M.F. Milk,President's ChoicePlain Kefir Probiotic Fermented 1% M.F. Milk1 l,$4.99ea,,$0.50/ 100ml,False,663.0,
dairy_and_eggs,Silk,"Coconut Yogurt Style, Raspberry Flavour, Plant Based Dairy Free Yogurt","SilkCoconut Yogurt Style, Raspberry Flavour, Plant Based Dairy Free Yogurt680 g",$7.49ea,,$1.10/ 100g,False,664.0,
dairy_and_eggs,Yoplait,Yop Drinkable Yogurt Tropical Flavour,YoplaitYop Drinkable Yogurt Tropical Flavour200 ml,$1.69ea,,$0.85/ 100ml,False,665.0,
dairy_and_eggs,Oikos,"Drinkable Greek Yogurt With Vanilla, Apricot, Oats, & Seeds, 9G Protein","OikosDrinkable Greek Yogurt With Vanilla, Apricot, Oats, & Seeds, 9G Protein190 ml",$2.29ea,,$1.21/ 100ml,False,666.0,
dairy_and_eggs,Activia,"Yogurt With Probiotics, Strawberry Flavour","ActiviaYogurt With Probiotics, Strawberry Flavour650 g",$4.79ea,$3.99ea,$0.61/ 100g,True,667.0,saleEnds 03/15
dairy_and_eggs,Activia,"Probiotic Yogurt, Blackberry, Blueberry, Blackcurrent, Berries, 12XG","ActiviaProbiotic Yogurt, Blackberry, Blueberry, Blackcurrent, Berries, 12XG12x100.0 g",$8.99ea,,$0.75/ 100g,False,668.0,
dairy_and_eggs,Danone,"Encanto Yoghurt Drink, Vanilla, 6 Bottles","DanoneEncanto Yoghurt Drink, Vanilla, 6 Bottles558 ml",$5.79ea,,$1.04/ 100ml,False,669.0,
dairy_and_eggs,Activia,"Probiotic Yogurt With Fibre, Vanilla Flavour With Oats, Almonds, Pumpkin Seeds And Dried Cranberries, 3 Pack","ActiviaProbiotic Yogurt With Fibre, Vanilla Flavour With Oats, Almonds, Pumpkin Seeds And Dried Cranberries, 3 Pack3x150.0 g",$6.99ea,,$1.55/ 100g,False,670.0,
dairy_and_eggs,Liberte,Greek Vanilla Large Size 0 % M.F. Yogourt,LiberteGreek Vanilla Large Size 0 % M.F. Yogourt1 kg,$10.79ea,,$1.08/ 100g,False,671.0,
dairy_and_eggs,PC Organics,Organic Fresh Skim Milk,PC OrganicsOrganic Fresh Skim Milk2 l,$7.09ea,,$0.35/ 100ml,False,672.0,
dairy_and_eggs,Activia,"Yogurt With Probiotics, Fieldberry Flavour Tub","ActiviaYogurt With Probiotics, Fieldberry Flavour Tub650 g",$4.79ea,$3.99ea,$0.61/ 100g,True,673.0,saleEnds 03/15
dairy_and_eggs,Activia,"Yogurt With Probiotics Lactose Free, Strawberry, Blueberry, Peach, Mango Flavour, 12XG","ActiviaYogurt With Probiotics Lactose Free, Strawberry, Blueberry, Peach, Mango Flavour, 12XG12x100.0 g",$8.99ea,,$0.75/ 100g,False,674.0,
dairy_and_eggs,Danone,"Danino Strawberry Flavoured Drinkable Yogurt, 6 Bottles","DanoneDanino Strawberry Flavoured Drinkable Yogurt, 6 Bottles558 ml",$5.79ea,,$1.04/ 100ml,False,675.0,
dairy_and_eggs,Activia,"Yogurt With Probiotics, Lemon & Pineapple Flavour","ActiviaYogurt With Probiotics, Lemon & Pineapple Flavour8x100.0 g",$6.99ea,,$0.87/ 100g,False,676.0,
dairy_and_eggs,Liberte,Classique Strawberry 2.9%%,LiberteClassique Strawberry 2.9%%650 g,$4.49ea,,$0.69/ 100g,False,677.0,
dairy_and_eggs,Liberte,Greek Lactose Free Vanilla 0% MF Yogurt,LiberteGreek Lactose Free Vanilla 0% MF Yogurt750 g,$6.49ea,,$0.87/ 100g,False,678.0,
dairy_and_eggs,Lactantia,Ultrapūr Dairy Product 0% M.F.,LactantiaUltrapūr Dairy Product 0% M.F.1.5 l,$5.59ea,,$0.37/ 100ml,False,679.0,
dairy_and_eggs,Liberte,Greek Vanilla 0% MF Yogurt,LiberteGreek Vanilla 0% MF Yogurt750 g,$6.49ea,,$0.87/ 100g,False,680.0,
dairy_and_eggs,Liberte,Greek Plain 2% MF Yogurt,LiberteGreek Plain 2% MF Yogurt750 g,$6.49ea,,$0.87/ 100g,False,681.0,
dairy_and_eggs,Yoplait,Source Blueberry/Strawberry/Blackberry/Nectarine  0% MF Yogurt,YoplaitSource Blueberry/Strawberry/Blackberry/Nectarine  0% MF Yogurt16x100.0 g,$6.49ea,,$0.41/ 100g,False,682.0,
dairy_and_eggs,Kraft,Singles Original Slices,KraftSingles Original Slices825 g,$10.99ea,,$1.33/ 100g,False,683.0,
dairy_and_eggs,Liberte,Greek Lactose Free Plain 0% MF Yogurt,LiberteGreek Lactose Free Plain 0% MF Yogurt750 g,$6.49ea,,$0.87/ 100g,False,684.0,
dairy_and_eggs,Pillsbury,Crescents Flaky Rolls,PillsburyCrescents Flaky Rolls340 g,$4.49ea,,$1.32/ 100g,False,685.0,
dairy_and_eggs,Liberte,Greek Yogourt Pineapple 2 % M.F.,LiberteGreek Yogourt Pineapple 2 % M.F.650 g,$6.49ea,,$1.00/ 100g,False,686.0,
dairy_and_eggs,Pillsbury,Grands! Crescents,PillsburyGrands! Crescents318 g,$4.49ea,,$1.41/ 100g,False,687.0,
dairy_and_eggs,No Name,Old Cheddar Cheese,No NameOld Cheddar Cheese700 g,$9.99ea,,$1.43/ 100g,False,688.0,
dairy_and_eggs,Lactantia,Organic 2% M.F.,LactantiaOrganic 2% M.F.1.5 l,$6.29ea,,$0.42/ 100ml,False,689.0,
dairy_and_eggs,Liberte,Greek Vanilla 0% MF Yogurt,LiberteGreek Vanilla 0% MF Yogurt4x100.0 g,$5.49ea,,$1.37/ 100g,False,690.0,
dairy_and_eggs,Pillsbury,Country Biscuits,PillsburyCountry Biscuits340 g,$4.49ea,,$1.32/ 100g,False,691.0,
dairy_and_eggs,Pillsbury,Flaky Real Apple Turnovers,PillsburyFlaky Real Apple Turnovers383 g,$4.49ea,,$1.17/ 100g,False,692.0,
dairy_and_eggs,Pillsbury,"Wiener Wrap, Regular","PillsburyWiener Wrap, Regular200 g",$3.19ea,,$1.60/ 100g,False,693.0,
dairy_and_eggs,Organic Meadow,"Organic Yogurt, Plain 3.8%","Organic MeadowOrganic Yogurt, Plain 3.8%750 g",$7.49ea,,$1.00/ 100g,False,694.0,
dairy_and_eggs,Yoplait,Yop Drinkable Yogurt Peach Flavour 1% M.F.,YoplaitYop Drinkable Yogurt Peach Flavour 1% M.F.200 ml,$1.69ea,,$0.85/ 100ml,False,695.0,
dairy_and_eggs,PC Organics,"Organic Kefir Milk, Strawberry","PC OrganicsOrganic Kefir Milk, Strawberry1000 ml",$5.49ea,,$0.55/ 100ml,False,696.0,
dairy_and_eggs,Oikos,"Extra Creamy Greek Yogurtemon Meringue Flavour, 4% Mf","OikosExtra Creamy Greek Yogurtemon Meringue Flavour, 4% Mf4x95.0 g",$4.79ea,,$1.26/ 100g,False,697.0,
dairy_and_eggs,President's Choice,Vanilla Greek Yogurt,President's ChoiceVanilla Greek Yogurt750 g,$6.99ea,,$0.93/ 100g,False,698.0,
dairy_and_eggs,IOGO,Yogurt 1.5% M.F. Variety Pack,IOGOYogurt 1.5% M.F. Variety Pack16x100.0 g,$8.99ea,,$0.56/ 100g,False,699.0,
dairy_and_eggs,PC Organics,Organic Skyr Yogurt 0% Mf Plain,PC OrganicsOrganic Skyr Yogurt 0% Mf Plain500 g,$5.49ea,,$1.10/ 100g,False,700.0,
dairy_and_eggs,Nestle,Coffee Mate Liquid Creamer Caramel Macchiato,NestleCoffee Mate Liquid Creamer Caramel Macchiato946 ml,$6.49ea,$5.49ea,$0.58/ 100ml,True,701.0,saleEnds 03/15
dairy_and_eggs,President's Choice,Black Cherry 0% M.F. Greek Yogurt ,President's ChoiceBlack Cherry 0% M.F. Greek Yogurt 4x100.0 g,$4.49ea,,$1.12/ 100g,False,702.0,
dairy_and_eggs,siggi's,"Yogurt, Plain 0% M.F. Icelandic Skyr Thick Yogourt","siggi'sYogurt, Plain 0% M.F. Icelandic Skyr Thick Yogourt750 g",$7.79ea,,$1.04/ 100g,False,703.0,
dairy_and_eggs,President's Choice,"Yogurt, Strawberry, Vanilla, Blueberry & Apple Creamy Stirred ","President's ChoiceYogurt, Strawberry, Vanilla, Blueberry & Apple Creamy Stirred 16x100.0 g",$6.99ea,,$0.44/ 100g,False,704.0,
dairy_and_eggs,Liberte,Greek Plain 0% MF Yogurt,LiberteGreek Plain 0% MF Yogurt1000 g,$10.79ea,,$1.08/ 100g,False,705.0,
dairy_and_eggs,Astro,Original Balkan Yogourt 4% M.F.,AstroOriginal Balkan Yogourt 4% M.F.12x100.0 g,$8.49ea,,$0.71/ 100g,False,706.0,
dairy_and_eggs,Savor,Grass Fed Unsalted Butter,SavorGrass Fed Unsalted Butter250 g,$7.99ea,,$3.20/ 100g,False,707.0,
dairy_and_eggs,Activia,"Yogurt With Probiotics Lactose-Free, Vanilla Flavour","ActiviaYogurt With Probiotics Lactose-Free, Vanilla Flavour650 g",$4.79ea,$3.99ea,$0.61/ 100g,True,708.0,saleEnds 03/15
dairy_and_eggs,No Name,Sour Cream 14%,No NameSour Cream 14%500 ml,$3.99ea,,$0.80/ 100ml,False,709.0,
dairy_and_eggs,Liberte,Yogourt Orchard Peach 9 % M.F.,LiberteYogourt Orchard Peach 9 % M.F.4x100.0 g,$5.49ea,,$1.37/ 100g,False,710.0,
dairy_and_eggs,Pillsbury,Crescents - Reduced Fat,PillsburyCrescents - Reduced Fat227 g,$3.19ea,,$1.41/ 100g,False,711.0,
dairy_and_eggs,Activia,"Immune System, Probiotic Drinkable Yogurt, Strawberry Banana, 8X","ActiviaImmune System, Probiotic Drinkable Yogurt, Strawberry Banana, 8X8x93.0 ml",$8.49ea,,$1.14/ 100ml,False,712.0,
dairy_and_eggs,No Name,"Cottage Cheese, 2% M.F.","No NameCottage Cheese, 2% M.F.500 g",$4.99ea,,$1.00/ 100g,False,713.0,
dairy_and_eggs,Liberte,Greek Lemon 2% MF Yogurt,LiberteGreek Lemon 2% MF Yogurt4x100.0 g,$5.49ea,,$1.37/ 100g,False,714.0,
dairy_and_eggs,Pillsbury,Easy Roll Pie Crust   ,PillsburyEasy Roll Pie Crust   400 g,$4.49ea,,$1.12/ 100g,False,715.0,
dairy_and_eggs,Lactantia,Dairy Product 2% M.F.,LactantiaDairy Product 2% M.F.1.5 l,$5.59ea,,$0.37/ 100ml,False,716.0,
dairy_and_eggs,Liberte,Goat Milk 2%MF,LiberteGoat Milk 2%MF4 l,$12.99ea,,$0.32/ 100ml,False,717.0,
dairy_and_eggs,Liberte,Greek Coconut 2% MF Yogurt,LiberteGreek Coconut 2% MF Yogurt750 g,$6.49ea,,$0.87/ 100g,False,718.0,
