category,brand,product_text,product_name,price_text,sale_price,per_unit_price_text,is_sale
drinks,President's Choice,Orange Juice No Pulp,President's ChoiceOrange Juice No Pulp2.63 l,$5.99ea,,$0.23/ 100ml,False
drinks,President's Choice,Natural Spring Water 24 Pack,President's ChoiceNatural Spring Water 24 Pack24x500.0 ml,$3.99pack of 24,,$0.03/ 100ml,False
drinks,Nestle,Purelife Natural Spring Water,NestlePurelife Natural Spring Water24x500.0 ml,$5.79pack of 24,,$0.05/ 100ml,False
drinks,Allen's,Pure Apple Juice Low Acid,Allen'sPure Apple Juice Low Acid1 l,$2.29ea,,$0.23/ 100ml,False
drinks,President's Choice,Pulp Free Orange Juice,President's ChoicePulp Free Orange Juice1.54 l,$3.99ea,,$0.26/ 100ml,False
drinks,Simply,Pulp Free Orange Juice,SimplyPulp Free Orange Juice2.63 l,$9.49ea,,$0.36/ 100ml,False
drinks,Pepsi,Soda ,PepsiSoda 12x355.0 ml,$7.49ea,,$0.18/ 100ml,False
drinks,Coca-Cola,Cola  ,Coca-ColaCola  24x355.0 ml,$14.99pack of 24,,$0.18/ 100ml,False
drinks,Silk,"Oat Beverage, Unsweetened, Plant Based, Dairy Free","SilkOat Beverage, Unsweetened, Plant Based, Dairy Free1.75 l",$5.49ea,,$0.31/ 100ml,False
drinks,Silk,"Organic Soy Beverage, Unsweetened Original, Dairy-Free","SilkOrganic Soy Beverage, Unsweetened Original, Dairy-Free1.89 l",$5.49ea,,$0.29/ 100ml,False
drinks,PC Blue Menu,Lemon Sparkling Water,PC Blue MenuLemon Sparkling Water12x355.0 ml,$5.99ea,,$0.14/ 100ml,False
drinks,Oasis,Orange Pure Breakfast Juice,OasisOrange Pure Breakfast Juice960 ml,$1.79ea,,$0.19/ 100ml,False
drinks,PC Blue Menu,Blueberry Pomegranate Sparkling Water ,PC Blue MenuBlueberry Pomegranate Sparkling Water 12x355.0 ml,$5.99ea,,$0.14/ 100ml,False
drinks,Del Monte,Orange Juice Without Pulp,Del MonteOrange Juice Without Pulp2.5 l,$8.99ea,,$0.36/ 100ml,False
drinks,Perrier,Carbonated Natural Spring Water With Natural Strawberry Flavour,PerrierCarbonated Natural Spring Water With Natural Strawberry Flavour10x250.0 ml,$8.99pack of 10,,$0.36/ 100ml,False
drinks,Twinings,20ct Honeybush Mandarin Orange,Twinings20ct Honeybush Mandarin Orange20 ea,$6.49ea,,$0.32/ 1ea,False
drinks,Balzac's,Blend Whole Bean Coffee,Balzac'sBlend Whole Bean Coffee340 g,$16.99ea,,$5.00/ 100g,False
drinks,PC Blue Menu,Pineapple Coconut Sparkling Water,PC Blue MenuPineapple Coconut Sparkling Water1 l,$1.39ea,,$0.14/ 100ml,False
drinks,Crush,Liquid Water Enhancer Orange,CrushLiquid Water Enhancer Orange48 ml,$3.99ea,,$8.31/ 100ml,False
drinks,Earths Own,"Almond Fresh, Unsweetened Vanilla","Earths OwnAlmond Fresh, Unsweetened Vanilla1.89 l",$4.49ea,,$0.24/ 100ml,False
drinks,Tim Hortons,"K-Cup Coffee, Hazelnut","Tim HortonsK-Cup Coffee, Hazelnut120 g",$12.99ea,$9.99ea,$8.33/ 100g,True
drinks,Crystal Light,Low Calorie Drink Mix Tangerine Grapefruit,Crystal LightLow Calorie Drink Mix Tangerine Grapefruit54 g,$3.99ea,,$7.44/ 100g,False
drinks,President's Choice,"Coffee, Decaffeinated Vanilla Hazelnut Flavoured Single Serve  Pods","President's ChoiceCoffee, Decaffeinated Vanilla Hazelnut Flavoured Single Serve  Pods12 ea",$7.49ea,$6.99ea,$0.58/ 1ea,True
drinks,President's Choice,Gourmet Decaffeinated Medium Roast Coffee,President's ChoiceGourmet Decaffeinated Medium Roast Coffee340 g,$9.99ea,,$2.94/ 100g,False
drinks,Bai,Clementine Costa Rica,BaiClementine Costa Rica530 ml,$2.99ea,,$0.56/ 100ml,False
drinks,Remedy,Kombucha Ginger Lemon    ,RemedyKombucha Ginger Lemon    330 ml,$3.99ea,,$1.21/ 100ml,False
drinks,Minute Maid,Apple Juice,Minute MaidApple Juice340 ml,$3.29ea,,$0.97/ 100ml,False
drinks,Above,Non-Alcoholic Cocktail Whiskey & Cola,AboveNon-Alcoholic Cocktail Whiskey & Cola4x355.0 ml,$8.49c04,$7.99c04,$0.56/ 100ml,True
drinks,Starbucks,Sumatra Ground Coffee,StarbucksSumatra Ground Coffee340 g,$12.99ea,,$3.82/ 100g,False
drinks,President's Choice,Gourmet Medium Roast Coffee,President's ChoiceGourmet Medium Roast Coffee340 g,$9.99ea,,$2.94/ 100g,False
drinks,Twinings,20ct Irish Breakfast,Twinings20ct Irish Breakfast20 ea,$6.49ea,,$0.32/ 1ea,False
drinks,So Nice,Earths Own Organic Almond Unsweet Vanilla,So NiceEarths Own Organic Almond Unsweet Vanilla1.75 l,$5.49ea,,$0.31/ 100ml,False
drinks,Starbucks,Triple Shot French Vanilla,StarbucksTriple Shot French Vanilla444 ml,$3.99ea,,$0.90/ 100ml,False
drinks,Twinings,Superblends Fortified Green Tea Citrus & Ginger With Echinacea,TwiningsSuperblends Fortified Green Tea Citrus & Ginger With Echinacea18 ea,$6.99ea,$5.99ea,$0.33/ 1ea,True
drinks,Starbucks,Caramel Flavoured Ground Coffee Bag,StarbucksCaramel Flavoured Ground Coffee Bag311 g,$12.99ea,,$4.18/ 100g,False
drinks,Blue Dragon,Coconut Milk,Blue DragonCoconut Milk400 ml,$3.49ea,$2.99ea,$0.75/ 100ml,True
drinks,Dole,Pineapple Passion Mango Juice ,DolePineapple Passion Mango Juice 12x340.0 ml,$7.99pack of 12,,$0.20/ 100ml,False
drinks,Twinings,Superblends Flavoured Herbal Tea Orange & Star Anise,TwiningsSuperblends Flavoured Herbal Tea Orange & Star Anise18 ea,$6.99ea,$5.99ea,$0.33/ 1ea,True
drinks,Fruit2O,Sparkling Blueberry Lime Twist,Fruit2OSparkling Blueberry Lime Twist502 ml,$1.99ea,,$0.40/ 100ml,False
drinks,Twinings,20ct Earl Grey Decaf,Twinings20ct Earl Grey Decaf20 ea,$6.49ea,,$0.32/ 1ea,False
drinks,Harney & Sons,Ht Tea Blends Tea Sachets Hot Cinnamon Sunset,Harney & SonsHt Tea Blends Tea Sachets Hot Cinnamon Sunset1 ea,$12.99ea,$10.99ea,$10.99/ 1ea,True
drinks,Rougemont,100% Pure Honeycrisp Apple Juice,Rougemont100% Pure Honeycrisp Apple Juice2 l,$3.69ea,,$0.18/ 100ml,False
drinks,Barq's,Spicy Cherry Flavoured Soda Cherry Bite,Barq'sSpicy Cherry Flavoured Soda Cherry Bite500 ml,$2.99ea,,$0.60/ 100ml,False
drinks,Carnation,"Simply Hot Chocolate, Envelopes","CarnationSimply Hot Chocolate, Envelopes175 g",$4.99ea,$3.99ea,$2.28/ 100g,True
drinks,Whistler,Glacial Spring Water,WhistlerGlacial Spring Water4 l,$4.29ea,,$0.11/ 100ml,False
drinks,Schweppes,Tonic Water ,SchweppesTonic Water 12x355.0 ml,$7.49c12,,$0.18/ 100ml,False
drinks,Becks,Non-Alcoholic Beer ,BecksNon-Alcoholic Beer 6x330.0 ml,$12.99pack of 6,,$0.66/ 100ml,False
drinks,Flow Water,Spring Water (Case),Flow WaterSpring Water (Case)6x500.0 ml,$8.99ea,,$0.30/ 100ml,False
drinks,MiO,Berry Pomegranate Liquid Water Enhancer,MiOBerry Pomegranate Liquid Water Enhancer48 ml,$4.29ea,,$8.94/ 100ml,False
drinks,President's Choice,Diet Spritz-Up Naturally Flavoured Calorie-Free Sugar-Free Lemon-Lime Soda,President's ChoiceDiet Spritz-Up Naturally Flavoured Calorie-Free Sugar-Free Lemon-Lime Soda12x355.0 ml,$6.49ea,,$0.15/ 100ml,False
drinks,Maxwell House,Original Roast Instant Coffee,Maxwell HouseOriginal Roast Instant Coffee150 g,$6.99ea,,$4.66/ 100g,False
drinks,Allen's,Apple Juice,Allen'sApple Juice1.89 l,$3.99ea,,$0.21/ 100ml,False
drinks,President's Choice,Rooibos Red Tea,President's ChoiceRooibos Red Tea20 ea,$3.99ea,,$0.20/ 1ea,False
drinks,President's Choice,Espresso Perfetto,President's ChoiceEspresso Perfetto250 g,$6.99ea,,$2.80/ 100g,False
drinks,AQUAFINA,Water ,AQUAFINAWater 24x500.0 ml,$7.99pack of 24,,$0.07/ 100ml,False
drinks,Fruite,Lemon Iced Tea,FruiteLemon Iced Tea2 l,$2.89ea,,$0.14/ 100ml,False
drinks,President's Choice,Orange Juice with Pulp,President's ChoiceOrange Juice with Pulp1.54 l,$3.99ea,,$0.26/ 100ml,False
drinks,President's Choice,Orange Soda,President's ChoiceOrange Soda12x355.0 ml,$6.49pack of 12,,$0.15/ 100ml,False
drinks,President's Choice,Decaf Orange Pekoe Tea,President's ChoiceDecaf Orange Pekoe Tea48 ea,$4.99ea,,$0.10/ 1ea,False
drinks,Peace Tea,"Peach Tea, Cherry","Peace TeaPeach Tea, Cherry695 ml",$1.99ea,,$0.29/ 100ml,False
drinks,Starbucks,Blonde Roast Iced Coffee,StarbucksBlonde Roast Iced Coffee1.42 l,$9.99ea,,$0.70/ 100ml,False
drinks,Minute Maid,Fruit Punch,Minute MaidFruit Punch1.54 l,$4.99ea,,$0.32/ 100ml,False
drinks,Twinings,Herbal Tea Goodnight Blend,TwiningsHerbal Tea Goodnight Blend50 ea,$10.99ea,,$0.22/ 1ea,False
drinks,President's Choice,Diet Grapefruit Sparkling Soda,President's ChoiceDiet Grapefruit Sparkling Soda12x355.0 ml,$6.49pack of 12,,$0.15/ 100ml,False
drinks,Real Lemon,Single Strength Lemon Juice,Real LemonSingle Strength Lemon Juice125 ml,$1.49ea,,$1.19/ 100ml,False
drinks,President's Choice,Gourmet West Coast Dark Whole Bean Coffee,President's ChoiceGourmet West Coast Dark Whole Bean Coffee907 g,$14.99ea,,$1.65/ 100g,False
drinks,Perrier,Carbonated Natural Spring Water With Natural Lemon Flavour,PerrierCarbonated Natural Spring Water With Natural Lemon Flavour10x250.0 ml,$8.99pack of 10,,$0.36/ 100ml,False
drinks,Carnation,"Hot Chocolate Mix, Cookies and Creme - 7 sachets","CarnationHot Chocolate Mix, Cookies and Creme - 7 sachets175 g",$3.99ea,,$2.28/ 100g,False
drinks,Minute Maid,Mango Passion,Minute MaidMango Passion1.54 l,$4.99ea,,$0.32/ 100ml,False
drinks,President's Choice,Banana Strawberry Flavour 100% Juice Blend,President's ChoiceBanana Strawberry Flavour 100% Juice Blend10x200.0 ml,$3.89ea,,$0.19/ 100ml,False
drinks,Van Houtte,Vanilla Hazelnut Ground Coffee,Van HoutteVanilla Hazelnut Ground Coffee340 g,$13.99ea,,$4.11/ 100g,False
drinks,Tetley,Super Green Tea Antiox Tropical With Vitamin C,TetleySuper Green Tea Antiox Tropical With Vitamin C20 ea,$3.99ea,,$0.20/ 1ea,False
drinks,Nescafe,Tasters Choice Classic Instant Coffee,NescafeTasters Choice Classic Instant Coffee100 g,$7.79ea,,$7.79/ 100g,False
drinks,President's Choice,Cucumber Mint Flavour Green Tea,President's ChoiceCucumber Mint Flavour Green Tea1.54 l,$3.99ea,,$0.26/ 100ml,False
drinks,Oasis,Berry Pomegranate Antioxidant Juice,OasisBerry Pomegranate Antioxidant Juice1.75 l,$6.49ea,,$0.37/ 100ml,False
drinks,AHA,Sparkling Water Beverage Orange + Grapefruit,AHASparkling Water Beverage Orange + Grapefruit12x355.0 ml,$7.49pack of 12,,$0.18/ 100ml,False
drinks,Realime,Single Strength Lime Juice,RealimeSingle Strength Lime Juice440 ml,$3.49ea,,$0.79/ 100ml,False
drinks,President's Choice,100% Cranberry Juice Blend,President's Choice100% Cranberry Juice Blend1.89 l,$3.49ea,,$0.18/ 100ml,False
drinks,Oasis,Pineapple Banana Orange Juice,OasisPineapple Banana Orange Juice960 ml,$1.79ea,,$0.19/ 100ml,False
drinks,Fruite,Fruit Punch Drink,FruiteFruit Punch Drink2 l,$2.89ea,,$0.14/ 100ml,False
drinks,President's Choice,Half & Half Lemonade With Iced Tea,President's ChoiceHalf & Half Lemonade With Iced Tea1.89 l,$3.29ea,,$0.17/ 100ml,False
drinks,No Name,Pasteurized Instant Skim Milk Powder,No NamePasteurized Instant Skim Milk Powder2.5 kg,$29.99ea,,$1.20/ 100g,False
drinks,President's Choice,Espresso 100% Arabica Coffee,President's ChoiceEspresso 100% Arabica Coffee907 g,$14.99ea,,$1.65/ 100g,False
drinks,No Name,Cherry Drink Mix Club Size,No NameCherry Drink Mix Club Size2 kg,$7.49ea,,$0.33/ 100g,False
drinks,Lavazza,Roasted Coffee Beans Qualità Rossa,LavazzaRoasted Coffee Beans Qualità Rossa1 kg,$23.99ea,$19.99ea,$2.00/ 100g,True
drinks,Pepsi,Diet Soda Caffeine Free,PepsiDiet Soda Caffeine Free12x355.0 ml,$7.49c12,,$0.18/ 100ml,False
drinks,Coors,Edge Non-Alcoholic Beer with Natural Flavours Double Brewed ,CoorsEdge Non-Alcoholic Beer with Natural Flavours Double Brewed 12x355.0 ml,$21.99pack of 12,,$0.52/ 100ml,False
drinks,Pepsi,Diet Soda,PepsiDiet Soda24x355.0 ml,$14.99pack of 24,,$0.18/ 100ml,False
drinks,President's Choice,Fruit Punch Liquid Water Enhancer,President's ChoiceFruit Punch Liquid Water Enhancer48 ml,$3.99ea,,$8.31/ 100ml,False
drinks,President's Choice,Grape Cranberry Cocktail,President's ChoiceGrape Cranberry Cocktail1.89 l,$3.49ea,,$0.18/ 100ml,False
drinks,President's Choice,Blonde Brew Dealcoholized Lager Beer,President's ChoiceBlonde Brew Dealcoholized Lager Beer12x355.0 ml,$8.99pack of 12,,$0.21/ 100ml,False
drinks,President's Choice,Peach Mist Naturally Fruit-Flavoured Water Beverage,President's ChoicePeach Mist Naturally Fruit-Flavoured Water Beverage6x500.0 ml,$3.99pack of 6,,$0.13/ 100ml,False
drinks,Pride Of Arabia,Whole Bean Arabica Coffee,Pride Of ArabiaWhole Bean Arabica Coffee907 g,$19.99ea,,$2.20/ 100g,False
drinks,Five Alive,Mango Citrus Juice,Five AliveMango Citrus Juice1.75 l,$4.79ea,,$0.27/ 100ml,False
drinks,Silk,Fortified Oat Beverage Original,SilkFortified Oat Beverage Original946 ml,$3.29ea,,$0.35/ 100ml,False
drinks,Nabob,Breakfast Blend Coffee 100% Compostable Pods,NabobBreakfast Blend Coffee 100% Compostable Pods292 g,$18.99ea,,$6.50/ 100g,False
drinks,No Name,Hot Chocolate Mix ,No NameHot Chocolate Mix 1.8 kg,$14.99ea,,$0.83/ 100g,False
drinks,Nestea,Iced Tea Natural Lemon Flavour  ,NesteaIced Tea Natural Lemon Flavour  500 ml,$3.29ea,,$0.66/ 100ml,False
drinks,Mott's,"Clamato, Lime","Mott'sClamato, Lime1.89 l",$4.29ea,$3.79ea,$0.20/ 100ml,True
drinks,Nestle,Nesquik Less Sugar Chocolate Syrup,NestleNesquik Less Sugar Chocolate Syrup510 ml,$6.99ea,,$1.37/ 100ml,False
drinks,No Name,Unsweetened Pineapple Juice,No NameUnsweetened Pineapple Juice1.36 l,$3.29ea,,$0.24/ 100ml,False
drinks,Schweppes,Tonic Water ,SchweppesTonic Water 12x355.0 ml,$7.49c12,,$0.18/ 100ml,False
drinks,Becks,Non-Alcoholic Beer ,BecksNon-Alcoholic Beer 6x330.0 ml,$12.99pack of 6,,$0.66/ 100ml,False
drinks,Flow Water,Spring Water (Case),Flow WaterSpring Water (Case)6x500.0 ml,$8.99ea,,$0.30/ 100ml,False
drinks,President's Choice,Diet Lemon Iced Tea ,President's ChoiceDiet Lemon Iced Tea 12x355.0 ml,$6.49pack of 12,,$0.15/ 100ml,False
drinks,Allen's,Peach Cocktail,Allen'sPeach Cocktail8x200.0 ml,$3.29ea,$2.99ea,$0.19/ 100ml,True
drinks,Tetley,The Orange Pekoe,TetleyThe Orange Pekoe72 ea,$4.99ea,,$0.07/ 1ea,False
drinks,Crystal Light,"Singles, Lemon Lime","Crystal LightSingles, Lemon Lime36 g",$3.99ea,,$11.08/ 100g,False
drinks,President's Choice,Cream Soda Flavour Sparkling Water,President's ChoiceCream Soda Flavour Sparkling Water12x355.0 ml,$5.99c01,,$0.14/ 100ml,False
drinks,Gatorade,Zero Fruit Punch Sports Drink  ,GatoradeZero Fruit Punch Sports Drink  710 ml,$2.39ea,,$0.34/ 100ml,False
drinks,Arizona,Premium Brewed Ginseng and Honey Green Tea,ArizonaPremium Brewed Ginseng and Honey Green Tea8x200.0 ml,$3.49ea,,$0.22/ 100ml,False
drinks,Harney & Sons,Ht Tea Blends Tea Sachets Vanilla Comoro,Harney & SonsHt Tea Blends Tea Sachets Vanilla Comoro1 ea,$12.99ea,$10.99ea,$10.99/ 1ea,True
drinks,Paulaner,Non-Alcoholic 0.0% Weissbier ,PaulanerNon-Alcoholic 0.0% Weissbier 500 ml,$2.99ea,,$0.60/ 100ml,False
drinks,Starbucks,Pike Place Medium Roast Keurig K-Cup Coffee Pods,StarbucksPike Place Medium Roast Keurig K-Cup Coffee Pods550 g,$33.99ea,,$6.18/ 100g,False
drinks,Minute Maid,Raspberry Lemonade,Minute MaidRaspberry Lemonade340 ml,$3.29ea,,$0.97/ 100ml,False
drinks,AHA,Pineapple Passion Fruit Sparkling Water,AHAPineapple Passion Fruit Sparkling Water12x355.0 ml,$7.49c12,,$0.18/ 100ml,False
drinks,Tetley,The Vert Classique,TetleyThe Vert Classique80 ea,$9.99ea,,$0.12/ 1ea,False
drinks,President's Choice,Extra Pulp Orange Juice,President's ChoiceExtra Pulp Orange Juice1.54 l,$3.99ea,,$0.26/ 100ml,False
drinks,Carnation,Hot Chocolate 30 Capsules ,CarnationHot Chocolate 30 Capsules 450 g,$21.99ea,,$4.89/ 100g,False
drinks,McCafe,Premium Roast     ,McCafePremium Roast     12 ea,$12.99ea,,$1.08/ 1ea,False
drinks,President's Choice,Costa Rica Medium Roast 100% Arabica Single Serve Coffee Pods,President's ChoiceCosta Rica Medium Roast 100% Arabica Single Serve Coffee Pods30 ea,$14.99ea,,$0.50/ 1ea,False
drinks,San Pellegrino,Naturali Limonata Sparkling Lemon Beverage,San PellegrinoNaturali Limonata Sparkling Lemon Beverage6x330.0 ml,$7.49c06,,$0.38/ 100ml,False
drinks,Nestle,Nesquik Strawberry Syrup,NestleNesquik Strawberry Syrup510 ml,$6.99ea,,$1.37/ 100ml,False
drinks,Kool-Aid,Orange Liquid Drink Mix,Kool-AidOrange Liquid Drink Mix48 ml,$4.29ea,,$8.94/ 100ml,False
drinks,PC Blue Menu,M Mango Pineapple,PC Blue MenuM Mango Pineapple10x200.0 ml,$3.89ea,,$1.95/ 100ml,False
drinks,Nestea,"Peach Tea, Cartons 10 Pack","NesteaPeach Tea, Cartons 10 Pack10x200.0 ml",$4.19ea,$3.99ea,$0.20/ 100ml,True
drinks,Kool-Aid,"Jammers, Blue Raspberry","Kool-AidJammers, Blue Raspberry10x180.0 ml",$3.89ea,,$0.22/ 100ml,False
drinks,Grand Pre,2% Milk,Grand Pre2% Milk1 l,$4.99ea,,$0.50/ 100ml,False
drinks,Allen's,Peach Cocktail,Allen'sPeach Cocktail1 l,$2.29ea,,$0.23/ 100ml,False
drinks,V8,"Vegetable Cocktail, Low Sodium","V8Vegetable Cocktail, Low Sodium6x156.0 ml",$4.29ea,,$0.46/ 100ml,False
drinks,Tim Hortons,Hazelnut Coffee,Tim HortonsHazelnut Coffee300 g,$10.99ea,$8.99ea,$3.00/ 100g,True
drinks,Five Alive,"Berry Citrus Juice, 8 Pack","Five AliveBerry Citrus Juice, 8 Pack8x200.0 ml",$4.19ea,$3.99ea,$0.25/ 100ml,True
drinks,Carnation,Fat Free Instant Skim Milk Powder,CarnationFat Free Instant Skim Milk Powder500 g,$11.99ea,,$2.40/ 100g,False
drinks,Minute Maid,"Real Fruit Beverage Peach Mango, 8","Minute MaidReal Fruit Beverage Peach Mango, 88x200.0 ml",$4.19ea,$3.99ea,$0.25/ 100ml,True
drinks,Nesquik,Vanilla Syrup,NesquikVanilla Syrup510 ml,$6.99ea,,$1.37/ 100ml,False
drinks,Lavazza,Crema Gusto Beans,LavazzaCrema Gusto Beans1 kg,$23.99ea,$19.99ea,$2.00/ 100g,True
drinks,Coca-Cola,Coffee Vanilla,Coca-ColaCoffee Vanilla355 ml,$3.49ea,,$0.98/ 100ml,False
drinks,President's Choice,Lemon Thriller Herbal Tea,President's ChoiceLemon Thriller Herbal Tea20 ea,$3.99ea,,$9.98/ 100g,False
drinks,President's Choice,Winter Blend Dark Roast Coffee,President's ChoiceWinter Blend Dark Roast Coffee250 g,$6.99ea,,$2.80/ 100g,False
drinks,MiO,Fruit Punch Flavoured Liquid Water Enhancer,MiOFruit Punch Flavoured Liquid Water Enhancer48 ml,$4.29ea,,$8.94/ 100ml,False
drinks,Crystal Light,"Singles, Raspberry Ice","Crystal LightSingles, Raspberry Ice24 g",$3.99ea,,$16.62/ 100g,False
drinks,Rougemont,100% Pure McIntosh Apple Juice,Rougemont100% Pure McIntosh Apple Juice2 l,$3.69ea,,$0.18/ 100ml,False
drinks,Sunny Delight,Smooth,Sunny DelightSmooth1.89 l,$3.79ea,,$0.20/ 100ml,False
drinks,Crystal Light,"Liquid Drink Mix, Blueberry Razz","Crystal LightLiquid Drink Mix, Blueberry Razz48 ml",$4.29ea,,$8.94/ 100ml,False
drinks,MiO,Sport Electrolytes Berry Burst Liquid Water Enhancer,MiOSport Electrolytes Berry Burst Liquid Water Enhancer48 ml,$4.29ea,,$8.94/ 100ml,False
drinks,Allen's,Pure Apple Juice Low Acid,Allen'sPure Apple Juice Low Acid8x200.0 ml,$3.29ea,$2.99ea,$0.19/ 100ml,True
drinks,President's Choice,Ethiopia Medium Roast 100% Arabica Coffee,President's ChoiceEthiopia Medium Roast 100% Arabica Coffee340 g,$8.49ea,,$2.50/ 100g,False
drinks,Lynch,"Hot Apple Cider Mix, Original","LynchHot Apple Cider Mix, Original230 g",$5.49ea,,$2.39/ 100g,False
drinks,Perrier,Carbonated Natural Spring Water Grapefruit Flavour,PerrierCarbonated Natural Spring Water Grapefruit Flavour10x250.0 ml,$8.99c10,,$0.36/ 100ml,False
drinks,V8,"V-Go Vegetable Cocktail, Low Sodium","V8V-Go Vegetable Cocktail, Low Sodium1.89 l",$4.79ea,,$0.25/ 100ml,False
drinks,President's Choice,Tonic Water,President's ChoiceTonic Water6x222.0 ml,$3.99pack of 6,,$0.30/ 100ml,False
drinks,Dole,Premium Pineapple Juice,DolePremium Pineapple Juice1.36 l,$3.99ea,,$0.29/ 100ml,False
drinks,Tim Hortons,Colombian Coffee,Tim HortonsColombian Coffee300 g,$10.99ea,$8.99ea,$3.00/ 100g,True
drinks,Minute Maid,"100% Orange Juice From Concentrate, 8 Pack","Minute Maid100% Orange Juice From Concentrate, 8 Pack8x200.0 ml",$4.19ea,$3.99ea,$0.25/ 100ml,True
drinks,Pepsi,Soda,PepsiSoda591 ml,$2.99ea,,$0.51/ 100ml,False
drinks,Thirsty Buddha,"Sparkling Coconut Water, Watermelon","Thirsty BuddhaSparkling Coconut Water, Watermelon330 ml",$2.49ea,,$0.75/ 100ml,False
drinks,President's Choice,Low Sodium Club Soda,President's ChoiceLow Sodium Club Soda12x355.0 ml,$6.49pack of 12,,$0.15/ 100ml,False
drinks,Tim Hortons,"Single Serve Coffee Pods, Decaf","Tim HortonsSingle Serve Coffee Pods, Decaf126 g",$12.99ea,$9.99ea,$7.93/ 100g,True
drinks,President's Choice,Diet Cola,President's ChoiceDiet Cola12x355.0 ml,$6.49pack of 12,,$0.15/ 100ml,False
drinks,McCafe,Decaf Roast Pod    ,McCafeDecaf Roast Pod    12 ea,$12.99ea,,$1.08/ 1ea,False
drinks,President's Choice,The Great Canadian Light to Medium Roast 100% Arabica Single Serve Coffee Pods,President's ChoiceThe Great Canadian Light to Medium Roast 100% Arabica Single Serve Coffee Pods30 ea,$14.99ea,,$0.50/ 1ea,False
drinks,7Up,Soda      ,7UpSoda      12x355.0 ml,$7.49pack of 12,,$0.18/ 100ml,False
drinks,President's Choice,100% Apple & Grape,President's Choice100% Apple & Grape10x200.0 ml,$3.89ea,,$0.19/ 100ml,False
drinks,No Name,Fruit Punch Drink Mix Club Size,No NameFruit Punch Drink Mix Club Size2.3 kg,$7.49ea,,$0.33/ 100g,False
drinks,Nescafe,Gold Dark Roast Instant and Roast & Ground Coffee,NescafeGold Dark Roast Instant and Roast & Ground Coffee100 g,$8.29ea,,$8.29/ 100g,False
drinks,7Up,Soda      ,7UpSoda      591 ml,$2.99ea,,$0.51/ 100ml,False
drinks,Ice River Springs,Ice River Natural Spring Water,Ice River SpringsIce River Natural Spring Water15 l,$4.79ea,,$0.03/ 100ml,False
drinks,Mott's,"Garden Cocktail, Low Sodium","Mott'sGarden Cocktail, Low Sodium1.89 l",$4.19ea,,$0.22/ 100ml,False
drinks,President's Choice,100% Raspberry Orange Juice,President's Choice100% Raspberry Orange Juice10x200.0 ml,$3.89ea,,$0.19/ 100ml,False
drinks,PC Organics,Organic 100% Coconut Water,PC OrganicsOrganic 100% Coconut Water1 l,$5.49ea,,$0.55/ 100ml,False
drinks,President's Choice,Peach Mango Liquid Water Enhancer,President's ChoicePeach Mango Liquid Water Enhancer48 ml,$3.99ea,,$8.31/ 100ml,False
drinks,SunRype,Slim Tropical Mango Low Calorie Beverage,SunRypeSlim Tropical Mango Low Calorie Beverage1.36 l,$3.99ea,,$0.29/ 100ml,False
drinks,PC Blue Menu,Pink Grapefruit Sparkling Water ,PC Blue MenuPink Grapefruit Sparkling Water 12x355.0 ml,$5.99ea,,$0.14/ 100ml,False
drinks,President's Choice,100% Orange Juice,President's Choice100% Orange Juice1 l,$1.99ea,,$0.20/ 100ml,False
drinks,Coca-Cola,Glass Bottle,Coca-ColaGlass Bottle4x355.0 ml,$8.99pack of 4,,$0.63/ 100ml,False
drinks,Monster Energy,"Ultra Violet Energy Drink, Can","Monster EnergyUltra Violet Energy Drink, Can473 ml",$3.99ea,,$0.84/ 100ml,False
drinks,Tetley,Peppermint Herbal Cannister Pack,TetleyPeppermint Herbal Cannister Pack20 ea,$3.99ea,,$0.20/ 1ea,False
drinks,President's Choice,Fresh-Pressed Sweet Apple Cider,President's ChoiceFresh-Pressed Sweet Apple Cider3 l,$7.99ea,,$0.27/ 100ml,False
drinks,Heineken,Alcohol Free Beer Bottles with Natural Flavours ,HeinekenAlcohol Free Beer Bottles with Natural Flavours 6x330.0 ml,$13.49pack of 6,,$0.68/ 100ml,False
drinks,Rockstar,Revolt Blue Raz Energy Drink,RockstarRevolt Blue Raz Energy Drink473 ml,$3.99ea,,$0.84/ 100ml,False
drinks,Bolthouse,Berry Boost,BolthouseBerry Boost946 ml,$6.99ea,,$0.74/ 100ml,False
drinks,Reign,Energy Drink Orange Dreamsicle,ReignEnergy Drink Orange Dreamsicle4x473.0 ml,$11.99c04,,$2.53/ 100ml,False
drinks,Guru,Organic Energy Yerbamate,GuruOrganic Energy Yerbamate355 ml,$3.99ea,,$1.12/ 100ml,False
drinks,Starbucks,Ground 100% Arabica Coffee Pike Place Medium Roast,StarbucksGround 100% Arabica Coffee Pike Place Medium Roast340 g,$12.99ea,,$3.82/ 100g,False
drinks,Kool-Aid,"Jammers, Tropical Punch","Kool-AidJammers, Tropical Punch10x180.0 ml",$3.89ea,,$0.22/ 100ml,False
drinks,Nescafe,Rich Instant Coffee,NescafeRich Instant Coffee170 g,$7.79ea,,$4.58/ 100g,False
drinks,Kool-Aid,"Jammers, Cherry","Kool-AidJammers, Cherry10x180.0 ml",$3.89ea,,$0.22/ 100ml,False
drinks,Oasis,Fruit Fusion Fruit Juice Boxes,OasisFruit Fusion Fruit Juice Boxes8x200.0 ml,$3.49ea,,$0.22/ 100ml,False
drinks,Natura,Unsweetened Vanilla Organic Fortified Gluten-Free Oat Beverage,NaturaUnsweetened Vanilla Organic Fortified Gluten-Free Oat Beverage946 ml,$2.99ea,,$0.32/ 100ml,False
drinks,Tetley,Earl Grey Vanilla Specialty Cannister Pack,TetleyEarl Grey Vanilla Specialty Cannister Pack24 ea,$3.99ea,,$0.17/ 1ea,False
drinks,PC Blue Menu,M Strawberry Watermelon,PC Blue MenuM Strawberry Watermelon10x200.0 ml,$3.89ea,,$1.95/ 100ml,False
drinks,Minute Maid,"Low Acid Nutri Bone Support 100% Orange Juice, Carton","Minute MaidLow Acid Nutri Bone Support 100% Orange Juice, Carton1.75 l",$5.49ea,,$0.31/ 100ml,False
drinks,President's Choice,100% Orange Juice,President's Choice100% Orange Juice1 l,$1.99ea,,$0.20/ 100ml,False
drinks,President's Choice,Extra Pulp Orange Juice,President's ChoiceExtra Pulp Orange Juice1.54 l,$3.99ea,,$0.26/ 100ml,False
drinks,Carnation,Hot Chocolate 30 Capsules ,CarnationHot Chocolate 30 Capsules 450 g,$21.99ea,,$4.89/ 100g,False
drinks,McCafe,Premium Roast     ,McCafePremium Roast     12 ea,$12.99ea,,$1.08/ 1ea,False
drinks,President's Choice,Costa Rica Medium Roast 100% Arabica Single Serve Coffee Pods,President's ChoiceCosta Rica Medium Roast 100% Arabica Single Serve Coffee Pods30 ea,$14.99ea,,$0.50/ 1ea,False
drinks,San Pellegrino,Naturali Limonata Sparkling Lemon Beverage,San PellegrinoNaturali Limonata Sparkling Lemon Beverage6x330.0 ml,$7.49c06,,$0.38/ 100ml,False
drinks,Nestle,Nesquik Strawberry Syrup,NestleNesquik Strawberry Syrup510 ml,$6.99ea,,$1.37/ 100ml,False
drinks,Kool-Aid,Orange Liquid Drink Mix,Kool-AidOrange Liquid Drink Mix48 ml,$4.29ea,,$8.94/ 100ml,False
drinks,PC Blue Menu,M Mango Pineapple,PC Blue MenuM Mango Pineapple10x200.0 ml,$3.89ea,,$1.95/ 100ml,False
drinks,Nestea,"Peach Tea, Cartons 10 Pack","NesteaPeach Tea, Cartons 10 Pack10x200.0 ml",$4.19ea,$3.99ea,$0.20/ 100ml,True
drinks,Kool-Aid,"Jammers, Blue Raspberry","Kool-AidJammers, Blue Raspberry10x180.0 ml",$3.89ea,,$0.22/ 100ml,False
drinks,Grand Pre,2% Milk,Grand Pre2% Milk1 l,$4.99ea,,$0.50/ 100ml,False
drinks,Allen's,Peach Cocktail,Allen'sPeach Cocktail1 l,$2.29ea,,$0.23/ 100ml,False
drinks,Dole,Orange Juice ,DoleOrange Juice 12x340.0 ml,$7.99pack of 12,,$0.20/ 100ml,False
drinks,Starbucks,Pike Place Medium Roast Keurig K-Cup Coffee Pods,StarbucksPike Place Medium Roast Keurig K-Cup Coffee Pods550 g,$33.99ea,,$6.18/ 100g,False
drinks,Paulaner,Non-Alcoholic 0.0% Weissbier ,PaulanerNon-Alcoholic 0.0% Weissbier 500 ml,$2.99ea,,$0.60/ 100ml,False
drinks,President's Choice,100% Apple Juice,President's Choice100% Apple Juice1.89 l,$2.99ea,,$0.16/ 100ml,False
drinks,Sprite,Bottle,SpriteBottle500 ml,$2.99ea,,$0.60/ 100ml,False
drinks,Glaceau,"Focus Nutrient Enhanced Water, Bottle","GlaceauFocus Nutrient Enhanced Water, Bottle591 ml",$2.99ea,,$0.51/ 100ml,False
drinks,Minute Maid,Watermelon Drink,Minute MaidWatermelon Drink1 l,$2.49ea,,$0.25/ 100ml,False
drinks,Mug,"Root Beer Soda, Pack of 12","MugRoot Beer Soda, Pack of 1212x355.0 ml",$7.49c12,,$0.18/ 100ml,False
drinks,Minute Maid,Lemonade,Minute MaidLemonade340 ml,$3.29ea,,$0.97/ 100ml,False
drinks,President's Choice,Cranberry Cocktail,President's ChoiceCranberry Cocktail3.78 l,$4.79ea,,$0.13/ 100ml,False
drinks,Carnation,"Aero S'Mores Hot Chocolate, Envelopes","CarnationAero S'Mores Hot Chocolate, Envelopes175 g",$4.99ea,$3.99ea,$2.28/ 100g,True
drinks,President's Choice,The Great Canadian Light to Medium Roast Single Serve Coffee Pods,President's ChoiceThe Great Canadian Light to Medium Roast Single Serve Coffee Pods12 ea,$7.49ea,$6.99ea,$0.58/ 1ea,True
drinks,Allen's,35% Less Sugar Apple Juice Beverage,Allen's35% Less Sugar Apple Juice Beverage1.89 l,$3.99ea,,$0.21/ 100ml,False
drinks,Pepsi,Max Zero Sugar Soda    ,PepsiMax Zero Sugar Soda    24x355.0 ml,$14.99pack of 24,,$0.18/ 100ml,False
drinks,President's Choice,Cream Soda,President's ChoiceCream Soda12x355.0 ml,$6.49pack of 12,,$0.15/ 100ml,False
drinks,Peace Tea,"Caddy Shack Tea, Can","Peace TeaCaddy Shack Tea, Can695 ml",$1.99ea,,$0.29/ 100ml,False
drinks,Tassimo,Maxwell House House Blend Coffee Single Serve T-Discs,TassimoMaxwell House House Blend Coffee Single Serve T-Discs16 ea,$11.99ea,,$0.75/ 1ea,False
drinks,Mountain Dew,Soda,Mountain DewSoda12x355.0 ml,$7.49pack of 12,,$0.18/ 100ml,False
drinks,Nescafe,Nescafé Sweet and Creamy Original Instant Coffee Mix,NescafeNescafé Sweet and Creamy Original Instant Coffee Mix351 g,$7.79ea,,$2.22/ 100g,False
drinks,SunRype,Slim Pink Grapefruit Low Calorie Beverage,SunRypeSlim Pink Grapefruit Low Calorie Beverage1.36 l,$3.99ea,,$0.29/ 100ml,False
drinks,Nestle,Nesquik Chocolate Powder ,NestleNesquik Chocolate Powder 1.36 kg,$12.99ea,,$0.96/ 100g,False
drinks,Oasis,"Orange Juice No Pulp, Not from Concentrate","OasisOrange Juice No Pulp, Not from Concentrate1.5 l",$6.49ea,,$0.43/ 100ml,False
drinks,Allen's,Cranberry Cocktail,Allen'sCranberry Cocktail1 l,$2.29ea,,$0.23/ 100ml,False
drinks,Glaceau,Smartwater Alkaline     ,GlaceauSmartwater Alkaline     1 l,$3.29ea,,$0.33/ 100ml,False
drinks,AHA,Raspberry Acai Sparkling Water,AHARaspberry Acai Sparkling Water12x355.0 ml,$7.49c12,,$0.18/ 100ml,False
drinks,Dr Pepper,Soda,Dr PepperSoda591 ml,$2.99ea,,$0.51/ 100ml,False
drinks,Minute Maid,"Grape Punch Juice Beverage, 10 Pack","Minute MaidGrape Punch Juice Beverage, 10 Pack10x200.0 ml",$4.19ea,$3.99ea,$0.20/ 100ml,True
drinks,President's Choice,Diet Ginger Ale,President's ChoiceDiet Ginger Ale12x355.0 ml,$6.49pack of 12,,$0.15/ 100ml,False
drinks,President's Choice,West Coast Dark Roast Coffee Pods,President's ChoiceWest Coast Dark Roast Coffee Pods12 ea,$7.49ea,$6.99ea,$0.58/ 1ea,True
drinks,President's Choice,Lemonade Liquid Water Enhancer,President's ChoiceLemonade Liquid Water Enhancer48 ml,$3.99ea,,$8.31/ 100ml,False
drinks,Molson,Alcohol Beer Lager,MolsonAlcohol Beer Lager12x355.0 ml,$10.99pack of 12,,$0.26/ 100ml,False
drinks,AHA,Lime Watermelon,AHALime Watermelon12x355.0 ml,$7.49pack of 12,,$0.18/ 100ml,False
drinks,President's Choice,Cold Brew Nitro Black Coffee,President's ChoiceCold Brew Nitro Black Coffee355 ml,$3.29ea,,$1.03/ 100ml,False
drinks,Greenhouse,Organic Shake Matcha Brekky,GreenhouseOrganic Shake Matcha Brekky300 ml,$7.99ea,,$2.66/ 100ml,False
drinks,Starbucks,Whole Bean 100% Arabica Coffee Pike Place Roast Medium Roast,StarbucksWhole Bean 100% Arabica Coffee Pike Place Roast Medium Roast907 g,$26.99ea,,$2.98/ 100g,False
drinks,Starbucks,House Blend Whole Bean,StarbucksHouse Blend Whole Bean340 g,$12.99ea,,$3.82/ 100g,False
drinks,Grolsch,Non Alcoholic Radler ,GrolschNon Alcoholic Radler 4x500.0 ml,$7.99pack of 4,,$0.40/ 100ml,False
drinks,Tea at the White House,Black Tea Royal Chocolate Biscuit Cake,Tea at the White HouseBlack Tea Royal Chocolate Biscuit Cake31.2 g,$9.99ea,,$32.02/ 100g,False
drinks,Tealish,Herbal Tea Organic Almond Cookie,TealishHerbal Tea Organic Almond Cookie37.5 g,$9.99ea,,$26.64/ 100g,False
drinks,Starbucks,Espresso Roast Ground Coffee,StarbucksEspresso Roast Ground Coffee68 g,$11.49ea,,$16.90/ 100g,False
drinks,CLAUSTHALER,Clausthaler Non-Alcoholic Beer Original ,CLAUSTHALERClausthaler Non-Alcoholic Beer Original 6x330.0 ml,$11.99pack of 6,,$3.63/ 100ml,False
drinks,Tetley,Super Tea immune lemon & Echinacea with Zinc,TetleySuper Tea immune lemon & Echinacea with Zinc20 ea,$3.99ea,,$0.20/ 1ea,False
drinks,Silk,"Oat Beverage, Plain, Unsweetened, Dairy-Free, Shelf Stable","SilkOat Beverage, Plain, Unsweetened, Dairy-Free, Shelf Stable946 ml",$3.29ea,,$0.35/ 100ml,False
drinks,Starbucks,Doubleshot Vanilla Energy Drink,StarbucksDoubleshot Vanilla Energy Drink444 ml,$3.99ea,,$0.90/ 100ml,False
drinks,Bai,Blueberry Brasilia,BaiBlueberry Brasilia530 ml,$2.99ea,,$0.56/ 100ml,False
drinks,Schweppes,Ginger Ale Minis,SchweppesGinger Ale Minis15x222.0 ml,$7.49pack of 15,,$0.22/ 100ml,False
drinks,Country Time,Lemonade Liquid Drink Mix,Country TimeLemonade Liquid Drink Mix48 ml,$4.29ea,,$8.94/ 100ml,False
drinks,Bai,Mango Malawi,BaiMango Malawi530 ml,$2.99ea,,$0.56/ 100ml,False
drinks,President's Choice,Strawberry Lemonade,President's ChoiceStrawberry Lemonade1.89 l,$3.29ea,,$0.17/ 100ml,False
drinks,Whistler,Glacial Spring Water,WhistlerGlacial Spring Water1 l,$1.99ea,,$0.20/ 100ml,False
drinks,President's Choice,Chocolate Milk Mix,President's ChoiceChocolate Milk Mix750 g,$5.49ea,$4.49ea,$0.60/ 100g,True
drinks,Country Time,Lemonade Drink Mix,Country TimeLemonade Drink Mix2 kg,$15.99ea,,$0.67/ 100g,False
drinks,Carnation,Rolo Hot Chocolate Canister,CarnationRolo Hot Chocolate Canister450 g,$5.99ea,,$1.33/ 100g,False
drinks,Gatorade,Frost Glacier Freeze Powder,GatoradeFrost Glacier Freeze Powder560 g,$6.99ea,,$1.25/ 100g,False
drinks,President's Choice,Watermelon Lemon Sparkling Soda ,President's ChoiceWatermelon Lemon Sparkling Soda 12x355.0 ml,$6.49pack of 12,,$0.15/ 100ml,False
drinks,Carnation,Marshmallow Hot Chocolate Sachets,CarnationMarshmallow Hot Chocolate Sachets250 g,$4.99ea,$3.99ea,$1.60/ 100g,True
drinks,Tealish,Herbal Tea Organic Mint Bliss,TealishHerbal Tea Organic Mint Bliss37.5 g,$9.99ea,,$26.64/ 100g,False
drinks,Nestle,"Pure Life Sparkling, Lemon Lime ","NestlePure Life Sparkling, Lemon Lime 8x355.0 ml",$4.49pack of 8,,$0.16/ 100ml,False
drinks,PC Blue Menu,Apple Juice Beverage,PC Blue MenuApple Juice Beverage2 l,$3.49ea,,$0.17/ 100ml,False
drinks,Arizona,Green Tea,ArizonaGreen Tea3.78 l,$5.99ea,,$0.16/ 100ml,False
drinks,5 Hr Energy,"Shot, Extra Strength","5 Hr EnergyShot, Extra Strength4x59.0 ml",$14.99ea,,$6.57/ 100ml,False
drinks,DAVIDsTEA,Cinnamon Rooibos Chai Organic,DAVIDsTEACinnamon Rooibos Chai Organic24 g,$9.99ea,,$41.62/ 100g,False
drinks,President's Choice,"Cocktail, Cranberry Black Cherry","President's ChoiceCocktail, Cranberry Black Cherry1.89 l",$3.49ea,,$0.18/ 100ml,False
drinks,Pepsi,Pure Leaf Peach Hibiscus,PepsiPure Leaf Peach Hibiscus547 ml,$3.49ea,,$0.64/ 100ml,False
drinks,San Pellegrino,"Sparkling Natural Mineral Water, Blood Orange & Black Raspberry","San PellegrinoSparkling Natural Mineral Water, Blood Orange & Black Raspberry8x330.0 ml",$9.99pack of 8,,$0.38/ 100ml,False
drinks,President's Choice,Espresso Forte Coffee Capsules,President's ChoiceEspresso Forte Coffee Capsules10 ea,$7.49ea,,$74.90/ 100ea,False
drinks,Lavazza,Roasted Coffee Beans Qualità Oro,LavazzaRoasted Coffee Beans Qualità Oro1 kg,$29.99ea,,$3.00/ 100g,False
drinks,Tim Hortons,Decafe K-Cup Coffee Pods,Tim HortonsDecafe K-Cup Coffee Pods30 ea,$24.99ea,,$0.83/ 1ea,False
drinks,CLAUSTHALER,Clausthaler Non-Alcoholic Beer Dry Hopped,CLAUSTHALERClausthaler Non-Alcoholic Beer Dry Hopped6x330.0 ml,$11.99pack of 6,,$0.61/ 100ml,False
drinks,Nestle,Pure Life Natural Spring Water ,NestlePure Life Natural Spring Water 12x500.0 ml,$4.29pack of 12,,$0.07/ 100ml,False
drinks,Tetley,Cleanse Lemon Balm and Honey  ,TetleyCleanse Lemon Balm and Honey  20 ea,$3.99ea,,$0.20/ 1ea,False
drinks,Tazo,Zen Tea Bag,TazoZen Tea Bag20 ea,$6.99ea,,$0.35/ 1ea,False
drinks,Twinings,20ct English Breakfast Decaf,Twinings20ct English Breakfast Decaf20 ea,$6.49ea,,$0.32/ 1ea,False
drinks,Starbucks,Frappuccino Vanilla Coffee Drink,StarbucksFrappuccino Vanilla Coffee Drink405 ml,$3.99ea,,$0.99/ 100ml,False
drinks,Marley Coffee,"Single Serve K-Cup Compatible Capsules, Medium-Dark Roast","Marley CoffeeSingle Serve K-Cup Compatible Capsules, Medium-Dark Roast24 ea",$18.99ea,$14.99ea,$0.62/ 1ea,True
drinks,McCafe,Whole Bean Premium Roast   ,McCafeWhole Bean Premium Roast   900 g,$24.99ea,,$2.78/ 100g,False
drinks,Balzac's,Farmers Blend Whole Bean Coffee,Balzac'sFarmers Blend Whole Bean Coffee340 g,$16.99ea,,$5.00/ 100g,False
drinks,Starbucks,Classic Hot Cocoa K-Cup Pods Box,StarbucksClassic Hot Cocoa K-Cup Pods Box10 ea,$12.99ea,,$129.90/ 100ea,False
drinks,Tim Hortons,"K-Cup Hot Chocolate, Original","Tim HortonsK-Cup Hot Chocolate, Original10 ea",$12.99ea,$9.99ea,$1.00/ 1ea,True
drinks,Keurig,Van Houtte Original House Blend Medium Roast,KeurigVan Houtte Original House Blend Medium Roast12 ea,$12.99ea,,$1.08/ 1ea,False
drinks,Tealish,Herbal Tea Organic Chamomile Sky,TealishHerbal Tea Organic Chamomile Sky37.5 g,$9.99ea,,$26.64/ 100g,False
drinks,Bai,Kula Watermelon Low Calorie Beverage,BaiKula Watermelon Low Calorie Beverage530 ml,$2.99ea,,$0.56/ 100ml,False
drinks,Kronenbourg,Flavoured Wheat Beer Blanc,KronenbourgFlavoured Wheat Beer Blanc6x330.0 ml,$11.99c06,,$0.61/ 100ml,False
drinks,Kronenbourg,Flavoured Wheat Beer Blanc,KronenbourgFlavoured Wheat Beer Blanc6x330.0 ml,$11.99c06,,$0.61/ 100ml,False
drinks,President's Choice,"Jamaican Style Ginger Beer, 6 Mini Cans","President's ChoiceJamaican Style Ginger Beer, 6 Mini Cans6x222.0 ml",$3.99c06,,$0.30/ 100ml,False
drinks,Tim Hortons,Original Coffee,Tim HortonsOriginal Coffee300 g,$10.99ea,$8.99ea,$3.00/ 100g,True
drinks,Thirsty Buddha,"Sparkling Coconut Water, Pineapple","Thirsty BuddhaSparkling Coconut Water, Pineapple330 ml",$2.49ea,,$0.75/ 100ml,False
drinks,Del Monte,Prune Nectar,Del MontePrune Nectar1.36 l,$7.99ea,,$0.59/ 100ml,False
drinks,President's Choice,Pink Lemonade Liquid Water Enhancer,President's ChoicePink Lemonade Liquid Water Enhancer48 ml,$3.99ea,,$8.31/ 100ml,False
drinks,MiO,Sport Arctic Grape Liquid Water Enhancer,MiOSport Arctic Grape Liquid Water Enhancer48 ml,$4.29ea,,$8.94/ 100ml,False
drinks,Lipton,Lemon Iced Tea,LiptonLemon Iced Tea12x340.0 ml,$7.49pack of 12,,$0.18/ 100ml,False
drinks,Celestial Seasonings,Bengal Spice Herbal Tea,Celestial SeasoningsBengal Spice Herbal Tea20 ea,$5.49ea,,$0.27/ 1ea,False
drinks,Tim Hortons,French Vanilla Capp Sachet,Tim HortonsFrench Vanilla Capp Sachet8 ea,$5.99ea,,$0.75/ 1ea,False
drinks,Starbucks,Doubleshot White Chocolate,StarbucksDoubleshot White Chocolate444 ml,$3.99ea,,$0.90/ 100ml,False
drinks,Tetley,Decafeine Orange Pekoe,TetleyDecafeine Orange Pekoe80 ea,$9.99ea,,$0.12/ 1ea,False
drinks,President's Choice,Dark Roast Black Cold Brew Coffee,President's ChoiceDark Roast Black Cold Brew Coffee900 ml,$4.99ea,,$0.55/ 100ml,False
drinks,Tim Hortons,"K-Cup, Colombian","Tim HortonsK-Cup, Colombian12 ea",$12.99ea,$9.99ea,$0.83/ 1ea,True
drinks,Tang,Orange Liquid Drink Mix,TangOrange Liquid Drink Mix48 ml,$4.29ea,,$8.94/ 100ml,False
drinks,Fernbrook,Distilled Spring Water,FernbrookDistilled Spring Water4 l,$1.99ea,,$0.05/ 100ml,False
drinks,AHA,"Water, Lime + melon Sparkling , Bottle","AHAWater, Lime + melon Sparkling , Bottle1 l",$1.99ea,,$0.20/ 100ml,False
drinks,Tealish,Green Tea Organic Ginger Glow,TealishGreen Tea Organic Ginger Glow37.5 g,$9.99ea,,$26.64/ 100g,False
drinks,Schweppes,Club Soda ,SchweppesClub Soda 6x222.0 ml,$4.99pack of 6,,$0.37/ 100ml,False
drinks,Lipton,Brisk Lemonade,LiptonBrisk Lemonade1 l,$2.59ea,,$0.26/ 100ml,False
drinks,Flow Water,Alkaline Spring Water,Flow WaterAlkaline Spring Water1000 ml,$2.99ea,,$0.30/ 100ml,False
drinks,PC Blue Menu,Watermelon Sparkling Water,PC Blue MenuWatermelon Sparkling Water12x355.0 ml,$5.99c01,,$0.14/ 100ml,False
drinks,President's Choice,Lemon Carbonated Natural Spring Water,President's ChoiceLemon Carbonated Natural Spring Water1 l,$1.99ea,,$0.20/ 100ml,False
drinks,Earths Own,Unsweetened Almond Milk,Earths OwnUnsweetened Almond Milk1.89 l,$4.49ea,,$0.24/ 100ml,False
drinks,Tetley,Green Tea The Vert Classique 48's ,TetleyGreen Tea The Vert Classique 48's 48 ea,$7.99ea,,$0.17/ 1ea,False
drinks,Twinings,Superblends Flavoured Herbal Tea Spiced Apple & Vanilla,TwiningsSuperblends Flavoured Herbal Tea Spiced Apple & Vanilla18 ea,$6.99ea,$5.99ea,$0.33/ 1ea,True
drinks,Gold Peak,Naturally Flavoured Blueberry Iced Tea ,Gold PeakNaturally Flavoured Blueberry Iced Tea 547 ml,$3.99ea,,$0.73/ 100ml,False
drinks,Balzac's,Espresso Whole Bean Coffee,Balzac'sEspresso Whole Bean Coffee340 g,$16.99ea,,$5.00/ 100g,False
drinks,Caesars,Caesar Squeezer Caesar Seasoning Sauce Main Squeeze,CaesarsCaesar Squeezer Caesar Seasoning Sauce Main Squeeze250 ml,$8.89ea,,$3.56/ 100ml,False
drinks,Crystal Light,Light Strawberry Orange Banana,Crystal LightLight Strawberry Orange Banana39 g,$3.99ea,,$10.28/ 100g,False
drinks,Bai,"Water, Low Calorie Beverage Ipanema Pomegranate","BaiWater, Low Calorie Beverage Ipanema Pomegranate530 ml",$2.99ea,,$0.56/ 100ml,False
drinks,Marley Coffee,"Single Serve K-Cup Compatible Capsules, 100% Ethiopian, Medium Roast","Marley CoffeeSingle Serve K-Cup Compatible Capsules, 100% Ethiopian, Medium Roast24 ea",$18.99ea,$14.99ea,$0.62/ 1ea,True
drinks,President's Choice,Plant Based Sweetened Condensed Coconut Milk,President's ChoicePlant Based Sweetened Condensed Coconut Milk250 ml,$4.29ea,,$1.72/ 100ml,False
drinks,Peace Tea,"Greenest of All Teas Tea, Can","Peace TeaGreenest of All Teas Tea, Can695 ml",$1.99ea,,$0.29/ 100ml,False
drinks,Tim Hortons,"Coffee, Dark Roast","Tim HortonsCoffee, Dark Roast875 g",$24.99ea,,$2.86/ 100g,False
drinks,Action,Alkaline Water,ActionAlkaline Water1 l,$2.99ea,,$0.30/ 100ml,False
drinks,DAVIDsTEA,"Tea, Naturally Flavoured Matcha Drink Mix ","DAVIDsTEATea, Naturally Flavoured Matcha Drink Mix 78 g",$13.99ea,,$17.94/ 100g,False
drinks,Lipton,Brisk Lemon Iced Tea,LiptonBrisk Lemon Iced Tea1 l,$2.59ea,,$0.26/ 100ml,False
drinks,Illy,"Coffee, Ground Espresso Intenso Bold Roast","IllyCoffee, Ground Espresso Intenso Bold Roast250 g",$15.99ea,,$6.40/ 100g,False
drinks,Powerade,"Zero Calorie Blue Rasberry Electrolyte Beverage, Bottle","PoweradeZero Calorie Blue Rasberry Electrolyte Beverage, Bottle710 ml",$2.39ea,,$0.34/ 100ml,False
drinks,Bubly Sparkling Water,bubly blackberry Sparkling Water,Bubly Sparkling Waterbubly blackberry Sparkling Water473 ml,$2.49ea,,$0.53/ 100ml,False
drinks,McCafe,"Coffee, 100% Arabica  Dark Roast Fine Ground  12 Recyclable K-Cup Pods","McCafeCoffee, 100% Arabica  Dark Roast Fine Ground  12 Recyclable K-Cup Pods12 ea",$12.99ea,,$1.08/ 1ea,False
drinks,Exclusive Brands,Strawberry Flavour Magic Sipper,Exclusive BrandsStrawberry Flavour Magic Sipper60 g,$2.99ea,,$4.98/ 100g,False
drinks,President's Choice,Lime Carbonated Natural Spring Water,President's ChoiceLime Carbonated Natural Spring Water1 l,$1.99ea,,$0.20/ 100ml,False
drinks,Rotkappchen,"Vin Rosé, Non-Alcoholic","RotkappchenVin Rosé, Non-Alcoholic750 ml",$8.99ea,,$1.20/ 100ml,False
drinks,President's Choice,French Vanilla Naturally Flavoured Coffee,President's ChoiceFrench Vanilla Naturally Flavoured Coffee250 g,$7.99ea,,$3.20/ 100g,False
drinks,Powerade,"Fruit Punch Electrolyte Beverage, Bottle","PoweradeFruit Punch Electrolyte Beverage, Bottle710 ml",$2.39ea,,$0.34/ 100ml,False
drinks,Earths Own,Almond Fresh Original Beverage,Earths OwnAlmond Fresh Original Beverage1.89 l,$4.49ea,,$0.24/ 100ml,False
drinks,Folgers, Caramel Drizzle K-Cup Coffee Pods 12 Count,Folgers Caramel Drizzle K-Cup Coffee Pods 12 Count12 ea,$9.99ea,,$0.83/ 1ea,False
drinks,Illy,"Coffee, Ground Espresso Intenso Bold Roast","IllyCoffee, Ground Espresso Intenso Bold Roast250 g",$15.99ea,,$6.40/ 100g,False
drinks,Tim Hortons,French Vanilla Coffee,Tim HortonsFrench Vanilla Coffee30 ea,$24.99ea,,$0.83/ 1ea,False
drinks,Gold Peak,"Rasberry Tea, Bottle","Gold PeakRasberry Tea, Bottle547 ml",$3.99ea,,$0.73/ 100ml,False
drinks,Starbucks,Breakfast Blend Whole Bean,StarbucksBreakfast Blend Whole Bean340 g,$12.99ea,,$3.82/ 100g,False
drinks,Lipton,Brisk Lemon Iced Tea,LiptonBrisk Lemon Iced Tea1 l,$2.59ea,,$0.26/ 100ml,False
drinks,Tim Hortons,Colombian Keurig,Tim HortonsColombian Keurig48 ea,$34.99ea,$29.99ea,$0.62/ 1ea,True
drinks,Nestea,Original Lemon Iced Tea   ,NesteaOriginal Lemon Iced Tea   2 kg,$13.99ea,,$0.64/ 100g,False
drinks,President's Choice,Peach Lemonade,President's ChoicePeach Lemonade1.89 l,$3.29ea,,$0.17/ 100ml,False
drinks,McCafe,Premium Roast  Tin   ,McCafePremium Roast  Tin   950 g,$23.99ea,,$2.53/ 100g,False
drinks,Coca-Cola,Diet Coke Cans  ,Coca-ColaDiet Coke Cans  24x355.0 ml,$14.99c24,,$0.18/ 100ml,False
drinks,President's Choice,Low Sodium Club Soda,President's ChoiceLow Sodium Club Soda6x222.0 ml,$3.99pack of 6,,$0.30/ 100ml,False
drinks,Tassimo,"McCafé Premium Roast Coffee Single Serve T-Discs, 14 T-Discs","TassimoMcCafé Premium Roast Coffee Single Serve T-Discs, 14 T-Discs14 ea",$11.99ea,,$0.86/ 1ea,False
drinks,No Name,Apple Juice from Concentrate,No NameApple Juice from Concentrate10x200.0 ml,$2.99ea,,$0.15/ 100ml,False
drinks,MiO,Mango Peach Liquid Water Enhancer,MiOMango Peach Liquid Water Enhancer48 ml,$4.29ea,,$8.94/ 100ml,False
drinks,President's Choice,Cranberry Ginger Ale,President's ChoiceCranberry Ginger Ale12x355.0 ml,$6.49pack of 12,,$0.15/ 100ml,False
drinks,Simply,Orange Juice,SimplyOrange Juice340 ml,$3.29ea,,$0.97/ 100ml,False
drinks,Brisk,Lemon Iced Tea    ,BriskLemon Iced Tea    12x355.0 ml,$7.49pack of 12,,$0.18/ 100ml,False
drinks,Canada Dry,Limited Edition Cranberry Ginger Ale,Canada DryLimited Edition Cranberry Ginger Ale500 ml,$2.99ea,,$0.60/ 100ml,False
drinks,San Pellegrino,Naturali Aranciata Sparkling Orange Beverage,San PellegrinoNaturali Aranciata Sparkling Orange Beverage6x330.0 ml,$7.49c06,,$0.38/ 100ml,False
drinks,Sunny Delight,Tangy,Sunny DelightTangy1.89 l,$3.79ea,,$0.20/ 100ml,False
drinks,President's Choice,Gourmet Medium Roast Whole Bean Coffee,President's ChoiceGourmet Medium Roast Whole Bean Coffee907 g,$14.99ea,,$1.65/ 100g,False
drinks,Silk,"Coconut Beverage, Original, Plant Based Dairy-Free Milk","SilkCoconut Beverage, Original, Plant Based Dairy-Free Milk1.89 l",$5.49ea,,$0.29/ 100ml,False
drinks,President's Choice,Gourmet Medium Roast Compostable Coffee Pods Club Size,President's ChoiceGourmet Medium Roast Compostable Coffee Pods Club Size72 ea,$34.99ea,,$0.49/ 1ea,False
drinks,Tealish,Green Tea Organic Ginger Glow,TealishGreen Tea Organic Ginger Glow37.5 g,$9.99ea,,$26.64/ 100g,False
drinks,Lipton,"Iced Tea Raspberry, 12 cans","LiptonIced Tea Raspberry, 12 cans12x340.0 ml",$7.49c12,,$0.18/ 100ml,False
drinks,Twinings,20ct Lady Grey,Twinings20ct Lady Grey20 ea,$6.49ea,,$0.32/ 1ea,False
drinks,President's Choice,100% Orange Mango Juice,President's Choice100% Orange Mango Juice1 l,$1.99ea,,$0.20/ 100ml,False
drinks,President's Choice,Pomegranate Lemonade,President's ChoicePomegranate Lemonade1.89 l,$3.29ea,,$0.17/ 100ml,False
drinks,Minute Maid,"Berry Punch Juice Beverage, 10 Pack","Minute MaidBerry Punch Juice Beverage, 10 Pack10x200.0 ml",$4.19ea,$3.99ea,$0.20/ 100ml,True
drinks,President's Choice,Raspberry Mist Naturally Fruit-Flavoured Water Beverage,President's ChoiceRaspberry Mist Naturally Fruit-Flavoured Water Beverage6x500.0 ml,$3.99pack of 6,,$0.13/ 100ml,False
drinks,President's Choice,Free & Clear Key Lime Sparkling Water ,President's ChoiceFree & Clear Key Lime Sparkling Water 1 l,$1.99ea,,$0.20/ 100ml,False
drinks,Montellier,Natural Water ,MontellierNatural Water 10x355.0 ml,$7.49pack of 10,,$0.21/ 100ml,False
drinks,Rougemont,100% Pure Apple Juice with Calcium and Vitamin D,Rougemont100% Pure Apple Juice with Calcium and Vitamin D2 l,$3.69ea,,$0.18/ 100ml,False
drinks,Partake,Craft Non-Alcoholic Beer Blonde,PartakeCraft Non-Alcoholic Beer Blonde4x355.0 ml,$8.49c04,,$0.60/ 100ml,False
drinks,Lipton,Yellow Label Black Tea Refreshing Taste ,LiptonYellow Label Black Tea Refreshing Taste 200 g,$10.99ea,,$5.50/ 100g,False
drinks,Tim Hortons,Coffee,Tim HortonsCoffee14 ea,$12.99ea,,$0.93/ 1ea,False
drinks,Dr Pepper,Soda,Dr PepperSoda12x355.0 ml,$7.49c12,,$0.18/ 100ml,False
drinks,Tazo,Wild Sweet Orange Tea,TazoWild Sweet Orange Tea20 ea,$6.99ea,,$0.35/ 1ea,False
drinks,Partake,Nonalcoholic Craft Beer    ,PartakeNonalcoholic Craft Beer    4x355.0 ml,$8.49pack of 4,,$0.60/ 100ml,False
drinks,President's Choice,Free & Clear Tangerine-Lime Sparkling Water ,President's ChoiceFree & Clear Tangerine-Lime Sparkling Water 1 l,$1.99ea,,$0.20/ 100ml,False
drinks,Starbucks,Breakfast Blend Ground Coffee,StarbucksBreakfast Blend Ground Coffee340 g,$12.99ea,,$3.82/ 100g,False
drinks,Balzac's,Marble Roast Bold Balanced Coffee Pods,Balzac'sMarble Roast Bold Balanced Coffee Pods189 g,$17.99ea,,$9.52/ 100g,False
drinks,Starbucks,"Coffee, Sumatra Single-Origin Dark Roast Ground  K-Cup Pods","StarbucksCoffee, Sumatra Single-Origin Dark Roast Ground  K-Cup Pods10 ea",$12.99ea,,$1.30/ 1ea,False
drinks,DAVIDsTEA,Loose Leaf Tea Fruit Infusion Frozen Raspberry,DAVIDsTEALoose Leaf Tea Fruit Infusion Frozen Raspberry50 g,$9.99ea,,$19.98/ 100g,False
drinks,President's Choice,Peach Ginger Sparkling Soda  ,President's ChoicePeach Ginger Sparkling Soda  12x355.0 ml,$6.49pack of 12,,$0.15/ 100ml,False
drinks,7Up,Zero Soda,7UpZero Soda12x355.0 ml,$7.49c12,,$0.18/ 100ml,False
drinks,No Name,Lemon Juice,No NameLemon Juice946 ml,$2.79ea,,$0.29/ 100ml,False
drinks,Coca-Cola,Pure North Cucumber Lime ,Coca-ColaPure North Cucumber Lime 355 ml,$3.49ea,,$0.98/ 100ml,False
drinks,President's Choice,Strawberry Lemonade,President's ChoiceStrawberry Lemonade1.54 l,$3.99ea,,$0.26/ 100ml,False
drinks,Monster Energy,Can,Monster EnergyCan8x355.0 ml,$23.99c08,,$0.84/ 100ml,False
drinks,President's Choice,Berry Flavour Hibiscus Herbal Tea,President's ChoiceBerry Flavour Hibiscus Herbal Tea1.54 l,$3.99ea,,$0.26/ 100ml,False
drinks,President's Choice,Chai Black Tea,President's ChoiceChai Black Tea20 ea,$3.99ea,,$9.98/ 100g,False
drinks,Minute Maid,"Fruit Punch Juice Beverage, Carton","Minute MaidFruit Punch Juice Beverage, Carton1 l",$2.49ea,,$0.25/ 100ml,False
drinks,President's Choice,Mint Refresher Herbal Tea,President's ChoiceMint Refresher Herbal Tea20 ea,$3.99ea,,$0.20/ 1ea,False
drinks,Red Rose,Orange Pekoe Black Tea,Red RoseOrange Pekoe Black Tea72 ea,$6.79ea,,$0.09/ 1ea,False
drinks,President's Choice,Lemon Iced Tea Naturally Flavoured,President's ChoiceLemon Iced Tea Naturally Flavoured12x355.0 ml,$6.49pack of 12,,$0.15/ 100ml,False
drinks,President's Choice,Colombian Supremo Medium Roast 100% Arabica Single Serve Coffee Pods,President's ChoiceColombian Supremo Medium Roast 100% Arabica Single Serve Coffee Pods30 ea,$14.99ea,,$0.50/ 1ea,False
drinks,President's Choice,Grape Soda ,President's ChoiceGrape Soda 12x355.0 ml,$6.49pack of 12,,$0.15/ 100ml,False
drinks,Ocean Spray,"100% Juice Blends 100% Juice, Cranberry and Raspberry","Ocean Spray100% Juice Blends 100% Juice, Cranberry and Raspberry1.77 l",$3.79ea,,$0.21/ 100ml,False
drinks,Coca-Cola,Coffee Dark Blend,Coca-ColaCoffee Dark Blend355 ml,$3.49ea,,$0.98/ 100ml,False
drinks,PC Blue Menu,Natural Sparkling Water ,PC Blue MenuNatural Sparkling Water 1 l,$1.39ea,,$0.14/ 100ml,False
drinks,President's Choice,Free & Clear Golden Peach Sparkling Water ,President's ChoiceFree & Clear Golden Peach Sparkling Water 1 l,$1.99ea,,$0.20/ 100ml,False
drinks,No Name,Tomato Juice,No NameTomato Juice540 ml,$2.19ea,,$0.41/ 100ml,False
drinks,V8,V-Go Vegetable Cocktail,V8V-Go Vegetable Cocktail1.89 l,$4.79ea,,$0.25/ 100ml,False
drinks,Bolthouse,Vanilla Chai Tea,BolthouseVanilla Chai Tea946 ml,$6.99ea,,$0.74/ 100ml,False
drinks,President's Choice,Original Carbonated Natural Spring Water,President's ChoiceOriginal Carbonated Natural Spring Water1 l,$1.99ea,,$0.20/ 100ml,False
drinks,Twinings,Superblends Herbal Tea Peppermint & Fennel,TwiningsSuperblends Herbal Tea Peppermint & Fennel18 ea,$6.99ea,$5.99ea,$0.33/ 1ea,True
drinks,DAVIDsTEA,Fruit Infusion Forever Nuts,DAVIDsTEAFruit Infusion Forever Nuts30 g,$9.99ea,,$33.30/ 100g,False
drinks,Dole,Apple Juice ,DoleApple Juice 12x340.0 ml,$7.99pack of 12,,$0.20/ 100ml,False
drinks,Limmi,Lemon Juice,LimmiLemon Juice200 ml,$1.99ea,,$1.00/ 100ml,False
drinks,Starbucks,Winter Blend Ground Coffee,StarbucksWinter Blend Ground Coffee283 g,$12.99ea,,$4.59/ 100g,False
drinks,Rally,Non-Alcoholic Beer Dry Run Pale Ale Electrolytes,RallyNon-Alcoholic Beer Dry Run Pale Ale Electrolytes1420 ml,$8.99c04,,$0.63/ 100ml,False
drinks,Exclusive Brands,Chocolate Flavour Magic Sipper ,Exclusive BrandsChocolate Flavour Magic Sipper 60 g,$2.99ea,,$4.98/ 100g,False
drinks,Tea at the White House,Black Tea Sticky Toffee Pudding,Tea at the White HouseBlack Tea Sticky Toffee Pudding31.2 g,$9.99ea,,$32.02/ 100g,False
drinks,Twinings,Superblends Flavoured Herbal Tea Lemon & Ginger,TwiningsSuperblends Flavoured Herbal Tea Lemon & Ginger18 ea,$6.99ea,,$0.39/ 1ea,False
drinks,Starbucks,Whole Bean 100% Arabica Coffee Espresso Roast Dark Roast,StarbucksWhole Bean 100% Arabica Coffee Espresso Roast Dark Roast907 g,$26.99ea,,$2.98/ 100g,False
drinks,Tassimo,Nabob Breakfast Blend Coffee Single Serve T-Discs,TassimoNabob Breakfast Blend Coffee Single Serve T-Discs14 ea,$11.99ea,,$9.75/ 100g,False
drinks,Remedy,Kombucha Raspberry Lemonade    ,RemedyKombucha Raspberry Lemonade    330 ml,$3.99ea,,$1.21/ 100ml,False
drinks,Vin(zero),"Chardonnay, Non-Alcoholic     ","Vin(zero)Chardonnay, Non-Alcoholic     750 ml",$11.50ea,$9.99ea,$1.33/ 100ml,True
drinks,Twinings,"Tea, Camomile, Honey & Vanilla Herbal ","TwiningsTea, Camomile, Honey & Vanilla Herbal 20 ea",$6.49ea,,$0.32/ 1ea,False
drinks,Starbucks,Tripleshot Café Mocha,StarbucksTripleshot Café Mocha444 ml,$3.99ea,,$0.90/ 100ml,False
drinks,Schweppes,Tonic Water ,SchweppesTonic Water 6x222.0 ml,$4.99pack of 6,,$0.37/ 100ml,False
drinks,Greenhouse,Grapefruit Organic Kombucha,GreenhouseGrapefruit Organic Kombucha340 ml,$4.99ea,,$0.82/ 100g,False
drinks,Odouls,Beer Dealcoholized,OdoulsBeer Dealcoholized12x355.0 ml,$14.99pack of 12,,$0.35/ 100ml,False
drinks,DAVIDsTEA,Black Tea Cream Of Earl Grey Organic,DAVIDsTEABlack Tea Cream Of Earl Grey Organic22.8 g,$9.99ea,,$43.82/ 100g,False
drinks,CLAUSTHALER,Classic Beer Non-Alcoholic ,CLAUSTHALERClassic Beer Non-Alcoholic 4x330.0 ml,$7.99pack of 4,,$0.61/ 100ml,False
drinks,Balzac's,A Dark Affair Whole Bean Coffee,Balzac'sA Dark Affair Whole Bean Coffee340 g,$16.99ea,,$5.00/ 100g,False
drinks,President's Choice,100% Tropical Juice,President's Choice100% Tropical Juice1 l,$1.99ea,,$0.20/ 100ml,False
drinks,Rougemont,No Sugar Added Low Acid Mellow Apple Juice,RougemontNo Sugar Added Low Acid Mellow Apple Juice2 l,$3.69ea,,$0.18/ 100ml,False
drinks,President's Choice,Diet Lemonade Sparkling Soda  ,President's ChoiceDiet Lemonade Sparkling Soda  12x355.0 ml,$6.49pack of 12,,$0.15/ 100ml,False
drinks,Fruite,Limited Edition Raspberry Lemonade,FruiteLimited Edition Raspberry Lemonade2 l,$2.89ea,,$0.14/ 100ml,False
drinks,President's Choice,Cola,President's ChoiceCola222 ml,$3.99c06,,$0.30/ 100ml,False
drinks,President's Choice,100% Orange Juice,President's Choice100% Orange Juice10x200.0 ml,$3.89ea,,$0.19/ 100ml,False
drinks,Carnation,Variety Pack Hot Chocolate Envelopes,CarnationVariety Pack Hot Chocolate Envelopes175 g,$4.99ea,$3.99ea,$2.28/ 100g,True
drinks,President's Choice,The Decadent Chocolate Chip Cookie Flavour Hot Chocolate Mix,President's ChoiceThe Decadent Chocolate Chip Cookie Flavour Hot Chocolate Mix500 g,$4.99ea,$4.49ea,$0.90/ 100g,True
drinks,Earths Own,"Almond Fresh, Chocolate","Earths OwnAlmond Fresh, Chocolate1.89 l",$4.49ea,,$0.24/ 100ml,False
drinks,Starbucks,Verona Dark Roast Whole Bean Coffee Bag,StarbucksVerona Dark Roast Whole Bean Coffee Bag340 g,$12.99ea,,$3.82/ 100g,False
drinks,President's Choice,Ginger Ale Flavour Sparkling Water,President's ChoiceGinger Ale Flavour Sparkling Water12x355.0 ml,$5.99c01,,$0.14/ 100ml,False
drinks,Starbucks,"Caffè Verona Capsules, Ground Coffee For Nespresso Vurtuo","StarbucksCaffè Verona Capsules, Ground Coffee For Nespresso Vurtuo100 g",$11.49ea,,$11.49/ 100g,False
drinks,Starbucks,Pike Place Roast Medium Roast Ground Coffee K-Cup Pods,StarbucksPike Place Roast Medium Roast Ground Coffee K-Cup Pods24 ea,$24.99ea,,$1.04/ 1ea,False
drinks,President's Choice,Lemonade,President's ChoiceLemonade12x355.0 ml,$6.49pack of 12,,$0.15/ 100ml,False
drinks,Glaceau,"Acai-Blueberry-Pomegranate Nutrient Enhanced Water, Bottle","GlaceauAcai-Blueberry-Pomegranate Nutrient Enhanced Water, Bottle591 ml",$2.99ea,,$0.51/ 100ml,False
drinks,No Name,Fruit Punch,No NameFruit Punch2 l,$1.49ea,,$0.07/ 100ml,False
drinks,Glaceau,"Water, Bottle","GlaceauWater, Bottle1 l",$3.29ea,,$0.33/ 100ml,False
drinks,Bolthouse,Strawberry Banana,BolthouseStrawberry Banana946 ml,$6.99ea,,$0.74/ 100ml,False
drinks,President's Choice,100% Apple Grape Juice,President's Choice100% Apple Grape Juice1 l,$1.99ea,,$0.20/ 100ml,False
drinks,MiO,Cherry Blackberry Liquid Water Enhancer,MiOCherry Blackberry Liquid Water Enhancer48 ml,$4.29ea,,$8.94/ 100ml,False
drinks,Perrier,Carbonated Natural Spring Water,PerrierCarbonated Natural Spring Water10x250.0 ml,$8.99pack of 10,,$0.36/ 100ml,False
drinks,President's Choice,Ginger Ale,President's ChoiceGinger Ale12x355.0 ml,$6.49pack of 12,,$0.15/ 100ml,False
drinks,President's Choice,Berry Pomegranate Liquid Water Enhancer,President's ChoiceBerry Pomegranate Liquid Water Enhancer48 ml,$3.99ea,,$8.31/ 100ml,False
drinks,Kraft,Grape Liquid Drink Mix,KraftGrape Liquid Drink Mix48 ml,$4.29ea,,$8.94/ 100ml,False
drinks,Danone,"Cold Brew Coffee, Black Lightly Sweetened","DanoneCold Brew Coffee, Black Lightly Sweetened1.42 l",$9.99ea,,$0.70/ 100ml,False
drinks,President's Choice,100% Tropical Juice,President's Choice100% Tropical Juice1 l,$1.99ea,,$0.20/ 100ml,False
drinks,Rougemont,No Sugar Added Low Acid Mellow Apple Juice,RougemontNo Sugar Added Low Acid Mellow Apple Juice2 l,$3.69ea,,$0.18/ 100ml,False
drinks,President's Choice,Diet Lemonade Sparkling Soda  ,President's ChoiceDiet Lemonade Sparkling Soda  12x355.0 ml,$6.49pack of 12,,$0.15/ 100ml,False
drinks,Fruite,Limited Edition Raspberry Lemonade,FruiteLimited Edition Raspberry Lemonade2 l,$2.89ea,,$0.14/ 100ml,False
drinks,President's Choice,Cola,President's ChoiceCola222 ml,$3.99c06,,$0.30/ 100ml,False
drinks,President's Choice,100% Orange Juice,President's Choice100% Orange Juice10x200.0 ml,$3.89ea,,$0.19/ 100ml,False
drinks,Carnation,Variety Pack Hot Chocolate Envelopes,CarnationVariety Pack Hot Chocolate Envelopes175 g,$4.99ea,$3.99ea,$2.28/ 100g,True
drinks,President's Choice,The Decadent Chocolate Chip Cookie Flavour Hot Chocolate Mix,President's ChoiceThe Decadent Chocolate Chip Cookie Flavour Hot Chocolate Mix500 g,$4.99ea,$4.49ea,$0.90/ 100g,True
drinks,President's Choice,Cola,President's ChoiceCola12x355.0 ml,$6.49pack of 12,,$0.15/ 100ml,False
drinks,V8,"V-Go Vegetable Cocktail, Original","V8V-Go Vegetable Cocktail, Original1.89 l",$4.79ea,,$0.25/ 100ml,False
drinks,Glaceau,Squeezed Zero Calorie Nutrient Enhanced Water Bottle,GlaceauSqueezed Zero Calorie Nutrient Enhanced Water Bottle591 ml,$2.99ea,,$0.51/ 100ml,False
drinks,Kool-Aid,Cherry Drink Mix,Kool-AidCherry Drink Mix2 kg,$14.99ea,,$0.65/ 100g,False
drinks,Allen's,Peach Cocktail,Allen'sPeach Cocktail24x200.0 ml,$6.29c01,,$0.13/ 100ml,False
drinks,Pepsi,Zero Sugar Soda    ,PepsiZero Sugar Soda    591 ml,$2.99ea,,$0.51/ 100ml,False
drinks,Tang's,Orange Drink Mix,Tang'sOrange Drink Mix276 g,$2.79ea,,$1.01/ 100g,False
drinks,President's Choice,Strawberry Mist Naturally Fruit-Flavoured Water Beverage,President's ChoiceStrawberry Mist Naturally Fruit-Flavoured Water Beverage6x500.0 ml,$3.99pack of 6,,$0.13/ 100ml,False
drinks,Ocean Spray,"100% Juice Blends 100% Juice, Cranberry and Grape","Ocean Spray100% Juice Blends 100% Juice, Cranberry and Grape1.77 l",$3.79ea,,$0.21/ 100ml,False
drinks,Tim Hortons,"Fine Grain Coffee, Decaffeinated","Tim HortonsFine Grain Coffee, Decaffeinated300 g",$10.99ea,$8.99ea,$3.00/ 100g,True
drinks,No Name,Orange Drink Mix Club Size,No NameOrange Drink Mix Club Size2.3 kg,$7.49ea,,$0.33/ 100g,False
drinks,PC Blue Menu,Watermelon Sparkling Water ,PC Blue MenuWatermelon Sparkling Water 1 l,$1.39ea,,$0.14/ 100ml,False
drinks,Five Alive,"Citrus Juice, 8 Pack","Five AliveCitrus Juice, 8 Pack8x200.0 ml",$4.19ea,$3.99ea,$0.25/ 100ml,True
drinks,PC Blue Menu,8-Vegetable Cocktail,PC Blue Menu8-Vegetable Cocktail1.89 l,$3.49ea,,$0.18/ 100ml,False
drinks,Mott's,Garden Cocktail,Mott'sGarden Cocktail1.89 l,$4.19ea,,$0.22/ 100ml,False
drinks,Peace Tea,Sno-Berry,Peace TeaSno-Berry695 ml,$1.99ea,,$0.29/ 100ml,False
drinks,President's Choice,Hot Chocolate Mix Single Serve Pods,President's ChoiceHot Chocolate Mix Single Serve Pods12 ea,$7.49ea,$6.99ea,$0.58/ 1ea,True
drinks,President's Choice,Spicy Tomato Clam Cocktail,President's ChoiceSpicy Tomato Clam Cocktail1.89 l,$2.79ea,,$0.15/ 100ml,False
drinks,No Name,Unsweetened Orange Juice from Concentrate Boxes,No NameUnsweetened Orange Juice from Concentrate Boxes10x200.0 ml,$2.99ea,,$0.15/ 100ml,False
drinks,PC Blue Menu,Ruby Red Grapefruit Cocktail,PC Blue MenuRuby Red Grapefruit Cocktail2 l,$3.49ea,,$0.18/ 100ml,False
drinks,President's Choice,Natural Spring Water,President's ChoiceNatural Spring Water1.5 l,$1.29ea,,$0.09/ 100ml,False
drinks,No Name,Lemonade Drink Mix Club Size,No NameLemonade Drink Mix Club Size2.3 kg,$7.49ea,,$0.33/ 100g,False
drinks,Crystal Light,"Singles, Pink Lemonade","Crystal LightSingles, Pink Lemonade45 g",$3.99ea,,$8.87/ 100g,False
drinks,President's Choice,Cranberry Cocktail,President's ChoiceCranberry Cocktail1.89 l,$3.49ea,,$0.18/ 100ml,False
drinks,Allen's,Grape Cocktail,Allen'sGrape Cocktail8x200.0 ml,$3.29ea,$2.99ea,$0.19/ 100ml,True
drinks,President's Choice,Mango Lemonade,President's ChoiceMango Lemonade1.89 l,$3.29ea,,$0.17/ 100ml,False
drinks,Minute Maid,"100% Apple Juice From Concentrate, 8 Pack","Minute Maid100% Apple Juice From Concentrate, 8 Pack8x200.0 ml",$4.19ea,$3.99ea,$0.25/ 100ml,True
drinks,Glaceau,Smartwater Vapour Distilled Water Beverage Antioxidant,GlaceauSmartwater Vapour Distilled Water Beverage Antioxidant1 l,$3.29ea,,$0.33/ 100ml,False
drinks,Glaceau,Vitamin Water Nutrient Enhanced Water Beverage Zero Calorie Xoxox Acai Blueberry Pomegranate,GlaceauVitamin Water Nutrient Enhanced Water Beverage Zero Calorie Xoxox Acai Blueberry Pomegranate591 ml,$2.99ea,,$0.51/ 100ml,False
drinks,President's Choice,100% Mango Juice ,President's Choice100% Mango Juice 1 l,$1.99ea,,$0.20/ 100ml,False
drinks,Pepsi,Sleek Soda     ,PepsiSleek Soda     15x222.0 ml,$7.49pack of 15,,$0.22/ 100ml,False
drinks,PC Blue Menu,Lime Sparkling Water,PC Blue MenuLime Sparkling Water1 l,$1.39ea,,$0.14/ 100ml,False
drinks,Sunny Delight,Smooth,Sunny DelightSmooth6x240.0 ml,$4.39ea,,$0.30/ 100ml,False
drinks,Heinz,Tomato Juice,HeinzTomato Juice1.36 l,$3.79ea,,$0.28/ 100ml,False
drinks,President's Choice,Tangerine Grapefruit Liquid Water Enhancer,President's ChoiceTangerine Grapefruit Liquid Water Enhancer48 ml,$3.99ea,,$8.31/ 100ml,False
drinks,President's Choice,Espresso Perfetto 100% Arabica Coffee,President's ChoiceEspresso Perfetto 100% Arabica Coffee907 g,$14.99ea,,$1.65/ 100g,False
drinks,President's Choice,Rose Dealcoholized Wine,President's ChoiceRose Dealcoholized Wine750 ml,$7.99ea,,$1.07/ 100ml,False
drinks,Lavazza,Crema & Gusto,LavazzaCrema & Gusto250 g,$6.49ea,,$2.60/ 100g,False
drinks,Allen's,Peach Cocktail,Allen'sPeach Cocktail24x200.0 ml,$6.29c01,,$0.13/ 100ml,False
drinks,Pepsi,Zero Sugar Soda    ,PepsiZero Sugar Soda    591 ml,$2.99ea,,$0.51/ 100ml,False
drinks,Tang's,Orange Drink Mix,Tang'sOrange Drink Mix276 g,$2.79ea,,$1.01/ 100g,False
drinks,President's Choice,Strawberry Mist Naturally Fruit-Flavoured Water Beverage,President's ChoiceStrawberry Mist Naturally Fruit-Flavoured Water Beverage6x500.0 ml,$3.99pack of 6,,$0.13/ 100ml,False
drinks,Ocean Spray,"100% Juice Blends 100% Juice, Cranberry and Grape","Ocean Spray100% Juice Blends 100% Juice, Cranberry and Grape1.77 l",$3.79ea,,$0.21/ 100ml,False
drinks,Oasis,"Orange Juice with Pulp, Not from Concentrate","OasisOrange Juice with Pulp, Not from Concentrate1.5 l",$6.49ea,,$0.43/ 100ml,False
drinks,Glaceau,Smart Water ,GlaceauSmart Water 6x1.0 l,$14.99pack of 6,,$0.25/ 100ml,False
drinks,MiO,Lemonade Liquid Water Enhancer,MiOLemonade Liquid Water Enhancer48 ml,$4.29ea,,$8.94/ 100ml,False
drinks,Van Houtte,"Colombian Dark K-Cup Coffee Pods, 24 Count","Van HoutteColombian Dark K-Cup Coffee Pods, 24 Count24 ea",$20.99ea,$17.99ea,$0.75/ 1ea,True
drinks,Maxwell House,Original Roast Ground Coffee,Maxwell HouseOriginal Roast Ground Coffee925 g,$12.99ea,,$1.40/ 100g,False
drinks,Canada Dry,Ginger Ale ,Canada DryGinger Ale 24x355.0 ml,$14.99pack of 24,,$0.18/ 100ml,False
drinks,Kool-Aid,Tropical Punch Liquid Drink Mix,Kool-AidTropical Punch Liquid Drink Mix48 ml,$4.29ea,,$8.94/ 100ml,False
drinks,President's Choice,The Great Canadian Light to Medium Roast 100% Arabica Coffee,President's ChoiceThe Great Canadian Light to Medium Roast 100% Arabica Coffee72 ea,$34.99ea,,$0.49/ 1ea,False
drinks,President's Choice,Grape Cranberry Cocktail,President's ChoiceGrape Cranberry Cocktail1.89 l,$3.49ea,,$0.18/ 100ml,False
drinks,Del Monte,Orange Juice Without Pulp,Del MonteOrange Juice Without Pulp2.5 l,$8.99ea,,$0.36/ 100ml,False
drinks,President's Choice,Blonde Brew Dealcoholized Lager Beer,President's ChoiceBlonde Brew Dealcoholized Lager Beer12x355.0 ml,$8.99pack of 12,,$0.21/ 100ml,False
drinks,President's Choice,Peach Mist Naturally Fruit-Flavoured Water Beverage,President's ChoicePeach Mist Naturally Fruit-Flavoured Water Beverage6x500.0 ml,$3.99pack of 6,,$0.13/ 100ml,False
drinks,Pride Of Arabia,Whole Bean Arabica Coffee,Pride Of ArabiaWhole Bean Arabica Coffee907 g,$19.99ea,,$2.20/ 100g,False
drinks,Five Alive,Mango Citrus Juice,Five AliveMango Citrus Juice1.75 l,$4.79ea,,$0.27/ 100ml,False
drinks,President's Choice,Chardonnay Dealcoholized Wine,President's ChoiceChardonnay Dealcoholized Wine750 ml,$7.99ea,,$1.07/ 100ml,False
drinks,Minute Maid,"No Sugar Fruit Punch Juice Beverage, 8 Pack","Minute MaidNo Sugar Fruit Punch Juice Beverage, 8 Pack8x200.0 ml",$4.19ea,$3.99ea,$0.25/ 100ml,True
drinks,AQUAFINA,Water    ,AQUAFINAWater    591 ml,$2.99ea,,$0.51/ 100ml,False
drinks,Carnation,Marshmallow Hot Chocolate Canister,CarnationMarshmallow Hot Chocolate Canister450 g,$5.99ea,,$1.33/ 100g,False
drinks,Perrier,Carbonated Natural Spring Water With Natural Lemon Flavour,PerrierCarbonated Natural Spring Water With Natural Lemon Flavour10x250.0 ml,$8.99pack of 10,,$0.36/ 100ml,False
drinks,Carnation,"Hot Chocolate Mix, Cookies and Creme - 7 sachets","CarnationHot Chocolate Mix, Cookies and Creme - 7 sachets175 g",$3.99ea,,$2.28/ 100g,False
drinks,Oasis,Orange Carrot Mango Juice,OasisOrange Carrot Mango Juice1.75 l,$6.49ea,,$0.37/ 100ml,False
drinks,San Pellegrino,Naturali Aranciata Rossa Sparkling Orange & Blood Orange Beverage,San PellegrinoNaturali Aranciata Rossa Sparkling Orange & Blood Orange Beverage6x330.0 ml,$7.49c06,,$0.38/ 100ml,False
drinks,Lavazza,Roasted Ground Coffee Qualità Rossa,LavazzaRoasted Ground Coffee Qualità Rossa250 g,$6.49ea,,$2.60/ 100g,False
drinks,Nestea,"Lemon Tea, Cartons 10 Pack","NesteaLemon Tea, Cartons 10 Pack10x200.0 ml",$4.19ea,$3.99ea,$0.20/ 100ml,True
drinks,No Name,Chocolate Syrup,No NameChocolate Syrup2 l,$12.99ea,,$0.65/ 100ml,False
drinks,Simply,Real Fruit Beverage Peach,SimplyReal Fruit Beverage Peach340 ml,$3.29ea,,$0.97/ 100ml,False
drinks,President's Choice,Ginger Ale,President's ChoiceGinger Ale6x222.0 ml,$3.99pack of 6,,$0.30/ 100ml,False
drinks,Crush,Liquid Water Enhancer Grape,CrushLiquid Water Enhancer Grape48 ml,$3.99ea,,$8.31/ 100ml,False
drinks,President's Choice,Orange Soda,President's ChoiceOrange Soda12x355.0 ml,$6.49pack of 12,,$0.15/ 100ml,False
drinks,President's Choice,Decaf Orange Pekoe Tea,President's ChoiceDecaf Orange Pekoe Tea48 ea,$4.99ea,,$0.10/ 1ea,False
drinks,Peace Tea,"Peach Tea, Cherry","Peace TeaPeach Tea, Cherry695 ml",$1.99ea,,$0.29/ 100ml,False
drinks,Starbucks,Blonde Roast Iced Coffee,StarbucksBlonde Roast Iced Coffee1.42 l,$9.99ea,,$0.70/ 100ml,False
drinks,Minute Maid,Fruit Punch,Minute MaidFruit Punch1.54 l,$4.99ea,,$0.32/ 100ml,False
drinks,Twinings,Herbal Tea Goodnight Blend,TwiningsHerbal Tea Goodnight Blend50 ea,$10.99ea,,$0.22/ 1ea,False
drinks,President's Choice,Diet Grapefruit Sparkling Soda,President's ChoiceDiet Grapefruit Sparkling Soda12x355.0 ml,$6.49pack of 12,,$0.15/ 100ml,False
drinks,Real Lemon,Single Strength Lemon Juice,Real LemonSingle Strength Lemon Juice125 ml,$1.49ea,,$1.19/ 100ml,False
drinks,Oasis,Watermelon Apple Fruit Juice Boxes,OasisWatermelon Apple Fruit Juice Boxes8x200.0 ml,$3.49ea,,$0.22/ 100ml,False
drinks,Lacroix,Cranberry Raspberry     ,LacroixCranberry Raspberry     8x355.0 ml,$6.49c08,,$0.23/ 100ml,False
drinks,President's Choice,Banana Strawberry Flavour 100% Juice Blend,President's ChoiceBanana Strawberry Flavour 100% Juice Blend10x200.0 ml,$3.89ea,,$0.19/ 100ml,False
drinks,Silk,Fortified Oat Beverage Original,SilkFortified Oat Beverage Original946 ml,$3.29ea,,$0.35/ 100ml,False
drinks,Nabob,Breakfast Blend Coffee 100% Compostable Pods,NabobBreakfast Blend Coffee 100% Compostable Pods292 g,$18.99ea,,$6.50/ 100g,False
drinks,Nabob,100% Colombian Coffee 100% Compostable Pods,Nabob100% Colombian Coffee 100% Compostable Pods292 g,$18.99ea,,$6.50/ 100g,False
drinks,Nestle,Nesquik Chocolate Syrup,NestleNesquik Chocolate Syrup700 ml,$6.99ea,,$1.00/ 100ml,False
drinks,Monster Energy,Drink Ultra Fiesta,Monster EnergyDrink Ultra Fiesta473 ml,$3.99ea,,$0.84/ 100ml,False
drinks,Monster Energy,"Zero Calorie Energy Drink, Can","Monster EnergyZero Calorie Energy Drink, Can473 ml",$3.99ea,,$0.84/ 100ml,False
drinks,Monster Energy,"Green Energy Drink, Can","Monster EnergyGreen Energy Drink, Can473 ml",$3.99ea,,$0.84/ 100ml,False
drinks,Silk,"Almond Beverage, Unsweetened Original, Dairy-Free","SilkAlmond Beverage, Unsweetened Original, Dairy-Free1.89 l",$5.49ea,,$0.29/ 100ml,False
drinks,Coca-Cola,Naturally Flavoured Cola Quebec  ,Coca-ColaNaturally Flavoured Cola Quebec  4x355.0 ml,$8.99pack of 4,,$0.63/ 100ml,False
drinks,Reign,Energy Drink Orange Dreamsicle ,ReignEnergy Drink Orange Dreamsicle 473 ml,$3.99ea,,$0.84/ 100ml,False
drinks,Grace,"Island Soda, Cream Soda","GraceIsland Soda, Cream Soda355 ml",$1.29ea,,$0.36/ 100ml,False
drinks,Monster Energy,Punch Energy Drink Mango Loco,Monster EnergyPunch Energy Drink Mango Loco4x473.0 ml,$11.99pack of 4,,$0.63/ 100ml,False
drinks,D&G,"Ting, Grapefruit Drink","D&GTing, Grapefruit Drink300 ml",$1.29ea,,$0.43/ 100ml,False
drinks,Bolthouse,Green Goodness,BolthouseGreen Goodness1.54 l,$9.99ea,,$0.65/ 100ml,False
drinks,Coca-Cola,Classic 500 ml Bottle,Coca-ColaClassic 500 ml Bottle500 ml,$2.99ea,,$0.60/ 100ml,False
drinks,Reign,Razzle Berry Energy Drink,ReignRazzle Berry Energy Drink473 ml,$3.99ea,,$0.84/ 100ml,False
drinks,Folgers, Vanilla Biscotti K-Cup Coffee Pods 12 Count,Folgers Vanilla Biscotti K-Cup Coffee Pods 12 Count12 ea,$9.99ea,,$0.83/ 1ea,False
drinks,Mountain Dew,Zero Sugar,Mountain DewZero Sugar12x355.0 ml,$7.49pack of 12,,$0.18/ 100ml,False
drinks,Tetley,Super Herbal Tea Immune+ Peppermint & Ginger With Zinc And Vitamin D,TetleySuper Herbal Tea Immune+ Peppermint & Ginger With Zinc And Vitamin D20 ea,$4.49ea,$3.99ea,$0.20/ 1ea,True
drinks,Oasis,Smoothie Strawberry Banana,OasisSmoothie Strawberry Banana1.75 l,$6.49ea,,$0.37/ 100ml,False
drinks,Tropicana,Red Grapefruit,TropicanaRed Grapefruit1.54 l,$6.99ea,,$0.45/ 100ml,False
drinks,Silk,"Protein Almond & Cashew Beverage, Unsweetened Original L","SilkProtein Almond & Cashew Beverage, Unsweetened Original L1.75 l",$5.99ea,,$0.34/ 100ml,False
drinks,San Pellegrino,"Sparkling Natural Mineral Water, Tangerine & Wild Strawberry","San PellegrinoSparkling Natural Mineral Water, Tangerine & Wild Strawberry8x330.0 ml",$9.99pack of 8,,$0.38/ 100ml,False
drinks,San Pellegrino,Carbonated Natural Mineral Water,San PellegrinoCarbonated Natural Mineral Water1 l,$2.49ea,,$0.25/ 100ml,False
drinks,Red Bull,"Energy Drink,","Red BullEnergy Drink,4x250.0 ml",$11.49pack of 4,,$1.15/ 100ml,False
drinks,Rockstar,Pure Zero Silver Ice Energy Drink,RockstarPure Zero Silver Ice Energy Drink473 ml,$3.99ea,,$0.84/ 100ml,False
drinks,Silk,"Almond Beverage, Unsweetened, Vanilla Flavour, Dairy-Free","SilkAlmond Beverage, Unsweetened, Vanilla Flavour, Dairy-Free1.89 l",$5.49ea,,$0.29/ 100ml,False
drinks,Starbucks,French Roast Dark Roast Ground Coffee K-Cup Pods,StarbucksFrench Roast Dark Roast Ground Coffee K-Cup Pods10 ea,$12.99ea,,$1.30/ 1ea,False
drinks,Gatorade,Fierce Orange Sports Drink,GatoradeFierce Orange Sports Drink710 ml,$2.39ea,,$0.34/ 100ml,False
drinks,Starbucks,True North Blend Blonde Roast Ground Coffee K-Cup Pods ,StarbucksTrue North Blend Blonde Roast Ground Coffee K-Cup Pods 10 ea,$12.99ea,,$1.30/ 1ea,False
drinks,Red Bull,"Energy Drink, 4 Pack (Case)","Red BullEnergy Drink, 4 Pack (Case)4x355.0 ml",$14.99ea,,$1.06/ 100ml,False
drinks,Canada Dry,Premium Ginger Beer,Canada DryPremium Ginger Beer4x237.0 ml,$8.99pack of 4,,$0.95/ 100ml,False
drinks,Silk,"Almond Beverage, Original, Plant Based Dairy-Free Milk","SilkAlmond Beverage, Original, Plant Based Dairy-Free Milk1.89 l",$5.49ea,,$0.29/ 100ml,False
drinks,Rockstar,Punched Fruit Punch ,RockstarPunched Fruit Punch 4x473.0 ml,$11.99pack of 4,,$0.63/ 100ml,False
drinks,San Pellegrino,Original Sparkling Natural Mineral Water,San PellegrinoOriginal Sparkling Natural Mineral Water8x330.0 ml,$9.99pack of 8,,$0.38/ 100ml,False
drinks,Silk,"Organic Soy Beverage, Original, Dairy-Free","SilkOrganic Soy Beverage, Original, Dairy-Free1.89 l",$5.49ea,,$0.29/ 100ml,False
drinks,Simply,"Lemonade With Raspberry, Bottle","SimplyLemonade With Raspberry, Bottle1.54 l",$6.49ea,,$0.42/ 100ml,False
drinks,Reign,White Gummy Bear,ReignWhite Gummy Bear473 ml,$3.99ea,,$0.84/ 100ml,False
drinks,Monster Energy,"Pipeline Punch Energy Drink, Can","Monster EnergyPipeline Punch Energy Drink, Can473 ml",$3.99ea,,$0.84/ 100ml,False
drinks,President's Choice,Gourmet Swiss Water Process Decaffeinated Medium Roast Coffee,President's ChoiceGourmet Swiss Water Process Decaffeinated Medium Roast Coffee875 g,$14.99ea,,$1.71/ 100g,False
drinks,A&W,Root Beer  ,A&WRoot Beer  4x341.0 ml,$8.99pack of 4,,$0.66/ 100ml,False
drinks,Bubly Sparkling Water,Sparkling Water Cherry ,Bubly Sparkling WaterSparkling Water Cherry 12x355.0 ml,$6.99pack of 12,,$0.16/ 100ml,False
drinks,San Pellegrino,Sparkling Drink Clementine & Peach,San PellegrinoSparkling Drink Clementine & Peach6x330.0 ml,$7.49pack of 6,,$0.38/ 100ml,False
drinks,Pepsi,Diet Soda Caffeine Free,PepsiDiet Soda Caffeine Free2 l,$3.99ea,,$0.20/ 100ml,False
drinks,Canada Dry,Ginger Ale ,Canada DryGinger Ale 6x710.0 ml,$6.99pack of 6,,$0.16/ 100ml,False
drinks,Gold Peak,"Rasberry Tea, Carafe","Gold PeakRasberry Tea, Carafe1.75 l",$5.49ea,,$0.31/ 100ml,False
drinks,President's Choice,Costa Rica Medium Roast Coffee,President's ChoiceCosta Rica Medium Roast Coffee340 g,$8.49ea,,$2.50/ 100g,False
drinks,Oasis,Exotic Mango Fruit Juice,OasisExotic Mango Fruit Juice960 ml,$1.79ea,,$0.19/ 100ml,False
drinks,Mott's,"Clamato, Original","Mott'sClamato, Original1.89 l",$4.29ea,$3.79ea,$0.20/ 100ml,True
drinks,President's Choice,Diet Ginger Ale,President's ChoiceDiet Ginger Ale2 l,$1.99ea,,$0.10/ 100ml,False
drinks,Ocean Spray,Low Calorie Cranberry Raspberry Cocktail,Ocean SprayLow Calorie Cranberry Raspberry Cocktail1.89 l,$3.79ea,,$0.20/ 100ml,False
drinks,Oasis,Apple Juice,OasisApple Juice960 ml,$1.79ea,,$0.19/ 100ml,False
drinks,Carnation,"Rich And Creamy Hot Chocolate, Large Canister","CarnationRich And Creamy Hot Chocolate, Large Canister1.7 kg",$18.99ea,,$1.12/ 100g,False
drinks,Coca-Cola,Soda ,Coca-ColaSoda 6x710.0 ml,$6.99pack of 6,,$0.16/ 100ml,False
drinks,Del Monte,Mango Nectar,Del MonteMango Nectar960 ml,$1.79ea,,$0.19/ 100ml,False
drinks,Oasis,Watermelon Apple Fruit Juice,OasisWatermelon Apple Fruit Juice960 ml,$1.79ea,,$0.19/ 100ml,False
drinks,President's Choice,Spritz Up Lemon-Lime Soda,President's ChoiceSpritz Up Lemon-Lime Soda2 l,$1.99ea,,$0.10/ 100ml,False
drinks,Mott's,"Clamato, Extra Spicy","Mott'sClamato, Extra Spicy1.89 l",$4.29ea,$3.79ea,$0.20/ 100ml,True
drinks,Pepsi,Diet Soda,PepsiDiet Soda2 l,$3.99ea,,$0.20/ 100ml,False
drinks,Carnation,Evaporated Milk,CarnationEvaporated Milk354 ml,$2.49ea,,$0.70/ 100ml,False
drinks,Pure Leaf,Raspberry Iced Tea,Pure LeafRaspberry Iced Tea1.75 l,$5.79ea,$5.49ea,$0.31/ 100ml,True
drinks,Mott's,"Clamato, The Works","Mott'sClamato, The Works1.89 l",$4.29ea,$3.79ea,$0.20/ 100ml,True
drinks,Oasis,Tropical Fruits Fruit Juice And Filtered Water Blend,OasisTropical Fruits Fruit Juice And Filtered Water Blend960 ml,$1.79ea,,$0.19/ 100ml,False
drinks,Tropicana,Blackberry Blueberry Fruit Drink   ,TropicanaBlackberry Blueberry Fruit Drink   1.54 l,$5.69ea,$5.49ea,$0.36/ 100ml,True
drinks,Eagle Brand,Brand Sweetened Condensed Milk,Eagle BrandBrand Sweetened Condensed Milk300 ml,$4.79ea,,$1.60/ 100ml,False
drinks,President's Choice,Medium Roast Colombian Coffee,President's ChoiceMedium Roast Colombian Coffee340 g,$8.49ea,,$2.50/ 100g,False
drinks,Ocean Spray,Diet Cranberry Juice,Ocean SprayDiet Cranberry Juice1.89 l,$3.79ea,,$0.20/ 100ml,False
drinks,Canada Dry,Lemon Lime Club Soda  ,Canada DryLemon Lime Club Soda  12x355.0 ml,$7.49pack of 12,,$0.18/ 100ml,False
drinks,Gatorade,Fruit Punch Sports Drink ,GatoradeFruit Punch Sports Drink 6x591.0 ml,$6.99pack of 6,,$0.20/ 100ml,False
drinks,Gatorade,Zero Glacier Freeze,GatoradeZero Glacier Freeze6x591.0 ml,$6.99pack of 6,,$0.20/ 100ml,False
drinks,Gatorade,Glacier Cherry Sports Drink ,GatoradeGlacier Cherry Sports Drink 6x591.0 ml,$6.99pack of 6,,$0.20/ 100ml,False
drinks,Coca-Cola,Diet Coke  ,Coca-ColaDiet Coke  6x222.0 ml,$4.99pack of 6,,$0.37/ 100ml,False
drinks,Montellier,Carbonated Water Lemon    ,MontellierCarbonated Water Lemon    1 l,$1.59ea,,$0.16/ 100ml,False
drinks,Coca-Cola,"Diet , Bottle","Coca-ColaDiet , Bottle2 l",$3.99ea,,$0.20/ 100ml,False
drinks,Canada Dry,Tonic Water ,Canada DryTonic Water 12x355.0 ml,$7.49c12,,$0.18/ 100ml,False
drinks,Barq's,Root Beer ,Barq'sRoot Beer 12x355.0 ml,$7.49pack of 12,,$0.18/ 100ml,False
drinks,Canada Dry,Club Soda ,Canada DryClub Soda 12x355.0 ml,$7.49c12,,$0.18/ 100ml,False
drinks,Coca-Cola,Classic,Coca-ColaClassic6x222.0 ml,$4.99c06,,$0.37/ 100ml,False
drinks,Coca-Cola,Soda ,Coca-ColaSoda 12x355.0 ml,$7.49pack of 12,,$0.18/ 100ml,False
drinks,Coca-Cola,Diet Coke Caffeine Free,Coca-ColaDiet Coke Caffeine Free12x355.0 ml,$7.49pack of 12,,$0.18/ 100ml,False
drinks,Fresca,Soda Sugar-Free Natural Grapefruit Flavour,FrescaSoda Sugar-Free Natural Grapefruit Flavour6x222.0 ml,$4.99pack of 6,,$0.37/ 100ml,False
drinks,PC Organics,Organic 100% Coconut Water,PC OrganicsOrganic 100% Coconut Water1 l,$5.49ea,,$0.55/ 100ml,False
drinks,Nestle,Nesquik Chocolate Powder,NestleNesquik Chocolate Powder540 g,$7.49ea,,$1.39/ 100g,False
drinks,Nestle,Nesquik Strawberry Syrup,NestleNesquik Strawberry Syrup510 ml,$6.99ea,,$1.37/ 100ml,False
drinks,Kool-Aid,Orange Liquid Drink Mix,Kool-AidOrange Liquid Drink Mix48 ml,$4.29ea,,$8.94/ 100ml,False
drinks,PC Blue Menu,M Mango Pineapple,PC Blue MenuM Mango Pineapple10x200.0 ml,$3.89ea,,$1.95/ 100ml,False
drinks,Nestea,"Peach Tea, Cartons 10 Pack","NesteaPeach Tea, Cartons 10 Pack10x200.0 ml",$4.19ea,$3.99ea,$0.20/ 100ml,True
drinks,Kool-Aid,"Jammers, Blue Raspberry","Kool-AidJammers, Blue Raspberry10x180.0 ml",$3.89ea,,$0.22/ 100ml,False
drinks,Grand Pre,2% Milk,Grand Pre2% Milk1 l,$4.99ea,,$0.50/ 100ml,False
drinks,Allen's,Peach Cocktail,Allen'sPeach Cocktail1 l,$2.29ea,,$0.23/ 100ml,False
drinks,President's Choice,Premium Black Tea Orange Pekoe,President's ChoicePremium Black Tea Orange Pekoe72 ea,$5.99ea,,$0.08/ 1ea,False
drinks,Allen's,Lemonade,Allen'sLemonade8x200.0 ml,$3.29ea,$2.99ea,$0.19/ 100ml,True
drinks,No Name,Hot Chocolate Mix,No NameHot Chocolate Mix500 g,$3.99ea,,$0.80/ 100g,False
drinks,Dasani,"Water, Bottle","DasaniWater, Bottle591 ml",$2.79ea,,$0.47/ 100ml,False
drinks,No Name,Orange Juice With Pulp,No NameOrange Juice With Pulp1.75 l,$2.99ea,,$0.17/ 100ml,False
drinks,Minute Maid,"Mixed Berry Juice Beverage, 8 Pack","Minute MaidMixed Berry Juice Beverage, 8 Pack8x200.0 ml",$4.19ea,$3.99ea,$0.25/ 100ml,True
drinks,No Name,Tomato Juice,No NameTomato Juice1 l,$3.29ea,,$0.24/ 100ml,False
drinks,Starbucks,Frappuccino Mocha Coffee Drink,StarbucksFrappuccino Mocha Coffee Drink405 ml,$3.99ea,,$0.99/ 100ml,False
drinks,Minute Maid,"Real Fruit Beverage Peach Mango, 8","Minute MaidReal Fruit Beverage Peach Mango, 88x200.0 ml",$4.19ea,$3.99ea,$0.25/ 100ml,True
drinks,Nesquik,Vanilla Syrup,NesquikVanilla Syrup510 ml,$6.99ea,,$1.37/ 100ml,False
drinks,Lavazza,Crema Gusto Beans,LavazzaCrema Gusto Beans1 kg,$23.99ea,$19.99ea,$2.00/ 100g,True
drinks,Coca-Cola,Coffee Vanilla,Coca-ColaCoffee Vanilla355 ml,$3.49ea,,$0.98/ 100ml,False
drinks,President's Choice,Lemon Thriller Herbal Tea,President's ChoiceLemon Thriller Herbal Tea20 ea,$3.99ea,,$9.98/ 100g,False
drinks,President's Choice,Winter Blend Dark Roast Coffee,President's ChoiceWinter Blend Dark Roast Coffee250 g,$6.99ea,,$2.80/ 100g,False
drinks,MiO,Fruit Punch Flavoured Liquid Water Enhancer,MiOFruit Punch Flavoured Liquid Water Enhancer48 ml,$4.29ea,,$8.94/ 100ml,False
drinks,Crystal Light,"Singles, Raspberry Ice","Crystal LightSingles, Raspberry Ice24 g",$3.99ea,,$16.62/ 100g,False
drinks,Rougemont,100% Pure McIntosh Apple Juice,Rougemont100% Pure McIntosh Apple Juice2 l,$3.69ea,,$0.18/ 100ml,False
drinks,Sunny Delight,Smooth,Sunny DelightSmooth1.89 l,$3.79ea,,$0.20/ 100ml,False
drinks,Crystal Light,"Liquid Drink Mix, Blueberry Razz","Crystal LightLiquid Drink Mix, Blueberry Razz48 ml",$4.29ea,,$8.94/ 100ml,False
drinks,Nestle,"Pure Life Sparkling Water, Cranberry Raspberry ","NestlePure Life Sparkling Water, Cranberry Raspberry 8x355.0 ml",$4.49c08,,$0.16/ 100ml,False
drinks,Perrier,Carbonated Natural Spring Water With Natural Lemon And Orange Flavours,PerrierCarbonated Natural Spring Water With Natural Lemon And Orange Flavours10x250.0 ml,$8.99pack of 10,,$0.36/ 100ml,False
drinks,Starbucks,Whole Bean 100% Arabica Coffee Caffè Verona Dark Roast,StarbucksWhole Bean 100% Arabica Coffee Caffè Verona Dark Roast907 g,$26.99ea,,"$2,975.74/ 100g",False
drinks,Nestle,Purelife Natural Spring Water ,NestlePurelife Natural Spring Water 12x330.0 ml,$4.29pack of 12,,$0.11/ 100ml,False
drinks,Bolthouse,Strawberry Banana,BolthouseStrawberry Banana450 ml,$5.49ea,,$1.22/ 100ml,False
drinks,Van Houtte,"Vanilla Hazelnut K-Cup Coffee Pods, 24 Count","Van HoutteVanilla Hazelnut K-Cup Coffee Pods, 24 Count24 ea",$20.99ea,$17.99ea,$0.75/ 1ea,True
drinks,DAVIDsTEA,Herbal Infusion Cold 911 Organic,DAVIDsTEAHerbal Infusion Cold 911 Organic14.4 g,$9.99ea,,$69.38/ 100g,False
drinks,Lipton,Peach Iced Tea,LiptonPeach Iced Tea12x340.0 ml,$7.49pack of 12,,$0.18/ 100ml,False
drinks,President's Choice,Diet Tonic Water,President's ChoiceDiet Tonic Water12x355.0 ml,$6.49pack of 12,,$0.15/ 100ml,False
drinks,Stur,"Jelly Belly, Berry Blue","SturJelly Belly, Berry Blue48 ml",$3.99ea,,$8.31/ 100ml,False
drinks,Schweppes,Ginger Ale Zero Sugar   ,SchweppesGinger Ale Zero Sugar   12x355.0 ml,$7.49pack of 12,,$0.18/ 100ml,False
drinks,Celestial Seasonings,Sleepytime Herbal Tea,Celestial SeasoningsSleepytime Herbal Tea20 ea,$5.49ea,,$0.27/ 1ea,False
drinks,DAVIDsTEA,Fruit Infusion Just Peachy,DAVIDsTEAFruit Infusion Just Peachy21.6 g,$9.99ea,,$46.25/ 100g,False
drinks,Exclusive Brands,Strawshot Wheels Flavor Surprise,Exclusive BrandsStrawshot Wheels Flavor Surprise60 g,$2.99ea,,$4.98/ 100g,False
drinks,Typhoo,Decaf Tea,TyphooDecaf Tea80 ea,$10.99ea,,$0.14/ 1ea,False
drinks,Twinings,20ct Earl Grey,Twinings20ct Earl Grey20 ea,$6.49ea,,$0.32/ 1ea,False
drinks,Dole,Orange Juice ,DoleOrange Juice 12x340.0 ml,$7.99pack of 12,,$0.20/ 100ml,False
drinks,Twinings,Cold Infuse- Blueberry Apple Tea,TwiningsCold Infuse- Blueberry Apple Tea30 g,$6.49ea,,$21.63/ 100g,False
drinks,Marley Coffee,"Coffee, Lively Up Fair Trade, Whole Bean ","Marley CoffeeCoffee, Lively Up Fair Trade, Whole Bean 284 g",$12.49ea,$9.99ea,$3.52/ 100g,True
drinks,Red Bull,"Energy Drink, Sugar Free","Red BullEnergy Drink, Sugar Free250 ml",$3.49ea,,$1.40/ 100ml,False
drinks,Red Bull,"Energy Drink, Watermelon","Red BullEnergy Drink, Watermelon355 ml",$4.29ea,,$1.21/ 100ml,False
drinks,No Name,Apple Drink,No NameApple Drink2 l,$1.49ea,,$0.07/ 100ml,False
drinks,Guru,Organic Energy Drink    ,GuruOrganic Energy Drink    355 ml,$3.99ea,,$1.12/ 100ml,False
drinks,Fruitopia,Fruit Integration Fruit Beverage,FruitopiaFruit Integration Fruit Beverage1.75 l,$3.79ea,,$0.22/ 100ml,False
drinks,President's Choice,Sparkling Dealcoholized Wine,President's ChoiceSparkling Dealcoholized Wine750 ml,$7.99ea,,$1.07/ 100ml,False
drinks,Peace Tea,"Razzleberry Tea, Can","Peace TeaRazzleberry Tea, Can695 ml",$1.99ea,,$0.29/ 100ml,False
drinks,Tazo,"Herbal Tea Passion Hibiscus, Orange peel and Passion Fruit Flavours","TazoHerbal Tea Passion Hibiscus, Orange peel and Passion Fruit Flavours1 ea",$6.99ea,,$6.99/ 1ea,False
drinks,President's Choice,Spritz Up,President's ChoiceSpritz Up12x355.0 ml,$6.49ea,,$0.15/ 100ml,False
drinks,MiO,Strawberry Watermelon Liquid Water Enhancer,MiOStrawberry Watermelon Liquid Water Enhancer48 ml,$4.29ea,,$8.94/ 100ml,False
drinks,Five Alive,"Passionate Peach Juice, 8 Pack","Five AlivePassionate Peach Juice, 8 Pack8x200.0 ml",$4.19ea,$3.99ea,$0.25/ 100ml,True
drinks,Mott's,Clamato Rimmer,Mott'sClamato Rimmer200 g,$4.49ea,,$2.25/ 100g,False
drinks,President's Choice,Free & Clear Black Cherry Sparkling Water ,President's ChoiceFree & Clear Black Cherry Sparkling Water 1 l,$1.99ea,,$0.20/ 100ml,False
drinks,Tropicana,"Pure Premium Orange Juice, Homestyle","TropicanaPure Premium Orange Juice, Homestyle3.78 l",$11.99ea,,$0.32/ 100ml,False
drinks,Pepsi,Diet Soda,PepsiDiet Soda12x355.0 ml,$7.49c12,,$0.18/ 100ml,False
drinks,Minute Maid,"Peach Mango Juice Beverage, Carton","Minute MaidPeach Mango Juice Beverage, Carton1 l",$2.49ea,,$0.25/ 100ml,False
drinks,Del Monte,Orange Juice With Pulp,Del MonteOrange Juice With Pulp2.5 l,$8.99ea,,$0.36/ 100ml,False
drinks,Kool-Aid,Cherry Liquid Drink Mix,Kool-AidCherry Liquid Drink Mix48 ml,$4.29ea,,$8.94/ 100ml,False
drinks,Coca-Cola,"Diet, Bottle","Coca-ColaDiet, Bottle500 ml",$2.99ea,,$0.60/ 100ml,False
drinks,Crush,Crush Orange Soda ,CrushCrush Orange Soda 12x355.0 ml,$7.49c12,,$0.18/ 100ml,False
drinks,Van Houtte,"Vanilla Hazelnut K-Cup Coffee Pods, 24 Count","Van HoutteVanilla Hazelnut K-Cup Coffee Pods, 24 Count24 ea",$20.99ea,$17.99ea,$0.75/ 1ea,True
drinks,Schweppes,Ginger Ale Zero Sugar   ,SchweppesGinger Ale Zero Sugar   12x355.0 ml,$7.49pack of 12,,$0.18/ 100ml,False
drinks,Celestial Seasonings,Sleepytime Herbal Tea,Celestial SeasoningsSleepytime Herbal Tea20 ea,$5.49ea,,$0.27/ 1ea,False
drinks,Twinings,20ct Earl Grey,Twinings20ct Earl Grey20 ea,$6.49ea,,$0.32/ 1ea,False
drinks,Bolthouse,Strawberry Banana,BolthouseStrawberry Banana450 ml,$5.49ea,,$1.22/ 100ml,False
drinks,President's Choice,Plant Based Evaporated Coconut Milk,President's ChoicePlant Based Evaporated Coconut Milk400 ml,$4.29ea,,$1.07/ 100ml,False
drinks,Dole,Orange Juice ,DoleOrange Juice 12x340.0 ml,$7.99pack of 12,,$0.20/ 100ml,False
drinks,Red Bull,"Energy Drink, Sugar Free","Red BullEnergy Drink, Sugar Free4x250.0 ml",$11.49pack of 4,,$1.15/ 100ml,False
drinks,Red Bull,"Energy Drink, Peach-Nectarine","Red BullEnergy Drink, Peach-Nectarine4x250.0 ml",$11.49pack of 4,,$1.15/ 100ml,False
drinks,Monster Energy,"Ultra Sunrise Energy Drink, Can","Monster EnergyUltra Sunrise Energy Drink, Can473 ml",$3.99ea,,$0.84/ 100ml,False
drinks,Monster Energy,"Mean Bean Coffee, Can","Monster EnergyMean Bean Coffee, Can444 ml",$3.99ea,,$0.90/ 100ml,False
drinks,No Name,Apple Juice from Concentrate,No NameApple Juice from Concentrate1 l,$1.79ea,,$0.18/ 100ml,False
drinks,Full Throttle,Energy Drink,Full ThrottleEnergy Drink473 ml,$3.99ea,,$0.84/ 100ml,False
drinks,Folgers, Lively Colombian K-Cup Coffee Pods 30 Count,Folgers Lively Colombian K-Cup Coffee Pods 30 Count30 ea,$22.99ea,,$0.77/ 1ea,False
drinks,Monster Energy,Ultra Gold,Monster EnergyUltra Gold473 ml,$3.99ea,,$0.84/ 100ml,False
drinks,President's Choice,Free & Clear Berries Of The Woods Sparkling Water ,President's ChoiceFree & Clear Berries Of The Woods Sparkling Water 1 l,$1.99ea,,$0.20/ 100ml,False
drinks,San Pellegrino,Carbonated Natural Mineral Water,San PellegrinoCarbonated Natural Mineral Water750 ml,$2.49ea,,$0.33/ 100ml,False
drinks,Nestea,"Zero Iced Tea, Lemon   ","NesteaZero Iced Tea, Lemon   12x341.0 ml",$8.99pack of 12,,$0.22/ 100ml,False
drinks,Gatorade,Frost Glacier Freeze Sports Drink ,GatoradeFrost Glacier Freeze Sports Drink 6x591.0 ml,$6.99pack of 6,,$0.20/ 100ml,False
drinks,Gatorade,Frost Arctic Blitz    ,GatoradeFrost Arctic Blitz    6x591.0 ml,$6.99pack of 6,,$0.20/ 100ml,False
drinks,Bubly Sparkling Water,Pineapple Sparkling Water ,Bubly Sparkling WaterPineapple Sparkling Water 12x355.0 ml,$6.99pack of 12,,$0.16/ 100ml,False
drinks,Pepsi,Pure Leaf Raspberry Iced Tea,PepsiPure Leaf Raspberry Iced Tea547 ml,$3.49ea,,$0.64/ 100ml,False
drinks,Six Star,Elite Series Pre-Workout Explosion Ripped Pink Lemonade,Six StarElite Series Pre-Workout Explosion Ripped Pink Lemonade171x171.0 g,$29.99ea,,$17.54/ 100g,False
drinks,Brisk,Zero Lemon Iced Tea,BriskZero Lemon Iced Tea710 ml,$1.99ea,,$0.28/ 100ml,False
drinks,Pepsi,Soda      ,PepsiSoda      2 l,$3.99ea,,$0.20/ 100ml,False
drinks,Ocean Spray,Cocktail Cranberry Pink,Ocean SprayCocktail Cranberry Pink1.89 l,$3.79ea,,$0.20/ 100ml,False
drinks,Pure Leaf,"Brewed Iced Tea, Lemon","Pure LeafBrewed Iced Tea, Lemon1.75 l",$5.79ea,$5.49ea,$0.31/ 100ml,True
drinks,Tropicana,Pineapple Mango With Lime Beverage  ,TropicanaPineapple Mango With Lime Beverage  1.54 l,$5.69ea,$5.49ea,$0.36/ 100ml,True
drinks,Minute Maid,"Low Acid 100% Orange Juice From Concentrate, Carton","Minute MaidLow Acid 100% Orange Juice From Concentrate, Carton1.75 l",$5.99ea,,$0.34/ 100ml,False
drinks,Pepsi,Diet Pepsi,PepsiDiet Pepsi8x355.0 ml,$7.49pack of 8,,$2.11/ 100ml,False
drinks,Carnation,Fat Free Evaporated Skim Milk,CarnationFat Free Evaporated Skim Milk354 ml,$2.49ea,,$0.70/ 100ml,False
drinks,Mott's,"Motts Clamato, Pickled Bean","Mott'sMotts Clamato, Pickled Bean1.89 l",$4.29ea,$3.79ea,$0.20/ 100ml,True
drinks,Maxwell House,Decaffeinated Coffee 100% Compostable K Cup Coffee Pods,Maxwell HouseDecaffeinated Coffee 100% Compostable K Cup Coffee Pods117 g,$9.49ea,,$8.11/ 100g,False
drinks,Pepsi,Diet Pepsi,PepsiDiet Pepsi8x355.0 ml,$7.49pack of 8,,$2.11/ 100ml,False
drinks,Carnation,Fat Free Evaporated Skim Milk,CarnationFat Free Evaporated Skim Milk354 ml,$2.49ea,,$0.70/ 100ml,False
drinks,FANTA,"Orange, Bottle","FANTAOrange, Bottle2 l",$3.99ea,,$0.20/ 100ml,False
drinks,Coca-Cola,Zero Sugar Caffeine Mini Packs,Coca-ColaZero Sugar Caffeine Mini Packs6x222.0 ml,$4.99pack of 6,,$0.37/ 100ml,False
drinks,Sprite,Bottle,SpriteBottle2 l,$3.99ea,,$0.20/ 100ml,False
drinks,Canada Dry,Ginger Ale ,Canada DryGinger Ale 12x355.0 ml,$7.49c12,,$0.18/ 100ml,False
drinks,Fresca,Soda ,FrescaSoda 12x355.0 ml,$7.49pack of 12,,$0.18/ 100ml,False
drinks,Bubly Sparkling Water,"Lime Sparkling Water Beverage, 12 Pack ","Bubly Sparkling WaterLime Sparkling Water Beverage, 12 Pack 12x355.0 ml",$6.99c12,,$0.16/ 100ml,False
drinks,FANTA,Orange ,FANTAOrange 12x355.0 ml,$7.49pack of 12,,$0.18/ 100ml,False
drinks,Coca-Cola,Diet Coke  ,Coca-ColaDiet Coke  12x355.0 ml,$7.49pack of 12,,$0.18/ 100ml,False
drinks,Jarritos,Mexican Cola Soda with Natural and Artificial Flavours,JarritosMexican Cola Soda with Natural and Artificial Flavours370 ml,$1.69ea,,$0.46/ 100ml,False
drinks,FANTA,Fanta Pineapple Can,FANTAFanta Pineapple Can12x355.0 ml,$7.49c12,,$0.18/ 100ml,False
drinks,Montellier,"Carbonated Water, Lime","MontellierCarbonated Water, Lime1 l",$1.59ea,,$0.16/ 100ml,False
drinks,Canada Dry,Diet Ginger Ale ,Canada DryDiet Ginger Ale 12x355.0 ml,$7.49pack of 12,,$0.18/ 100ml,False
drinks,Canada Dry,Tonic Water ,Canada DryTonic Water 6x222.0 ml,$4.99pack of 6,,$0.37/ 100ml,False
drinks,Canada Dry,Diet Ginger Ale,Canada DryDiet Ginger Ale2 l,$3.99ea,,$0.20/ 100ml,False
drinks,Coca-Cola,Zero Sugar    ,Coca-ColaZero Sugar    8x300.0 ml,$6.99pack of 8,,$0.29/ 100ml,False
drinks,Simply,Lemonade,SimplyLemonade2.63 l,$8.49ea,,$0.32/ 100ml,False
drinks,Country Time,Lemonade Drink Mix,Country TimeLemonade Drink Mix2 kg,$15.99ea,,$0.67/ 100g,False
drinks,Carnation,Rolo Hot Chocolate Canister,CarnationRolo Hot Chocolate Canister450 g,$5.99ea,,$1.33/ 100g,False
drinks,Gatorade,Frost Glacier Freeze Powder,GatoradeFrost Glacier Freeze Powder560 g,$6.99ea,,$1.25/ 100g,False
drinks,President's Choice,Watermelon Lemon Sparkling Soda ,President's ChoiceWatermelon Lemon Sparkling Soda 12x355.0 ml,$6.49pack of 12,,$0.15/ 100ml,False
drinks,Carnation,Marshmallow Hot Chocolate Sachets,CarnationMarshmallow Hot Chocolate Sachets250 g,$4.99ea,$3.99ea,$1.60/ 100g,True
drinks,President's Choice,Dark Roast Black Cold Brew Coffee,President's ChoiceDark Roast Black Cold Brew Coffee900 ml,$4.99ea,,$0.55/ 100ml,False
drinks,Tim Hortons,"K-Cup, Colombian","Tim HortonsK-Cup, Colombian12 ea",$12.99ea,$9.99ea,$0.83/ 1ea,True
drinks,Tang,Orange Liquid Drink Mix,TangOrange Liquid Drink Mix48 ml,$4.29ea,,$8.94/ 100ml,False
drinks,PC Blue Menu,Blueberry Pomegranate Sparkling Water ,PC Blue MenuBlueberry Pomegranate Sparkling Water 12x355.0 ml,$5.99ea,,$0.14/ 100ml,False
drinks,Fernbrook,Distilled Spring Water,FernbrookDistilled Spring Water4 l,$1.99ea,,$0.05/ 100ml,False
drinks,AHA,"Water, Lime + melon Sparkling , Bottle","AHAWater, Lime + melon Sparkling , Bottle1 l",$1.99ea,,$0.20/ 100ml,False
drinks,President's Choice,Lemon Mist Naturally Fruit-Flavoured Water Beverage,President's ChoiceLemon Mist Naturally Fruit-Flavoured Water Beverage6x500.0 ml,$3.99pack of 6,,$0.13/ 100ml,False
drinks,Tim Hortons,"Instant Coffee, Medium","Tim HortonsInstant Coffee, Medium100 g",$9.49ea,,$9.49/ 100g,False
drinks,Tropicana,Orange Grapefruit,TropicanaOrange Grapefruit1.54 l,$6.99ea,,$0.45/ 100ml,False
drinks,McCafe,Whole Bean Premium Roast   ,McCafeWhole Bean Premium Roast   900 g,$24.99ea,,$2.78/ 100g,False
drinks,Tim Hortons,French Vanilla Capp Sachet,Tim HortonsFrench Vanilla Capp Sachet8 ea,$5.99ea,,$0.75/ 1ea,False
drinks,Starbucks,Doubleshot White Chocolate,StarbucksDoubleshot White Chocolate444 ml,$3.99ea,,$0.90/ 100ml,False
drinks,CLAUSTHALER,Clausthaler Non-Alcoholic Beer Original ,CLAUSTHALERClausthaler Non-Alcoholic Beer Original 6x330.0 ml,$11.99pack of 6,,$3.63/ 100ml,False
drinks,PC Blue Menu,Apple Juice Beverage,PC Blue MenuApple Juice Beverage2 l,$3.49ea,,$0.17/ 100ml,False
drinks,Arizona,Green Tea,ArizonaGreen Tea3.78 l,$5.99ea,,$0.16/ 100ml,False
drinks,Keurig,Van Houtte Original House Blend Medium Roast,KeurigVan Houtte Original House Blend Medium Roast12 ea,$12.99ea,,$1.08/ 1ea,False
drinks,Country Time,Lemonade Liquid Drink Mix,Country TimeLemonade Liquid Drink Mix48 ml,$4.29ea,,$8.94/ 100ml,False
drinks,Whistler,Glacial Spring Water,WhistlerGlacial Spring Water1 l,$1.99ea,,$0.20/ 100ml,False
drinks,Bai,Mango Malawi,BaiMango Malawi530 ml,$2.99ea,,$0.56/ 100ml,False
drinks,President's Choice,Strawberry Lemonade,President's ChoiceStrawberry Lemonade1.89 l,$3.29ea,,$0.17/ 100ml,False
drinks,Nestle,Pure Life Natural Spring Water ,NestlePure Life Natural Spring Water 12x500.0 ml,$4.29pack of 12,,$0.07/ 100ml,False
drinks,Kronenbourg,Flavoured Wheat Beer Blanc,KronenbourgFlavoured Wheat Beer Blanc6x330.0 ml,$11.99c06,,$0.61/ 100ml,False
drinks,President's Choice,"Jamaican Style Ginger Beer, 6 Mini Cans","President's ChoiceJamaican Style Ginger Beer, 6 Mini Cans6x222.0 ml",$3.99c06,,$0.30/ 100ml,False
drinks,San Pellegrino,"Sparkling Natural Mineral Water, Blood Orange & Black Raspberry","San PellegrinoSparkling Natural Mineral Water, Blood Orange & Black Raspberry8x330.0 ml",$9.99pack of 8,,$0.38/ 100ml,False
drinks,SunRype,Slim Pink Grapefruit Low Calorie Beverage,SunRypeSlim Pink Grapefruit Low Calorie Beverage1.36 l,$3.99ea,,$0.29/ 100ml,False
drinks,PC Organics,"Organic 100% Florida Orange Juice, Pulp Free","PC OrganicsOrganic 100% Florida Orange Juice, Pulp Free1.75 l",$10.49ea,,$0.60/ 100ml,False
drinks,Fentimans,Traditional Cherry Cola Crafted Botanical Drink ,FentimansTraditional Cherry Cola Crafted Botanical Drink 4x275.0 ml,$8.99pack of 4,,$0.82/ 100ml,False
drinks,Red Bull,Energy Drink,Red BullEnergy Drink355 ml,$4.29ea,,$1.21/ 100ml,False
drinks,Starbucks,Pike Place Roast Medium Roast Ground Coffee K-Cup Pods,StarbucksPike Place Roast Medium Roast Ground Coffee K-Cup Pods10 ea,$12.99ea,,$1.30/ 1ea,False
drinks,Starbucks,French Roast Dark Roast Ground Coffee ,StarbucksFrench Roast Dark Roast Ground Coffee 340 g,$12.99ea,,$3.82/ 100g,False
drinks,PC Blue Menu,Lime Sparkling Water,PC Blue MenuLime Sparkling Water12x355.0 ml,$5.99ea,,$0.14/ 100ml,False
drinks,Perrier,Energize Pomegranate,PerrierEnergize Pomegranate330 ml,$2.99ea,,$0.91/ 100ml,False
drinks,Red Bull,"Energy Drink, Sugar Free","Red BullEnergy Drink, Sugar Free8x250.0 ml",$18.99pack of 8,,$0.95/ 100ml,False
drinks,NotMilk,Whole Milk,NotMilkWhole Milk1.89 l,$5.99ea,,$0.32/ 100ml,False
drinks,Grace,Island Soda,GraceIsland Soda355 ml,$1.29ea,,$0.36/ 100ml,False
drinks,Carnation,"Simply Hot Chocolate, Canister","CarnationSimply Hot Chocolate, Canister400 g",$5.99ea,,$1.50/ 100g,False
drinks,Guru,Energy Drink Organic,GuruEnergy Drink Organic4x355.0 ml,$15.49c04,,$1.09/ 100ml,False
drinks,Brioschi,Aranciata Sweet Orange,BrioschiAranciata Sweet Orange355 ml,$1.29ea,,$0.36/ 100ml,False
drinks,Bolthouse,100% Carrot,Bolthouse100% Carrot946 ml,$6.99ea,,$0.74/ 100ml,False
drinks,Monster Energy,Reserve Energy Drink Watermelon,Monster EnergyReserve Energy Drink Watermelon473 ml,$3.99ea,,$0.84/ 100ml,False
drinks,Red Bull,"Energy Drink, Sugar Free","Red BullEnergy Drink, Sugar Free355 ml",$4.29ea,,$1.21/ 100ml,False
drinks,Rockstar,"Pure Zero, Mandarin Energy Drink","RockstarPure Zero, Mandarin Energy Drink473 ml",$3.99ea,,$0.84/ 100ml,False
drinks,Guru,Organic Energy Guayusa,GuruOrganic Energy Guayusa355 ml,$3.99ea,,$1.12/ 100ml,False
drinks,Canada Dry,Ginger Ale,Canada DryGinger Ale500 ml,$2.99ea,,$0.60/ 100ml,False
drinks,Silk,"Soy Beverage, Vanilla Flavour, Dairy-Free","SilkSoy Beverage, Vanilla Flavour, Dairy-Free1.89 l",$5.49ea,,$0.29/ 100ml,False
drinks,Tropicana,Pure Premium Apple Juice,TropicanaPure Premium Apple Juice1.75 l,$6.69ea,,$0.38/ 100ml,False
drinks,Silk,"Almond Beverage, Vanilla Flavour, Dairy-Free","SilkAlmond Beverage, Vanilla Flavour, Dairy-Free1.89 l",$5.49ea,,$0.29/ 100ml,False
drinks,Carnation,Hot Chocolate,CarnationHot Chocolate25 g,$4.99ea,$3.99ea,$1.60/ 100g,True
drinks,Perrier,Energize Grapefruit,PerrierEnergize Grapefruit330 ml,$2.99ea,,$0.91/ 100ml,False
drinks,Tetley,Earl Grey Decaffeinated Specialty Cannister Pack,TetleyEarl Grey Decaffeinated Specialty Cannister Pack24 ea,$3.99ea,,$0.17/ 1ea,False
drinks,Red Bull,"Energy Drink, Tropical","Red BullEnergy Drink, Tropical4x250.0 ea",$11.49c04,,,False
drinks,Monster Energy,"Ultra, Red","Monster EnergyUltra, Red473 ml",$3.99ea,,$0.84/ 100ml,False
drinks,Monster Energy,Ultra Paradise,Monster EnergyUltra Paradise473 ml,$3.99ea,,$0.84/ 100ml,False
drinks,Red Rose,Orange Pekoe Black Tea 100% Rainforest Alliance Certified,Red RoseOrange Pekoe Black Tea 100% Rainforest Alliance Certified216 ea,$10.99ea,$9.99ea,$0.05/ 1ea,True
drinks,Red Bull,Energy Drink,Red BullEnergy Drink8x250.0 ml,$18.99pack of 8,,$0.95/ 100ml,False
drinks,PC Blue Menu,Mandarin Orange Sparkling Water With Natural Flavour (Case),PC Blue MenuMandarin Orange Sparkling Water With Natural Flavour (Case)12x355.0 ml,$5.99ea,,$0.14/ 100ml,False
drinks,Bolthouse,Daily Greens,BolthouseDaily Greens946 ml,$6.99ea,,$0.74/ 100ml,False
drinks,Monster Energy,Ultra Watermelon Energy Drink,Monster EnergyUltra Watermelon Energy Drink473 ml,$3.99ea,,$0.84/ 100ml,False
drinks,Red Bull,Energy Drink,Red BullEnergy Drink250 ml,$3.49ea,,$1.40/ 100ml,False
drinks,Evian,"Spring Water, Bottle","EvianSpring Water, Bottle1.5 l",$3.99ea,,$0.27/ 100ml,False
drinks,Peace Tea,Sno-Berry,Peace TeaSno-Berry12x341.0 ml,$8.99c12,,$0.22/ 100ml,False
drinks,Starbucks,Ground Coffee Pike Place Roast,StarbucksGround Coffee Pike Place Roast100 g,$11.49ea,,$11.49/ 100g,False
drinks,Pepsi,Pure Leaf Peach Tea,PepsiPure Leaf Peach Tea547 ml,$3.49ea,,$0.64/ 100ml,False
drinks,Brisk,Iced Tea Lemonade,BriskIced Tea Lemonade710 ml,$1.99ea,,$0.28/ 100ml,False
drinks,President's Choice,Fresh-Pressed Sweet Apple Cider,President's ChoiceFresh-Pressed Sweet Apple Cider2 l,$5.99ea,,$0.30/ 100ml,False
drinks,President's Choice,Gourmet Medium Roast Fine Grind Coffee ,President's ChoiceGourmet Medium Roast Fine Grind Coffee 930 g,$14.99ea,,$1.61/ 100g,False
drinks,Peace Tea,Peach Party,Peace TeaPeach Party12x341.0 ml,$8.99pack of 12,,$0.22/ 100ml,False
drinks,Nestea,Raspberry Can,NesteaRaspberry Can12x341.0 ml,$8.99c12,,$0.22/ 100ml,False
drinks,President's Choice,Old-Fashioned Style Root Beer Soda,President's ChoiceOld-Fashioned Style Root Beer Soda2 l,$1.99ea,,$0.10/ 100ml,False
drinks,Crush,Orange Soda,CrushOrange Soda2 l,$3.99ea,,$0.20/ 100ml,False
drinks,Coca-Cola,Zero Sugar     ,Coca-ColaZero Sugar     6x710.0 ml,$6.99pack of 6,,$0.16/ 100ml,False
drinks,Del Monte,Guava Nectar,Del MonteGuava Nectar960 ml,$1.79ea,,$0.19/ 100ml,False
drinks,Rockstar,Sugar Free,RockstarSugar Free473 ml,$3.99ea,,$0.84/ 100ml,False
drinks,President's Choice,Old-Fashioned Style Root Beer Soda,President's ChoiceOld-Fashioned Style Root Beer Soda2 l,$1.99ea,,$0.10/ 100ml,False
drinks,Del Monte,Guava Nectar,Del MonteGuava Nectar960 ml,$1.79ea,,$0.19/ 100ml,False
drinks,Rockstar,Sugar Free,RockstarSugar Free473 ml,$3.99ea,,$0.84/ 100ml,False
drinks,Tropicana,Orange Juice No Pulp ,TropicanaOrange Juice No Pulp 1.54 l,$6.99ea,,$0.45/ 100ml,False
drinks,Rockstar,Original Energy Drink,RockstarOriginal Energy Drink473 ml,$3.99ea,,$0.84/ 100ml,False
drinks,Oasis,Tropical Passion Fruit Juice,OasisTropical Passion Fruit Juice960 ml,$1.79ea,,$0.19/ 100ml,False
drinks,Rockstar,Pure Zero Punched Energy Drink,RockstarPure Zero Punched Energy Drink473 ml,$3.99ea,,$0.84/ 100ml,False
drinks,Pepsi,Soda  ,PepsiSoda  8x355.0 ml,$7.49pack of 8,,$0.26/ 100ml,False
drinks,President's Choice,Jamaican-Style Ginger Beer,President's ChoiceJamaican-Style Ginger Beer2 l,$1.99ea,,$0.10/ 100ml,False
drinks,No Name,Medium Roast Ground Coffee,No NameMedium Roast Ground Coffee925 g,$11.99ea,,$1.30/ 100g,False
drinks,7Up,Soda      ,7UpSoda      2 l,$3.99ea,,$0.20/ 100ml,False
drinks,Sparkling Ice,Lemon Lime Sparkling Water,Sparkling IceLemon Lime Sparkling Water503 ml,$2.29ea,,$0.46/ 100ml,False
drinks,Tropicana,Tropics Orange Strawberry,TropicanaTropics Orange Strawberry1.75 l,$6.69ea,,$0.38/ 100ml,False
drinks,Crush,Orange Soda,CrushOrange Soda2 l,$3.99ea,,$0.20/ 100ml,False
drinks,Coca-Cola,Zero Sugar     ,Coca-ColaZero Sugar     6x710.0 ml,$6.99pack of 6,,$0.16/ 100ml,False
drinks,President's Choice,Low Sodium Club Soda,President's ChoiceLow Sodium Club Soda2 l,$1.99ea,,$0.10/ 100ml,False
drinks,Coca-Cola,Diet Coke  ,Coca-ColaDiet Coke  6x710.0 ml,$6.99pack of 6,,$0.16/ 100ml,False
drinks,Coca-Cola,Bottle,Coca-ColaBottle2 l,$3.99ea,,$0.20/ 100ml,False
drinks,Canada Dry,Club Soda Mandarin Orange  ,Canada DryClub Soda Mandarin Orange  12x355.0 ml,$7.49pack of 12,,$0.18/ 100ml,False
drinks,Canada Dry,Club Soda,Canada DryClub Soda2 l,$3.99ea,,$0.20/ 100ml,False
drinks,Bubly Sparkling Water,Blackberry Sparkling Water ,Bubly Sparkling WaterBlackberry Sparkling Water 12x355.0 ml,$6.99pack of 12,,$0.16/ 100ml,False
drinks,A&W,Diet Root Beer    ,A&WDiet Root Beer    12x355.0 ml,$7.49pack of 12,,$0.18/ 100ml,False
drinks,Canada Dry,Club Soda Triple Berry,Canada DryClub Soda Triple Berry12x355.0 ml,$7.49c12,,$0.18/ 100ml,False
drinks,Crystal Light,"Singles, Raspberry Peach","Crystal LightSingles, Raspberry Peach54 g",$3.99ea,,$7.39/ 100g,False
drinks,Coca-Cola,"Zero Sugar Caffeine, 12 Pack ","Coca-ColaZero Sugar Caffeine, 12 Pack 12x355.0 ml",$7.49pack of 12,,$0.18/ 100ml,False
drinks,A&W,Diet Root Beer,A&WDiet Root Beer2 l,$3.99ea,,$0.20/ 100ml,False
drinks,Coca-Cola,Bottle     ,Coca-ColaBottle     8x300.0 ml,$6.99pack of 8,,$0.29/ 100ml,False
drinks,Sprite,Soda ,SpriteSoda 12x355.0 ml,$7.49pack of 12,,$0.18/ 100ml,False
drinks,Jarritos,Soft Drink Mandarin Orange,JarritosSoft Drink Mandarin Orange370 ml,$1.69ea,,$0.46/ 100ml,False
drinks,Fruitopia,Strawberry Passion Awareness,FruitopiaStrawberry Passion Awareness1 l,$2.49ea,,$0.25/ 100ml,False
drinks,Partake,Non Alcoholic Beer,PartakeNon Alcoholic Beer4x355.0 ml,$8.49pack of 4,,$0.60/ 100ml,False
drinks,Virgil's,Black Cherry Soda,Virgil'sBlack Cherry Soda4x355.0 ml,$7.49c04,,$0.53/ 100ml,False
drinks,Silk,"Nextmilk, Plant Based Dairy Free Milk Alternative","SilkNextmilk, Plant Based Dairy Free Milk Alternative1.74 l",$5.99ea,,$0.34/ 100ml,False
drinks,Monster Energy,Reserve Energy Drink White Pineapple,Monster EnergyReserve Energy Drink White Pineapple473 ml,$3.99ea,,$0.84/ 100ml,False
drinks,President's Choice,Mint Refresher Herbal Tea,President's ChoiceMint Refresher Herbal Tea20 ea,$3.99ea,,$0.20/ 1ea,False
drinks,Red Rose,Orange Pekoe Black Tea,Red RoseOrange Pekoe Black Tea72 ea,$6.79ea,,$0.09/ 1ea,False
drinks,President's Choice,Lemon Iced Tea Naturally Flavoured,President's ChoiceLemon Iced Tea Naturally Flavoured12x355.0 ml,$6.49pack of 12,,$0.15/ 100ml,False
drinks,President's Choice,Colombian Supremo Medium Roast 100% Arabica Single Serve Coffee Pods,President's ChoiceColombian Supremo Medium Roast 100% Arabica Single Serve Coffee Pods30 ea,$14.99ea,,$0.50/ 1ea,False
drinks,President's Choice,Grape Soda ,President's ChoiceGrape Soda 12x355.0 ml,$6.49pack of 12,,$0.15/ 100ml,False
drinks,Ocean Spray,"100% Juice Blends 100% Juice, Cranberry and Raspberry","Ocean Spray100% Juice Blends 100% Juice, Cranberry and Raspberry1.77 l",$3.79ea,,$0.21/ 100ml,False
drinks,Coca-Cola,Coffee Dark Blend,Coca-ColaCoffee Dark Blend355 ml,$3.49ea,,$0.98/ 100ml,False
drinks,PC Blue Menu,Natural Sparkling Water ,PC Blue MenuNatural Sparkling Water 1 l,$1.39ea,,$0.14/ 100ml,False
drinks,President's Choice,Free & Clear Golden Peach Sparkling Water ,President's ChoiceFree & Clear Golden Peach Sparkling Water 1 l,$1.99ea,,$0.20/ 100ml,False
drinks,No Name,Tomato Juice,No NameTomato Juice540 ml,$2.19ea,,$0.41/ 100ml,False
drinks,V8,V-Go Vegetable Cocktail,V8V-Go Vegetable Cocktail1.89 l,$4.79ea,,$0.25/ 100ml,False
drinks,No Name,Medium Roast Coffee Pods Club Size,No NameMedium Roast Coffee Pods Club Size100 ea,$34.99c01,,$0.35/ 1ea,False
drinks,Pepsi,Wild Cherry Soda    ,PepsiWild Cherry Soda    12x355.0 ml,$7.49c12,,$0.18/ 100ml,False
drinks,Real Lemon,Single Strength Lemon Juice,Real LemonSingle Strength Lemon Juice945 ml,$4.29ea,,$0.45/ 100ml,False
drinks,Bolthouse,C-Boost,BolthouseC-Boost946 ml,$6.99ea,,$0.74/ 100ml,False
drinks,President's Choice,Medium Roast Black Cold Brew Coffee,President's ChoiceMedium Roast Black Cold Brew Coffee900 ml,$4.99ea,,$0.55/ 100ml,False
drinks,President's Choice,Chocolatey Chai Herbal Tea,President's ChoiceChocolatey Chai Herbal Tea20 ea,$3.99ea,,$0.20/ 1ea,False
drinks,Peace Tea,Mango Mood,Peace TeaMango Mood695 ml,$1.99ea,,$0.29/ 100ml,False
drinks,PC Blue Menu,Cranberry Cocktail,PC Blue MenuCranberry Cocktail1.89 l,$3.49ea,,$0.18/ 100ml,False
drinks,Tim Hortons,Original Coffee,Tim HortonsOriginal Coffee48 ea,$34.99ea,$29.99ea,$0.62/ 1ea,True
drinks,No Name,Dark Roast Coffee Pods Club Size,No NameDark Roast Coffee Pods Club Size1 ea,$34.99c01,,$0.35/ 1ea,False
drinks,President's Choice,Tonic Water,President's ChoiceTonic Water12x355.0 ml,$6.49pack of 12,,$0.15/ 100ml,False
drinks,Rougemont,100% Pure Royal Gala Apple Juice,Rougemont100% Pure Royal Gala Apple Juice2 l,$3.69ea,,$0.18/ 100ml,False
drinks,Tim Hortons,"French Vanilla, Cappuccino","Tim HortonsFrench Vanilla, Cappuccino454 g",$8.99ea,,$1.98/ 100g,False
drinks,MiO,Sport Orange Liquid Water Enhancer,MiOSport Orange Liquid Water Enhancer48 ml,$4.29ea,,$8.94/ 100ml,False
drinks,President's Choice,Camomile Herbal Tea,President's ChoiceCamomile Herbal Tea20 ea,$3.99ea,,$0.20/ 1ea,False
drinks,President's Choice,Espresso Forte Whole Bean Coffee,President's ChoiceEspresso Forte Whole Bean Coffee907 g,$14.99ea,,$1.65/ 100g,False
drinks,President's Choice,Sauvignon Blanc Dealcoholized Wine,President's ChoiceSauvignon Blanc Dealcoholized Wine750 ml,$7.99ea,,$1.07/ 100ml,False
drinks,President's Choice,Pulp Free Orange Juice,President's ChoicePulp Free Orange Juice1.54 l,$3.99ea,,$0.26/ 100ml,False
drinks,No Name,Chocolate Syrup,No NameChocolate Syrup700 ml,$5.49ea,,$0.78/ 100ml,False
drinks,AHA,"Water, Blueberry + Pomegranate Sparkling , Bottle","AHAWater, Blueberry + Pomegranate Sparkling , Bottle1 l",$1.99ea,,$0.20/ 100ml,False
drinks,President's Choice,Ruby Red Grapefruit Juice,President's ChoiceRuby Red Grapefruit Juice1.54 l,$3.99ea,,$0.26/ 100ml,False
drinks,Pepsi,Diet Sleek Soda,PepsiDiet Sleek Soda15x222.0 ml,$7.49pack of 15,,$0.22/ 100ml,False
drinks,Mountain Dew,Soda,Mountain DewSoda591 ml,$2.99ea,,$0.51/ 100ml,False
drinks,Timothy's,"Coffee, Ground  Light Breakfast Blend","Timothy'sCoffee, Ground  Light Breakfast Blend30 ea",$21.99ea,,$0.73/ 1ea,False
drinks,President's Choice,Gourmet Medium Roast Decaffeinated Coffee Pods,President's ChoiceGourmet Medium Roast Decaffeinated Coffee Pods30 ea,$14.99ea,,$0.50/ 1ea,False
drinks,AHA,Peach Honey Sparkling Water,AHAPeach Honey Sparkling Water12x355.0 ml,$7.49pack of 12,,$0.18/ 100ml,False
drinks,President's Choice,With Pulp 100% Orange Juice Not From Concentrate,President's ChoiceWith Pulp 100% Orange Juice Not From Concentrate2.63 l,$5.99ea,,$0.23/ 100ml,False
drinks,President's Choice,Watermelon Strawberry Liquid Water Enhancer,President's ChoiceWatermelon Strawberry Liquid Water Enhancer48 ml,$3.99ea,,$8.31/ 100ml,False
drinks,President's Choice,Old-Fashioned Style Root Beer Soda,President's ChoiceOld-Fashioned Style Root Beer Soda12x355.0 ml,$6.49pack of 12,,$0.15/ 100ml,False
drinks,Perrier,Carbonated Natural Spring Water With Natural Peach Flavour,PerrierCarbonated Natural Spring Water With Natural Peach Flavour10x250.0 ml,$8.99pack of 10,,$0.36/ 100ml,False
drinks,Pepsi,Soda ,PepsiSoda 12x355.0 ml,$7.49ea,,$0.18/ 100ml,False
drinks,President's Choice,Chai Black Tea,President's ChoiceChai Black Tea20 ea,$3.99ea,,$9.98/ 100g,False
drinks,Minute Maid,"Fruit Punch Juice Beverage, Carton","Minute MaidFruit Punch Juice Beverage, Carton1 l",$2.49ea,,$0.25/ 100ml,False
drinks,Montellier,"Carbonated Water, Lime ","MontellierCarbonated Water, Lime 10x355.0 ml",$7.49pack of 10,,$0.21/ 100ml,False
drinks,Tim Hortons,Hot Chocolate Sachet,Tim HortonsHot Chocolate Sachet8 ea,$5.99ea,,$0.75/ 1ea,False
drinks,President's Choice,Natural Spring Water,President's ChoiceNatural Spring Water4 l,$1.99ea,,$0.05/ 100ml,False
drinks,Pepsi,Pespi Cans  ,PepsiPespi Cans  24x355.0 ml,$14.99pack of 24,,$0.18/ 100ml,False
drinks,Carnation,Rich And Creamy Hot Chocolate Canister,CarnationRich And Creamy Hot Chocolate Canister450 g,$5.99ea,,$1.33/ 100g,False
drinks,President's Choice,Dreamland Herbal Tea,President's ChoiceDreamland Herbal Tea20 ea,$3.99ea,,$0.20/ 1ea,False
drinks,Rockstar,Punched Orange,RockstarPunched Orange473 ml,$3.99ea,,$0.84/ 100ml,False
drinks,Virgil's,Orange Cream Soda,Virgil'sOrange Cream Soda4x355.0 ml,$7.49c04,,$0.53/ 100ml,False
drinks,Guru,"Energy Drink, Light    ","GuruEnergy Drink, Light    355 ml",$3.99ea,,$1.12/ 100ml,False
drinks,Bolthouse,100% Carrot,Bolthouse100% Carrot1.54 l,$9.99ea,,$0.65/ 100ml,False
drinks,Monster Energy,Drink,Monster EnergyDrink4x473.0 ml,$11.99pack of 4,,$0.63/ 100ml,False
drinks,Red Bull,"Energy Drink, Sugar Free","Red BullEnergy Drink, Sugar Free473 ml",$4.99ea,,$1.05/ 100ml,False
drinks,Fruitopia,Fruit Integration,FruitopiaFruit Integration1 l,$2.49ea,,$0.25/ 100ml,False
drinks,Minute Maid,"No Sugar Watermelon Blueberry Juice Beverage, 8 Pack","Minute MaidNo Sugar Watermelon Blueberry Juice Beverage, 8 Pack8x200.0 ml",$4.19ea,$3.99ea,$0.25/ 100ml,True
drinks,Gatorade,Fierce Cool Blue Sports Drink,GatoradeFierce Cool Blue Sports Drink710 ml,$2.39ea,,$0.34/ 100ml,False
drinks,Tropicana,Pure Premium Homestyle (Some Pulp),TropicanaPure Premium Homestyle (Some Pulp)2.63 l,$9.99ea,,$0.38/ 100ml,False
drinks,Minute Maid, Lemonade ,Minute Maid Lemonade 1.54 l,$4.99ea,,$0.32/ 100ml,False
drinks,Minute Maid,Pink Lemonade,Minute MaidPink Lemonade1.54 l,$4.99ea,,$0.32/ 100ml,False
drinks,Monster Energy,Drink,Monster EnergyDrink4x473.0 ml,$11.99pack of 4,,$0.63/ 100ml,False
drinks,President's Choice,Sweetened Condensed Milk,President's ChoiceSweetened Condensed Milk300 ml,$4.29ea,,$1.43/ 100ml,False
drinks,Tropicana,Orange and Tangerine,TropicanaOrange and Tangerine1.54 l,$6.99ea,,$0.45/ 100ml,False
drinks,Crush,Cream Soda ,CrushCream Soda 12x355.0 ml,$7.49c12,,$0.18/ 100ml,False
drinks,Tropicana,Pure Premium Homestyle (Some Pulp),TropicanaPure Premium Homestyle (Some Pulp)2.63 l,$9.99ea,,$0.38/ 100ml,False
drinks,Natura,Chocolate  Organic Fortified Gluten-Free Oat Beverage,NaturaChocolate  Organic Fortified Gluten-Free Oat Beverage946 ml,$2.99ea,,$0.32/ 100ml,False
drinks,Tropicana,Pure Premium Orange Juice (Pulp Free),TropicanaPure Premium Orange Juice (Pulp Free)2.63 l,$9.99ea,,$0.38/ 100ml,False
drinks,President's Choice,Old-Fashioned Style Root Beer Soda,President's ChoiceOld-Fashioned Style Root Beer Soda12x355.0 ml,$6.49pack of 12,,$0.15/ 100ml,False
drinks,Perrier,Carbonated Natural Spring Water With Natural Peach Flavour,PerrierCarbonated Natural Spring Water With Natural Peach Flavour10x250.0 ml,$8.99pack of 10,,$0.36/ 100ml,False
drinks,Folgers,Morning Café Ground Coffee Light Roast,FolgersMorning Café Ground Coffee Light Roast210 g,$22.99ea,,$10.95/ 100g,False
drinks,Monster Energy,"Mango Loco Energy Drink, Can","Monster EnergyMango Loco Energy Drink, Can473 ml",$3.99ea,,$0.84/ 100ml,False
drinks,Schweppes,Ginger Ale,SchweppesGinger Ale2 l,$3.99ea,,$0.20/ 100ml,False
drinks,President's Choice,Peach Ginger Sparkling Soda  ,President's ChoicePeach Ginger Sparkling Soda  12x355.0 ml,$6.49pack of 12,,$0.15/ 100ml,False
drinks,7Up,Zero Soda,7UpZero Soda12x355.0 ml,$7.49c12,,$0.18/ 100ml,False
drinks,Peace Tea,Razzleberry,Peace TeaRazzleberry12x341.0 ml,$8.99pack of 12,,$0.22/ 100ml,False
drinks,Monster Energy,"Ultra Zero Energy Drink, Can","Monster EnergyUltra Zero Energy Drink, Can473 ml",$3.99ea,,$0.84/ 100ml,False
drinks,Red Bull,"Energy Drink, Watermelon","Red BullEnergy Drink, Watermelon4x250.0 ml",$11.49pack of 4,,$1.15/ 100ml,False
drinks,Sparkling Ice,Black Raspberry Sparkling Water,Sparkling IceBlack Raspberry Sparkling Water503 ml,$2.29ea,,$0.46/ 100ml,False
drinks,Brisk,Blackberry Iced Tea,BriskBlackberry Iced Tea710 ml,$1.99ea,,$0.28/ 100ml,False
drinks,Coca-Cola,Mexican Coca-Cola  ,Coca-ColaMexican Coca-Cola  4x355.0 ml,$8.99pack of 4,,$0.63/ 100ml,False
drinks,Monster Energy,"Ultra Blue Energy Drink, Can","Monster EnergyUltra Blue Energy Drink, Can473 ml",$3.99ea,,$0.84/ 100ml,False
drinks,Montellier,Grapefruit Sparkling Water,MontellierGrapefruit Sparkling Water1 l,$1.59ea,,$0.16/ 100ml,False
drinks,Gatorade,"Zero, Berry","GatoradeZero, Berry6x591.0 ml",$6.99pack of 6,,$0.20/ 100ml,False
drinks,PC Black Label,Pink Lemonade Sparkling Beverage,PC Black LabelPink Lemonade Sparkling Beverage750 ml,$5.99ea,,$0.80/ 100ml,False
drinks,Fresca,Bottle,FrescaBottle2 l,$3.99ea,,$0.20/ 100ml,False
drinks,Montellier,Carbonated Mineral Water,MontellierCarbonated Mineral Water1 l,$1.59ea,,$0.16/ 100ml,False
drinks,Tim Hortons,Original K-Cup Coffee Pods,Tim HortonsOriginal K-Cup Coffee Pods30 ea,$24.99ea,,$0.83/ 1ea,False
drinks,Coca-Cola,"Zero Sugar, Bottle","Coca-ColaZero Sugar, Bottle2 l",$3.99ea,,$0.20/ 100ml,False
drinks,Sprite,"Zero, Bottle 2L","SpriteZero, Bottle 2L2 l",$3.99ea,,$0.20/ 100ml,False
drinks,Tropicana,Orange Juice Some Pulp,TropicanaOrange Juice Some Pulp1.54 l,$6.99ea,,$0.45/ 100ml,False
drinks,Simply,"Apple Juice, Bottle","SimplyApple Juice, Bottle1.54 l",$7.49ea,,$0.49/ 100ml,False
drinks,7Up,Zero Soda,7UpZero Soda2 l,$3.99ea,,$0.20/ 100ml,False
drinks,Tropicana,Orange Juice Lots of Pulp,TropicanaOrange Juice Lots of Pulp1.54 l,$6.99ea,,$0.45/ 100ml,False
drinks,Pepsi,Soda      ,PepsiSoda      6x710.0 ml,$6.99pack of 6,,$0.16/ 100ml,False
drinks,Arizona,100% Natural Raspberry Iced Tea,Arizona100% Natural Raspberry Iced Tea960 ml,$1.79ea,,$0.19/ 100ml,False
drinks,Tropicana,"Trop50 Orange Juice, No Pulp","TropicanaTrop50 Orange Juice, No Pulp1.54 l",$6.99ea,,$0.45/ 100ml,False
drinks,Ocean Spray,Cran Tropical Cocktail,Ocean SprayCran Tropical Cocktail1.89 l,$3.79ea,,$0.20/ 100ml,False
drinks,Fruitopia,Blueberry Watermelon Wisdom Fruit Beverage,FruitopiaBlueberry Watermelon Wisdom Fruit Beverage1.75 l,$3.79ea,,$0.22/ 100ml,False
drinks,President's Choice,Cranberry Ginger Ale,President's ChoiceCranberry Ginger Ale2 l,$1.99ea,,$0.10/ 100ml,False
drinks,President's Choice,Cola,President's ChoiceCola2 l,$1.99ea,,$0.10/ 100ml,False
drinks,Nestea,"Lemon Tea, Gable Top Carton","NesteaLemon Tea, Gable Top Carton1.75 l",$3.79ea,,$0.22/ 100ml,False
drinks,President's Choice,Ginger Ale,President's ChoiceGinger Ale2 l,$1.99ea,,$0.10/ 100ml,False
drinks,Pure Leaf,Lemon Iced Tea,Pure LeafLemon Iced Tea1.75 l,$5.79ea,$5.49ea,$0.31/ 100ml,True
drinks,President's Choice,Gourmet Medium Roast Regular Grind Coffee ,President's ChoiceGourmet Medium Roast Regular Grind Coffee 930 g,$14.99ea,,$1.61/ 100g,False
drinks,Pepsi,Soda      ,PepsiSoda      6x222.0 ml,$4.99pack of 6,,$0.37/ 100ml,False
drinks,Eagle Brand,Brand Dulce De Leche Sweetened Condensed Milk,Eagle BrandBrand Dulce De Leche Sweetened Condensed Milk300 ml,$4.79ea,,$1.60/ 100ml,False
drinks,Rockstar,Punched Strawberry,RockstarPunched Strawberry473 ml,$3.99ea,,$0.84/ 100ml,False
drinks,Pepsi,Zero Sugar ,PepsiZero Sugar 6x222.0 ml,$4.99pack of 6,,$0.37/ 100ml,False
drinks,PC Black Label,Pink Lemonade Sparkling Beverage,PC Black LabelPink Lemonade Sparkling Beverage750 ml,$5.99ea,,$0.80/ 100ml,False
drinks,Fresca,Bottle,FrescaBottle2 l,$3.99ea,,$0.20/ 100ml,False
drinks,Camino,Organic Dark Hot Chocolate,CaminoOrganic Dark Hot Chocolate336 g,$6.99ea,,$2.08/ 100g,False
drinks,Thirsty Buddha,"Coconut Water,","Thirsty BuddhaCoconut Water,490 ml",$3.49ea,,$0.71/ 100ml,False
drinks,Montellier,Carbonated Mineral Water,MontellierCarbonated Mineral Water1 l,$1.59ea,,$0.16/ 100ml,False
drinks,Montellier,Grapefruit Sparkling Water,MontellierGrapefruit Sparkling Water1 l,$1.59ea,,$0.16/ 100ml,False
drinks,Gatorade,Cool Blue Sports Drink ,GatoradeCool Blue Sports Drink 6x591.0 ml,$6.99pack of 6,,$0.20/ 100ml,False
drinks,Tim Hortons,Original K-Cup Coffee Pods,Tim HortonsOriginal K-Cup Coffee Pods30 ea,$24.99ea,,$0.83/ 1ea,False
drinks,Coca-Cola,"Zero Sugar, Bottle","Coca-ColaZero Sugar, Bottle2 l",$3.99ea,,$0.20/ 100ml,False
drinks,Sprite,"Zero, Bottle 2L","SpriteZero, Bottle 2L2 l",$3.99ea,,$0.20/ 100ml,False
drinks,President's Choice,Orange Soda,President's ChoiceOrange Soda2 l,$1.99ea,,$0.10/ 100ml,False
drinks,President's Choice,Diet Cola,President's ChoiceDiet Cola2 l,$1.99ea,,$0.10/ 100ml,False
drinks,7Up,7UP Soft Drink,7Up7UP Soft Drink8x355.0 ml,$7.49pack of 8,,$2.11/ 100ml,False
drinks,Pepsi,Diet Soda,PepsiDiet Soda6x222.0 ml,$4.99pack of 6,,$0.37/ 100ml,False
drinks,Oasis,Deliciously Purple Fruit and Vegetable Juice,OasisDeliciously Purple Fruit and Vegetable Juice960 ml,$1.79ea,,$0.19/ 100ml,False
drinks,Fruitopia,Strawberry Passion Awareness Fruit Beverage,FruitopiaStrawberry Passion Awareness Fruit Beverage1.75 l,$3.79ea,,$0.22/ 100ml,False
drinks,Tropicana,"Trop50 Orange Juice, Pulp","TropicanaTrop50 Orange Juice, Pulp1.54 l",$6.99ea,,$0.45/ 100ml,False
drinks,Gatorade,Fierce Fruit Punch Sports Drink,GatoradeFierce Fruit Punch Sports Drink710 ml,$2.39ea,,$0.34/ 100ml,False
drinks,Califia Farms, Califia Unsweetened Almond Beverage ,Califia Farms Califia Unsweetened Almond Beverage 1.4 l,$7.49ea,,$0.54/ 100ml,False
drinks,Coca-Cola,Pure North Grapefruit Lemonade,Coca-ColaPure North Grapefruit Lemonade355 ml,$3.49ea,,$0.98/ 100ml,False
drinks,Coca-Cola,Pure North Black Cherry ,Coca-ColaPure North Black Cherry 355 ml,$3.49ea,,$0.98/ 100ml,False
drinks,Brioschi,Aranciata Blood Orange,BrioschiAranciata Blood Orange355 ml,$1.29ea,,$0.36/ 100ml,False
drinks,Perrier,Energize Tangerine,PerrierEnergize Tangerine330 ml,$2.99ea,,$0.91/ 100ml,False
drinks,Tassimo,Nabob 100% Colombian Coffee Single Serve T-Discs,TassimoNabob 100% Colombian Coffee Single Serve T-Discs14 ea,$11.99ea,,$10.90/ 100g,False
drinks,Barq's,Spiced Cherry  ,Barq'sSpiced Cherry  4x355.0 ml,$8.99pack of 4,,$0.63/ 100ml,False
drinks,President's Choice,Mango Raspberry Lemonade,President's ChoiceMango Raspberry Lemonade1.54 l,$3.99ea,,$0.26/ 100ml,False
drinks,Barq's,Cream Soda ,Barq'sCream Soda 4x355.0 ml,$8.99pack of 4,,$0.63/ 100ml,False
drinks,Blue Diamond,Almond Breeze Original,Blue DiamondAlmond Breeze Original1.89 l,$4.49ea,,$0.24/ 100ml,False
drinks,Starbucks,House Blend Medium Roast Ground Coffee K-Cup Pods Box,StarbucksHouse Blend Medium Roast Ground Coffee K-Cup Pods Box10 ea,$12.99ea,,$1.30/ 1ea,False
drinks,Rockstar,Sugar Free Energy Drink ,RockstarSugar Free Energy Drink 4x473.0 ml,$11.99pack of 4,,$0.63/ 100ml,False
drinks,Simply,"Lemonade, Bottle","SimplyLemonade, Bottle1.54 l",$6.49ea,,$0.42/ 100ml,False
drinks,Pepsi,Pure Leaf Green Tea with Honey,PepsiPure Leaf Green Tea with Honey547 ml,$3.49ea,,$0.64/ 100ml,False
drinks,Brisk,Peach Iced Tea,BriskPeach Iced Tea710 ml,$1.99ea,,$0.28/ 100ml,False
drinks,Pepsi,Pure Leaf Lemon Iced Tea,PepsiPure Leaf Lemon Iced Tea547 ml,$3.49ea,,$0.64/ 100ml,False
drinks,San Pellegrino,Sparkling Drink Lemon & Raspberry,San PellegrinoSparkling Drink Lemon & Raspberry6x330.0 ml,$7.49pack of 6,,$0.38/ 100ml,False
drinks,Canada Dry,Ginger Ale  ( Case),Canada DryGinger Ale  ( Case)6x237.0 ml,$6.99ea,,$0.49/ 100ml,False
drinks,San Pellegrino,Sparkling Drink Pomegranate & Blackcurrant,San PellegrinoSparkling Drink Pomegranate & Blackcurrant6x330.0 ml,$7.49pack of 6,,$0.38/ 100ml,False
drinks,President's Choice,Gourmet West Coast Dark Roast Coffee,President's ChoiceGourmet West Coast Dark Roast Coffee875 g,$14.99ea,,$1.71/ 100g,False
drinks,President's Choice,Ginger Ale Flavour Sparkling Water,President's ChoiceGinger Ale Flavour Sparkling Water12x355.0 ml,$5.99c01,,$0.14/ 100ml,False
drinks,Balzac's,A Dark Affair Whole Bean Coffee,Balzac'sA Dark Affair Whole Bean Coffee340 g,$16.99ea,,$5.00/ 100g,False
drinks,Bolthouse,Mocha Cappuccino,BolthouseMocha Cappuccino946 ml,$6.99ea,,$0.74/ 100ml,False
drinks,Tea at the White House,Black Tea Sticky Toffee Pudding,Tea at the White HouseBlack Tea Sticky Toffee Pudding31.2 g,$9.99ea,,$32.02/ 100g,False
drinks,DAVIDsTEA,Fruit Infusion Forever Nuts,DAVIDsTEAFruit Infusion Forever Nuts30 g,$9.99ea,,$33.30/ 100g,False
drinks,Starbucks,Whole Bean 100% Arabica Coffee Espresso Roast Dark Roast,StarbucksWhole Bean 100% Arabica Coffee Espresso Roast Dark Roast907 g,$26.99ea,,$2.98/ 100g,False
drinks,Greenhouse,Grapefruit Organic Kombucha,GreenhouseGrapefruit Organic Kombucha340 ml,$4.99ea,,$0.82/ 100g,False
drinks,Odouls,Beer Dealcoholized,OdoulsBeer Dealcoholized12x355.0 ml,$14.99pack of 12,,$0.35/ 100ml,False
drinks,President's Choice,Hot Chocolate Mix Single Serve Pods,President's ChoiceHot Chocolate Mix Single Serve Pods12 ea,$7.49ea,$6.99ea,$0.58/ 1ea,True
drinks,Earths Own,Oat Vanilla ,Earths OwnOat Vanilla 1.75 l,$4.49ea,,$0.26/ 100ml,False
drinks,President's Choice,Spicy Tomato Clam Cocktail,President's ChoiceSpicy Tomato Clam Cocktail1.89 l,$2.79ea,,$0.15/ 100ml,False
drinks,PC Blue Menu,8-Vegetable Cocktail,PC Blue Menu8-Vegetable Cocktail1.89 l,$3.49ea,,$0.18/ 100ml,False
drinks,Mott's,Garden Cocktail,Mott'sGarden Cocktail1.89 l,$4.19ea,,$0.22/ 100ml,False
drinks,Peace Tea,Sno-Berry,Peace TeaSno-Berry695 ml,$1.99ea,,$0.29/ 100ml,False
drinks,Real Lemon,Realime Single Strength Lime Juice,Real LemonRealime Single Strength Lime Juice125 ml,$1.49ea,,$1.19/ 100ml,False
drinks,Tim Hortons,"Single Serve Coffee Pods, Original","Tim HortonsSingle Serve Coffee Pods, Original126 g",$12.99ea,$9.99ea,$7.93/ 100g,True
drinks,Peace Tea,"Peach Party Tea, Can","Peace TeaPeach Party Tea, Can695 ml",$1.99ea,,$0.29/ 100ml,False
drinks,No Name,Instant Coffee,No NameInstant Coffee150 g,$5.49ea,,$3.66/ 100g,False
drinks,President's Choice,Gourmet Medium Roast Coffee Pods,President's ChoiceGourmet Medium Roast Coffee Pods30 ea,$14.99ea,,$0.50/ 1ea,False
drinks,Pepsi,Diet Soda,PepsiDiet Soda591 ml,$2.99ea,,$0.51/ 100ml,False
drinks,Simply,Real Fruit Beverage Fruit Punch,SimplyReal Fruit Beverage Fruit Punch1.54 l,$6.49ea,,$0.42/ 100ml,False
drinks,President's Choice,Honey Yuzu Citrus Flavoured Lemonade,President's ChoiceHoney Yuzu Citrus Flavoured Lemonade1.89 l,$3.29ea,,$0.17/ 100ml,False
drinks,President's Choice,Red Brew Dealcoholized Lager Beer ,President's ChoiceRed Brew Dealcoholized Lager Beer 12x355.0 ml,$8.99pack of 12,,$0.21/ 100ml,False
drinks,President's Choice,Sparkling Lemonade 12 Cans,President's ChoiceSparkling Lemonade 12 Cans12x355.0 ml,$6.49ea,,$0.15/ 100ml,False
drinks,Minute Maid,Real Fruit Beverage Nutri Fibre Mixed Berry 1.75 L,Minute MaidReal Fruit Beverage Nutri Fibre Mixed Berry 1.75 L1.75 l,$5.49ea,,$0.31/ 100ml,False
drinks,Starbucks,True North Blend Blonde Roast Ground Coffee K-Cup Pods,StarbucksTrue North Blend Blonde Roast Ground Coffee K-Cup Pods24 ea,$24.99ea,,$1.04/ 1ea,False
drinks,AHA,Blueberry Pomegranate ,AHABlueberry Pomegranate 12x355.0 ml,$7.49pack of 12,,$0.18/ 100ml,False
drinks,President's Choice,Dark Chocolate Peppermint Candy Hot Cocoa Mix,President's ChoiceDark Chocolate Peppermint Candy Hot Cocoa Mix500 g,$4.49ea,,$0.90/ 100g,False
drinks,Allen's,Fruit Punch Cocktail,Allen'sFruit Punch Cocktail1 l,$2.29ea,,$0.23/ 100ml,False
drinks,President's Choice,"Green Tea, Club Pack","President's ChoiceGreen Tea, Club Pack48 ea",$4.99ea,,$10.40/ 100ea,False
drinks,MiO,Blueberry Lemonade Liquid Water Enhancer,MiOBlueberry Lemonade Liquid Water Enhancer48 ml,$4.29ea,,$8.94/ 100ml,False
drinks,Schweppes,Ginger Ale ,SchweppesGinger Ale 12x355.0 ml,$7.49c12,,$0.18/ 100ml,False
drinks,President's Choice,Cranberry Cocktail,President's ChoiceCranberry Cocktail1.89 l,$3.49ea,,$0.18/ 100ml,False
drinks,Allen's,Grape Cocktail,Allen'sGrape Cocktail8x200.0 ml,$3.29ea,$2.99ea,$0.19/ 100ml,True
drinks,President's Choice,Mango Lemonade,President's ChoiceMango Lemonade1.89 l,$3.29ea,,$0.17/ 100ml,False
drinks,Minute Maid,"100% Apple Juice From Concentrate, 8 Pack","Minute Maid100% Apple Juice From Concentrate, 8 Pack8x200.0 ml",$4.19ea,$3.99ea,$0.25/ 100ml,True
drinks,Glaceau,"Acai-Blueberry-Pomegranate Nutrient Enhanced Water, Bottle","GlaceauAcai-Blueberry-Pomegranate Nutrient Enhanced Water, Bottle591 ml",$2.99ea,,$0.51/ 100ml,False
drinks,No Name,Fruit Punch,No NameFruit Punch2 l,$1.49ea,,$0.07/ 100ml,False
drinks,Glaceau,"Water, Bottle","GlaceauWater, Bottle1 l",$3.29ea,,$0.33/ 100ml,False
drinks,Bolthouse,Strawberry Banana,BolthouseStrawberry Banana946 ml,$6.99ea,,$0.74/ 100ml,False
drinks,President's Choice,Ginger Ale,President's ChoiceGinger Ale12x355.0 ml,$6.49pack of 12,,$0.15/ 100ml,False
drinks,President's Choice,Berry Pomegranate Liquid Water Enhancer,President's ChoiceBerry Pomegranate Liquid Water Enhancer48 ml,$3.99ea,,$8.31/ 100ml,False
drinks,Kraft,Grape Liquid Drink Mix,KraftGrape Liquid Drink Mix48 ml,$4.29ea,,$8.94/ 100ml,False
drinks,Danone,"Cold Brew Coffee, Black Lightly Sweetened","DanoneCold Brew Coffee, Black Lightly Sweetened1.42 l",$9.99ea,,$0.70/ 100ml,False
drinks,Lavazza,Crema & Gusto,LavazzaCrema & Gusto250 g,$6.49ea,,$2.60/ 100g,False
drinks,President's Choice,100% Tropical Juice,President's Choice100% Tropical Juice1 l,$1.99ea,,$0.20/ 100ml,False
drinks,Rougemont,No Sugar Added Low Acid Mellow Apple Juice,RougemontNo Sugar Added Low Acid Mellow Apple Juice2 l,$3.69ea,,$0.18/ 100ml,False
drinks,President's Choice,Diet Lemonade Sparkling Soda  ,President's ChoiceDiet Lemonade Sparkling Soda  12x355.0 ml,$6.49pack of 12,,$0.15/ 100ml,False
drinks,Fruite,Limited Edition Raspberry Lemonade,FruiteLimited Edition Raspberry Lemonade2 l,$2.89ea,,$0.14/ 100ml,False
drinks,President's Choice,Cola,President's ChoiceCola222 ml,$3.99c06,,$0.30/ 100ml,False
drinks,President's Choice,100% Orange Juice,President's Choice100% Orange Juice10x200.0 ml,$3.89ea,,$0.19/ 100ml,False
drinks,Carnation,Variety Pack Hot Chocolate Envelopes,CarnationVariety Pack Hot Chocolate Envelopes175 g,$4.99ea,$3.99ea,$2.28/ 100g,True
drinks,President's Choice,The Decadent Chocolate Chip Cookie Flavour Hot Chocolate Mix,President's ChoiceThe Decadent Chocolate Chip Cookie Flavour Hot Chocolate Mix500 g,$4.99ea,$4.49ea,$0.90/ 100g,True
drinks,President's Choice,Cola,President's ChoiceCola12x355.0 ml,$6.49pack of 12,,$0.15/ 100ml,False
drinks,V8,"V-Go Vegetable Cocktail, Original","V8V-Go Vegetable Cocktail, Original1.89 l",$4.79ea,,$0.25/ 100ml,False
drinks,Pepsi,Zero Sugar Soda    ,PepsiZero Sugar Soda    591 ml,$2.99ea,,$0.51/ 100ml,False
drinks,Tang's,Orange Drink Mix,Tang'sOrange Drink Mix276 g,$2.79ea,,$1.01/ 100g,False
drinks,President's Choice,Strawberry Mist Naturally Fruit-Flavoured Water Beverage,President's ChoiceStrawberry Mist Naturally Fruit-Flavoured Water Beverage6x500.0 ml,$3.99pack of 6,,$0.13/ 100ml,False
drinks,Ocean Spray,"100% Juice Blends 100% Juice, Cranberry and Grape","Ocean Spray100% Juice Blends 100% Juice, Cranberry and Grape1.77 l",$3.79ea,,$0.21/ 100ml,False
drinks,Earths Own, Oat Milk Original,Earths Own Oat Milk Original1.75 l,$4.49ea,,$0.26/ 100ml,False
drinks,Tim Hortons,"Fine Grain Coffee, Decaffeinated","Tim HortonsFine Grain Coffee, Decaffeinated300 g",$10.99ea,$8.99ea,$3.00/ 100g,True
drinks,No Name,Orange Drink Mix Club Size,No NameOrange Drink Mix Club Size2.3 kg,$7.49ea,,$0.33/ 100g,False
drinks,PC Blue Menu,Watermelon Sparkling Water ,PC Blue MenuWatermelon Sparkling Water 1 l,$1.39ea,,$0.14/ 100ml,False
drinks,Five Alive,"Citrus Juice, 8 Pack","Five AliveCitrus Juice, 8 Pack8x200.0 ml",$4.19ea,$3.99ea,$0.25/ 100ml,True
drinks,Dole,Apple Juice ,DoleApple Juice 12x340.0 ml,$7.99pack of 12,,$0.20/ 100ml,False
drinks,Bolthouse,Vanilla Chai Tea,BolthouseVanilla Chai Tea946 ml,$6.99ea,,$0.74/ 100ml,False
drinks,Vin(zero),"Chardonnay, Non-Alcoholic     ","Vin(zero)Chardonnay, Non-Alcoholic     750 ml",$11.50ea,$9.99ea,$1.33/ 100ml,True
drinks,Twinings,"Tea, Camomile, Honey & Vanilla Herbal ","TwiningsTea, Camomile, Honey & Vanilla Herbal 20 ea",$6.49ea,,$0.32/ 1ea,False
drinks,Starbucks,Tripleshot Café Mocha,StarbucksTripleshot Café Mocha444 ml,$3.99ea,,$0.90/ 100ml,False
drinks,Rally,Non-Alcoholic Beer Dry Run Pale Ale Electrolytes,RallyNon-Alcoholic Beer Dry Run Pale Ale Electrolytes1420 ml,$8.99c04,,$0.63/ 100ml,False
drinks,McCafe,Coffee Pods     ,McCafeCoffee Pods     48 ea,$39.99ea,,$0.83/ 1ea,False
drinks,Starbucks,Winter Blend Ground Coffee,StarbucksWinter Blend Ground Coffee283 g,$12.99ea,,$4.59/ 100g,False
drinks,Van Houtte," Original House Blend K-Cup Coffee Pods, 24 Count","Van Houtte Original House Blend K-Cup Coffee Pods, 24 Count228 g",$20.99ea,$17.99ea,$7.89/ 100g,True
drinks,Silk,"Barista Almond For Coffee, Dairy Free, Shelf Stable","SilkBarista Almond For Coffee, Dairy Free, Shelf Stable946 ml",$6.49ea,,$0.69/ 100ml,False
drinks,Nestle,Purelife 0 Calories,NestlePurelife 0 Calories1.5 l,$1.49ea,,$0.10/ 100ml,False
drinks,President's Choice,Lavender Flavour White Tea,President's ChoiceLavender Flavour White Tea1.54 l,$3.99ea,,$0.26/ 100ml,False
drinks,Canada Dry,Ginger Ale,Canada DryGinger Ale2 l,$3.99ea,,$0.20/ 100ml,False
drinks,Canada Dry,Ginger Ale ,Canada DryGinger Ale 6x222.0 ml,$4.99pack of 6,,$0.37/ 100ml,False
drinks,Canada Dry,Ginger Ale Bottle  ,Canada DryGinger Ale Bottle  8x300.0 ml,$6.99pack of 8,,$0.29/ 100ml,False
drinks,AHA,"Peach + Honey Sparkling Water, Bottle","AHAPeach + Honey Sparkling Water, Bottle1 l",$1.99ea,,$0.20/ 100ml,False
drinks,A&W,Root Beer ,A&WRoot Beer 12x355.0 ml,$7.49c12,,$0.18/ 100ml,False
drinks,Coca-Cola,Zero      ,Coca-ColaZero      6x222.0 ml,$4.99pack of 6,,$0.37/ 100ml,False
drinks,Sprite,Soda ,SpriteSoda 6x222.0 ml,$4.99pack of 6,,$0.37/ 100ml,False
drinks,Fruite,Strawberry Drink,FruiteStrawberry Drink2 l,$2.89ea,,$0.14/ 100ml,False
drinks,Coca-Cola,"Caffeine Free, Bottle","Coca-ColaCaffeine Free, Bottle2 l",$3.99ea,,$0.20/ 100ml,False
drinks,Sprite,Zero      ,SpriteZero      12x355.0 ml,$7.49pack of 12,,$0.18/ 100ml,False
drinks,A&W,Root Beer,A&WRoot Beer2 l,$3.99ea,,$0.20/ 100ml,False
drinks,Coca-Cola,Zero Sugar     ,Coca-ColaZero Sugar     12x355.0 ml,$7.49pack of 12,,$0.18/ 100ml,False
