category,brand,product_text,product_name,price_text,sale_price,per_unit_price_text,is_sale
pantry,Franks,"Hot Sauce, Original Cayenne Pepper","FranksHot Sauce, Original Cayenne Pepper354 ml",$5.29ea,,$1.49/ 100ml,False
pantry,Franks,"Hot Sauce, Buffalo Wings Sauce","FranksHot Sauce, Buffalo Wings Sauce354 ml",$5.29ea,,$1.49/ 100ml,False
pantry,Franks,Xtra Hot Cayenne Pepper Sauce,FranksXtra Hot Cayenne Pepper Sauce354 ml,$5.29ea,,$1.49/ 100ml,False
pantry,Franks,"Thick Sauce, Buffalo 'N Ranch","FranksThick Sauce, Buffalo 'N Ranch354 ml",$5.29ea,,$1.49/ 100ml,False
pantry,President's Choice,White Cheddar Deluxe Macaroni & Cheese Dinner,President's ChoiceWhite Cheddar Deluxe Macaroni & Cheese Dinner200 g,$2.49ea,,$1.25/ 100g,False
pantry,Franks,"Thick Sauce, Original","FranksThick Sauce, Original354 ml",$5.29ea,,$1.49/ 100ml,False
pantry,No Name, Crisp Whole Kernel Corn,No Name Crisp Whole Kernel Corn341 ml,$1.59ea,,$0.47/ 100ml,False
pantry,Hunt's,"Thick & Rich Pasta Sauce, Spicy Red Pepper & Chilies","Hunt'sThick & Rich Pasta Sauce, Spicy Red Pepper & Chilies680 ml",$3.19ea,,$0.47/ 100ml,False
pantry,Franks,Mild Wings Sauce,FranksMild Wings Sauce354 ml,$5.29ea,,$1.49/ 100ml,False
pantry,CattleBoyz,BBQ Sauce Sweet Chili,CattleBoyzBBQ Sauce Sweet Chili490 ml,$8.49ea,,$1.73/ 100ml,False
pantry,4C,Seasoned Crumbs,4CSeasoned Crumbs340 g,$8.49ea,,$2.50/ 100g,False
pantry,Cheetos,Mac'N Cheese Flamin' Hot Pasta,CheetosMac'N Cheese Flamin' Hot Pasta160 g,$3.49ea,,$2.18/ 100g,False
pantry,M'Lord,Whole Hearts Of Palm,M'LordWhole Hearts Of Palm398 ml,$4.29ea,$3.69ea,$0.93/ 100ml,True
pantry,Stock and Barrel,Louisiana Cajun Mix,Stock and BarrelLouisiana Cajun Mix375 g,$6.99ea,,$1.86/ 100g,False
pantry,Jell-O,"Instant Pudding and Pie Filling, Chocolate","Jell-OInstant Pudding and Pie Filling, Chocolate170 g",$4.99ea,,$2.94/ 100g,False
pantry,Jell-O,"Cherry Jelly Powder, Gelatin Mix","Jell-OCherry Jelly Powder, Gelatin Mix85 g",$1.49ea,,$1.75/ 100g,False
pantry,Wildly Delicious,Garlic Chili Sauce,Wildly DeliciousGarlic Chili Sauce350 ml,$7.49ea,,$2.14/ 100ml,False
pantry,,Rice Cracker Mix,Rice Cracker Mix,$1.79/100 g,,$1.79/ 100g,False
pantry,PC Black Label,California Wild Rice,PC Black LabelCalifornia Wild Rice340 g,$8.99ea,,$2.64/ 100g,False
pantry,President's Choice,"Oils, Extra Virgin Olive Oil From Tuscany","President's ChoiceOils, Extra Virgin Olive Oil From Tuscany500 ml",$14.99ea,,$3.00/ 100ml,False
pantry,President's Choice,Chipotle Hot Sauce,President's ChoiceChipotle Hot Sauce142 ml,$2.49ea,,$1.75/ 100ml,False
pantry,M'Lord,Bing Cherries,M'LordBing Cherries398 ml,$5.99ea,,$1.51/ 100ml,False
pantry,Clark,Beans with Pork and Tomato Sauce,ClarkBeans with Pork and Tomato Sauce398 ml,$2.29ea,,$0.58/ 100ml,False
pantry,Fini,Balsamic Vinegar,FiniBalsamic Vinegar250 ml,$4.79ea,,$1.92/ 100ml,False
pantry,Puratos,Corned Beef Hash,PuratosCorned Beef Hash425 g,$4.99ea,,$1.17/ 100g,False
pantry,The Keg,"Horseradish, Extra Hot","The KegHorseradish, Extra Hot250 ml",$3.49ea,,$1.40/ 100ml,False
pantry,PC Splendido,Four Cheese Risotto,PC SplendidoFour Cheese Risotto170 g,$3.99ea,,$2.35/ 100g,False
pantry,Lea & Perrins,Worcestershire Sauce,Lea & PerrinsWorcestershire Sauce142 ml,$3.49ea,,$2.46/ 100ml,False
pantry,Mutti,Concentrated Tomato Paste,MuttiConcentrated Tomato Paste156 ml,$3.99ea,,$2.56/ 100ml,False
pantry,President's Choice,White Fondant,President's ChoiceWhite Fondant680 g,$8.99ea,,$1.32/ 100g,False
pantry,Wilton,Plastic Icing Tip Set,WiltonPlastic Icing Tip Set4 ea,$2.89ea,,$0.72/ 1ea,False
pantry,PC Blue Menu,Italian Farro,PC Blue MenuItalian Farro225 g,$3.39ea,,$1.51/ 100g,False
pantry,President's Choice,Memories of Tunisia Harissa Sauce,President's ChoiceMemories of Tunisia Harissa Sauce350 ml,$4.99ea,,$1.43/ 100ml,False
pantry,Thai Kitchen,Peanut Satay Sauce,Thai KitchenPeanut Satay Sauce227 ml,$5.99ea,,$2.64/ 100ml,False
pantry,Nando's,"Peri Peri Sauce, Medium","Nando'sPeri Peri Sauce, Medium250 ml",$7.49ea,,$3.00/ 100ml,False
pantry,PC Black Label,Tres Pimientos Hot Sauce,PC Black LabelTres Pimientos Hot Sauce255 ml,$4.49ea,,$1.76/ 100ml,False
pantry,Magic Baking Powder,Baking Powder,Magic Baking PowderBaking Powder225 g,$4.99ea,,$2.22/ 100g,False
pantry,G Hughes Smokehouse,Sweet Chili Dipping Sauce,G Hughes SmokehouseSweet Chili Dipping Sauce490 ml,$6.99ea,,$1.43/ 100ml,False
pantry,Pepper North,"No Joke ""Original Ghost Pepper"" Hot Sauce","Pepper NorthNo Joke ""Original Ghost Pepper"" Hot Sauce148 ml",$8.99ea,,$6.07/ 100ml,False
pantry,Crosby,Grandma Fancy Molasses,CrosbyGrandma Fancy Molasses675 g,$4.99ea,,$0.74/ 100g,False
pantry,President's Choice,Plant Based Tex Mex Jackfruit ,President's ChoicePlant Based Tex Mex Jackfruit 300 g,$2.99ea,,$1.00/ 100g,False
pantry,President's Choice,Maple-Flavoured Mixed Nuts,President's ChoiceMaple-Flavoured Mixed Nuts275 g,$4.99ea,,$1.81/ 100g,False
pantry,Campbell's,"Chunky Chili, Steak","Campbell'sChunky Chili, Steak425 g",$4.39ea,,$1.03/ 100g,False
pantry,Dainty,Extra Long Basmati Premium Aromatic Rice,DaintyExtra Long Basmati Premium Aromatic Rice3.63 kg,$24.99ea,,$0.69/ 100g,False
pantry,President's Choice,Black Fondant,President's ChoiceBlack Fondant680 g,$8.99ea,,$1.32/ 100g,False
pantry,Jif,Light Creamy Peanut Butter,JifLight Creamy Peanut Butter500 g,$5.49ea,,$1.10/ 100g,False
pantry,A Spice Affair,Salsa Fiesta Dip,A Spice AffairSalsa Fiesta Dip100 g,$11.99ea,,$11.99/ 100g,False
pantry,Peace River Honey,Liquid Honey,Peace River HoneyLiquid Honey500 g,$11.49ea,$9.49ea,$1.90/ 100g,True
pantry,A Spice Affair,Smoked BBQ Seasoning,A Spice AffairSmoked BBQ Seasoning100 g,$11.99ea,,$11.99/ 100g,False
pantry,President's Choice,Caramelized Onion Topping,President's ChoiceCaramelized Onion Topping245 ml,$4.29ea,,$1.75/ 100ml,False
pantry,Wilton,Buttercream Icing Mix,WiltonButtercream Icing Mix1 ea,$7.49ea,,$7.49/ 1ea,False
pantry,President's Choice,Berry Cherry Dried Fruit Blend,President's ChoiceBerry Cherry Dried Fruit Blend300 g,$7.49ea,,$2.50/ 100g,False
pantry,A Spice Affair,Taco Seasoning,A Spice AffairTaco Seasoning100 g,$11.99ea,,$11.99/ 100g,False
pantry,Tabasco,"Original Red Sauce, Club Pack","TabascoOriginal Red Sauce, Club Pack350 ml",$11.99ea,,$3.43/ 100ml,False
pantry,H and H,Royal Figs,H and HRoyal Figs454 g,$8.99ea,,$1.98/ 100g,False
pantry,Mutti,Concentrated Tomato Paste,MuttiConcentrated Tomato Paste156 ml,$3.99ea,,$2.56/ 100ml,False
pantry,President's Choice,White Fondant,President's ChoiceWhite Fondant680 g,$8.99ea,,$1.32/ 100g,False
pantry,Thai Kitchen,Peanut Satay Sauce,Thai KitchenPeanut Satay Sauce227 ml,$5.99ea,,$2.64/ 100ml,False
pantry,Nando's,"Peri Peri Sauce, Medium","Nando'sPeri Peri Sauce, Medium250 ml",$7.49ea,,$3.00/ 100ml,False
pantry,Aylmer,Original Diced Tomatoes,AylmerOriginal Diced Tomatoes796 ml,$2.99ea,,$0.38/ 100ml,False
pantry,Jell-O,"Instant Pudding and Pie Filling, Chocolate","Jell-OInstant Pudding and Pie Filling, Chocolate170 g",$4.99ea,,$2.94/ 100g,False
pantry,Jell-O,"Cherry Jelly Powder, Gelatin Mix","Jell-OCherry Jelly Powder, Gelatin Mix85 g",$1.49ea,,$1.75/ 100g,False
pantry,Tabasco,Sweet & Spicy Sauce,TabascoSweet & Spicy Sauce256 ml,$7.29ea,$6.49ea,$2.54/ 100ml,True
pantry,,Rice Cracker Mix,Rice Cracker Mix,$1.79/100 g,,$1.79/ 100g,False
pantry,Heinz,Tomato Ketchup Low Sodium,HeinzTomato Ketchup Low Sodium750 ml,$5.99ea,,$0.80/ 100ml,False
pantry,President's Choice,Chipotle Hot Sauce,President's ChoiceChipotle Hot Sauce142 ml,$2.49ea,,$1.75/ 100ml,False
pantry,A Spice Affair,Everything Bagel Seasoning,A Spice AffairEverything Bagel Seasoning100 g,$11.99ea,,$11.99/ 100g,False
pantry,Stefano Faita,Sauce Rosée,Stefano FaitaSauce Rosée648 ml,$7.99ea,,$1.23/ 100ml,False
pantry,Jell-O,Cooked Vanilla Pudding & Pie Filling,Jell-OCooked Vanilla Pudding & Pie Filling135 g,$4.99ea,,$3.70/ 100g,False
pantry,Lidia's,Marinara,Lidia'sMarinara708 g,$10.49ea,,$1.48/ 100g,False
pantry,Puratos,Corned Beef Hash,PuratosCorned Beef Hash425 g,$4.99ea,,$1.17/ 100g,False
pantry,Lea & Perrins,Worcestershire Sauce,Lea & PerrinsWorcestershire Sauce142 ml,$3.49ea,,$2.46/ 100ml,False
pantry,Cake Mate,"Scribblers, Fashion Colours","Cake MateScribblers, Fashion Colours4x19.0 g",$6.49ea,,$8.54/ 100g,False
pantry,Ocean's Halo,Solid White Tuna,Ocean's HaloSolid White Tuna170 g,$4.29ea,,$2.52/ 100g,False
pantry,PC Black Label,"Pasta Sauce, Tomato Basil","PC Black LabelPasta Sauce, Tomato Basil650 ml",$6.79ea,$6.29ea,$0.97/ 100ml,True
pantry,Wilton,Unicorn Horn Sprinkles,WiltonUnicorn Horn Sprinkles28 g,$4.49ea,,$16.04/ 100g,False
pantry,President's Choice,World of Flavours Mexican Chicken Soup ,President's ChoiceWorld of Flavours Mexican Chicken Soup 540 ml,$3.49ea,,$0.65/ 100ml,False
pantry,Rufus Teague,Touch O' Heat Bbq Sauce,Rufus TeagueTouch O' Heat Bbq Sauce330 ml,$8.99ea,,$2.72/ 100ml,False
pantry,President's Choice,Poppy Seed Dressing ,President's ChoicePoppy Seed Dressing 355 ml,$4.99ea,,$1.41/ 100ml,False
pantry,Jus' Better,Gummy Bears,Jus' BetterGummy Bears550 g,$4.99ea,,$0.91/ 100g,False
pantry,Kraft,Miracle Whip Original Spread,KraftMiracle Whip Original Spread475 ml,$5.79ea,,$1.22/ 100ml,False
pantry,Kuehne,Barrel Dill Pickles Sweet & Sour,KuehneBarrel Dill Pickles Sweet & Sour1 l,$8.99ea,,$0.90/ 100ml,False
pantry,G Hughes Smokehouse,Sweet Chili Dipping Sauce,G Hughes SmokehouseSweet Chili Dipping Sauce490 ml,$6.99ea,,$1.43/ 100ml,False
pantry,Crosby,Grandma Fancy Molasses,CrosbyGrandma Fancy Molasses675 g,$4.99ea,,$0.74/ 100g,False
pantry,Bertolini,"Olive Oil Spray, Extra Light","BertoliniOlive Oil Spray, Extra Light155 ml",$5.29ea,,$3.41/ 100ml,False
pantry,President's Choice,Maple-Flavoured Mixed Nuts,President's ChoiceMaple-Flavoured Mixed Nuts275 g,$4.99ea,,$1.81/ 100g,False
pantry,President's Choice,100% Pure Sunflower Oil,President's Choice100% Pure Sunflower Oil946 ml,$14.99ea,,$1.58/ 100ml,False
pantry,Pepper North,Hot Sauce Momento De Muerte Extra Hot,Pepper NorthHot Sauce Momento De Muerte Extra Hot148 ml,$8.99ea,,$6.07/ 100ml,False
pantry,David Rocco,Pasta Sauce Pomodoro & Basilico,David RoccoPasta Sauce Pomodoro & Basilico650 ml,$9.99ea,$8.99ea,$1.38/ 100ml,True
pantry,Thai Kitchen,Yellow Curry Paste,Thai KitchenYellow Curry Paste112 g,$5.99ea,,$5.35/ 100g,False
pantry,Hunt's,Tomato Sauce,Hunt'sTomato Sauce680 ml,$3.19ea,,$0.47/ 100ml,False
pantry,No Name,Rich & Chunky New England-Style Clam Chowder,No NameRich & Chunky New England-Style Clam Chowder540 ml,$2.99ea,$2.59ea,$0.48/ 100ml,True
pantry,BeeMaid,1 Canadian Pure Creamed Honey  ,BeeMaid1 Canadian Pure Creamed Honey  1 kg,$18.49ea,,$1.85/ 100g,False
pantry,President's Choice,Refrigerated Apple Cider Vinaigrette,President's ChoiceRefrigerated Apple Cider Vinaigrette350 ml,$4.99ea,,$1.43/ 100ml,False
pantry,Campbell's,"Chunky Chili, Hot & Spicy","Campbell'sChunky Chili, Hot & Spicy425 g",$4.39ea,,$1.03/ 100g,False
pantry,President's Choice,Roasted Garlic Olive Oil,President's ChoiceRoasted Garlic Olive Oil250 ml,$7.99ea,,$3.20/ 100ml,False
pantry,Frontera,Original Guacamole Mix    ,FronteraOriginal Guacamole Mix    127 g,$4.89ea,,$3.98/ 100ml,False
pantry,General Mills,Oats and Dark Chocolate Protein Bar,General MillsOats and Dark Chocolate Protein Bar311.84 g,$5.49ea,,$1.76/ 100g,False
pantry,Club House,"Seasoning, Cajun","Club HouseSeasoning, Cajun675 g",$13.99ea,,$2.07/ 100g,False
pantry,Quaker,High Fibre Wild Berry Medley Instant Oatmeal,QuakerHigh Fibre Wild Berry Medley Instant Oatmeal300 g,$6.49ea,,$2.16/ 100g,False
pantry,Wilton,Fondant Primary Colours Multipack,WiltonFondant Primary Colours Multipack499 g,$14.99ea,,$3.00/ 100g,False
pantry,Duncan Hines,Epic Cookie Kit Cookie Dough,Duncan HinesEpic Cookie Kit Cookie Dough629 g,$8.79ea,,$1.40/ 100g,False
pantry,Duncan Hines,Epic Cookie Kit Cookie Dough,Duncan HinesEpic Cookie Kit Cookie Dough629 g,$8.79ea,,$1.40/ 100g,False
pantry,President's Choice,Raw Sunflower Seeds,President's ChoiceRaw Sunflower Seeds350 g,$2.99ea,,$0.85/ 100g,False
pantry,Nupak,Long Grain White Rice,NupakLong Grain White Rice2 kg,$5.49ea,,$0.27/ 100g,False
pantry,Jack Daniels,Sweet & Spicy Bbq Sauce,Jack DanielsSweet & Spicy Bbq Sauce473 ml,$7.49ea,,$1.58/ 100ml,False
pantry,Duncan Hines,Epic Cookie Kit Cookies & Cream Flavoured,Duncan HinesEpic Cookie Kit Cookies & Cream Flavoured625 g,$8.79ea,,$1.41/ 100g,False
pantry,Knorr,Classic Roast Demi-Glace Gravy Mix,KnorrClassic Roast Demi-Glace Gravy Mix34 g,$2.49ea,,$7.32/ 100g,False
pantry,Sunmaid,Raisins Mixed Jumbo,SunmaidRaisins Mixed Jumbo200 g,$4.99ea,,$2.50/ 100g,False
pantry,,Sweet and Savoury Trail Mix,Sweet and Savoury Trail Mix,$3.69/100 g,,$3.69/ 100g,False
pantry,Jus' Better,Jelly Bean,Jus' BetterJelly Bean750 g,$4.99ea,,$0.67/ 100g,False
pantry,Wilton,"6-Cell Rainbow Medley Sprinkles Mix with Turning Lid, 185 g","Wilton6-Cell Rainbow Medley Sprinkles Mix with Turning Lid, 185 g186 g",$7.89ea,,$4.24/ 100g,False
pantry,CattleBoyz,Cattle Boyz BBQ Sauce Original,CattleBoyzCattle Boyz BBQ Sauce Original490 ml,$8.49ea,,$1.73/ 100ml,False
pantry,Hunt's,Tomato Sauce,Hunt'sTomato Sauce910 ml,$4.19ea,,$0.46/ 100ml,False
pantry,Al Fez,Shawarma Marinade,Al FezShawarma Marinade157 ml,$4.69ea,,$2.99/ 100ml,False
pantry,St Hubert,"Poutine Gravy, Smoked Bacon","St HubertPoutine Gravy, Smoked Bacon398 ml",$2.99ea,,$0.75/ 100ml,False
pantry,Portugallo,Spicy Garlic Sauce,PortugalloSpicy Garlic Sauce355 ml,$6.99ea,,$1.97/ 100ml,False
pantry,Kashi,Organic Honey Toasted Oat Cereal,KashiOrganic Honey Toasted Oat Cereal340 g,$7.49ea,,$2.20/ 100g,False
pantry,The Keg,BBQ Sauce Chicken Rib   ,The KegBBQ Sauce Chicken Rib   355 ml,$5.49ea,,$1.55/ 100ml,False
pantry,,Dates,Dates,$0.89/100 g,,$0.89/ 100g,False
pantry,Wilton,"Blue Cosmic Sprinkles Mix, 10 oz","WiltonBlue Cosmic Sprinkles Mix, 10 oz283 g",$13.49ea,,$4.77/ 100g,False
pantry,Twinkle Baker Decor,"Triplet Sprinkler, Pink Sprinkles","Twinkle Baker DecorTriplet Sprinkler, Pink Sprinkles185 g",$6.99ea,,$3.78/ 100g,False
pantry,Brasswell's,"Pepper Jelly, Red","Brasswell'sPepper Jelly, Red297 g",$4.99ea,,$1.68/ 100g,False
pantry,Riso Bello,Risotto Pronto Porcini Truffle,Riso BelloRisotto Pronto Porcini Truffle175 g,$6.49ea,,$3.71/ 100g,False
pantry,Pataks,Tikka Masala Cooking Sauce Kit 3 Step,PataksTikka Masala Cooking Sauce Kit 3 Step313 g,$5.69ea,,$1.82/ 100g,False
pantry,Wilton,Red Cookie Icing,WiltonRed Cookie Icing255 g,$7.19ea,,$2.82/ 100g,False
pantry,Wilton,"Smiling Emoji Standard Cupcake Liners, 75-Count","WiltonSmiling Emoji Standard Cupcake Liners, 75-Count75 ea",$2.79ea,,$0.04/ 1ea,False
pantry,A Spice Affair,Greek Herbs,A Spice AffairGreek Herbs40 g,$11.99ea,,$29.98/ 100g,False
pantry,Aylmer,Tomatoes Diced,AylmerTomatoes Diced796 ml,$2.99ea,,$0.38/ 100ml,False
pantry,Hunt's,"Thick & Rich Pasta Sauce, Mushroom & Basil","Hunt'sThick & Rich Pasta Sauce, Mushroom & Basil680 ml",$3.19ea,,$0.47/ 100ml,False
pantry,President's Choice,Raw Pecan Halves,President's ChoiceRaw Pecan Halves150 g,$6.99ea,,$4.66/ 100g,False
pantry,Stonewall Kitchen,Cinnamon Streusel Coffee Cake Mix,Stonewall KitchenCinnamon Streusel Coffee Cake Mix771.1 g,$15.99ea,,$2.07/ 100g,False
pantry,Wilton,"Diamond Sprinkles Mix, 10 oz.","WiltonDiamond Sprinkles Mix, 10 oz.285 g",$13.49ea,,$4.73/ 100g,False
pantry,Paesana,"Pasta Sauce, Fra Diavolo","PaesanaPasta Sauce, Fra Diavolo750 ml",$7.99ea,,$1.07/ 100ml,False
pantry,Marie Sharp's,Original Hot Habanero Pepper Sauce,Marie Sharp'sOriginal Hot Habanero Pepper Sauce148 ml,$6.99ea,,$4.72/ 100ml,False
pantry,G Hughes Smokehouse,Bbq Sauce Sweet & Spicy,G Hughes SmokehouseBbq Sauce Sweet & Spicy490 ml,$6.99ea,,$1.43/ 100ml,False
pantry,Bicks,Sweet Gherkins Pickles,BicksSweet Gherkins Pickles375 ml,$5.99ea,,$1.60/ 100ml,False
pantry,Knorr,Gravy Mix For A Traditional Gravy Turkey Classic Roast,KnorrGravy Mix For A Traditional Gravy Turkey Classic Roast30 g,$2.49ea,,$8.30/ 100g,False
pantry,Wilton,"Kelly Green Ready-to-Use Icing Tube, 4.25 oz.","WiltonKelly Green Ready-to-Use Icing Tube, 4.25 oz.120 g",$4.19ea,,$3.49/ 100g,False
pantry,Hunt's,"Italian Tomato Sauce, Onion, Herbs, and Spices","Hunt'sItalian Tomato Sauce, Onion, Herbs, and Spices680 ml",$3.19ea,,$0.47/ 100ml,False
pantry,PC Black Label,Maple Butter Spread,PC Black LabelMaple Butter Spread158 g,$4.99ea,,$3.16/ 100g,False
pantry,A Spice Affair,"Bruschetta Style Dip, Sauce & Oil Mix","A Spice AffairBruschetta Style Dip, Sauce & Oil Mix60 g",$11.99ea,,$19.98/ 100g,False
pantry,Fish Crisp,"Coating Mix, Roasted Garlic & Butter","Fish CrispCoating Mix, Roasted Garlic & Butter340 g",$6.49ea,,$1.91/ 100g,False
pantry,The Spice Tailor,Classic Butter Chicken Mild,The Spice TailorClassic Butter Chicken Mild285 ml,$6.99ea,,$2.45/ 100ml,False
pantry,President's Choice,Gold and Silver Sprinkles,President's ChoiceGold and Silver Sprinkles120 g,$5.99ea,,$4.99/ 100g,False
pantry,Del Monte,Peach Slices in Light Syrup,Del MontePeach Slices in Light Syrup398 ml,$3.49ea,$2.49ea,$0.63/ 100ml,True
pantry,Jack Daniels,Honey BBQ Sauce,Jack DanielsHoney BBQ Sauce473 ml,$7.49ea,,$1.58/ 100ml,False
pantry,President's Choice,Soy Sauce,President's ChoiceSoy Sauce591 ml,$5.49ea,,$0.93/ 100ml,False
pantry,Bonne Maman,Mango & Peach Spread,Bonne MamanMango & Peach Spread280 ml,$7.49ea,,$2.68/ 100ml,False
pantry,Kuehne,Sundried Tomatoes,KuehneSundried Tomatoes375 ml,$7.99ea,,$2.13/ 100ml,False
pantry,Kelloggs,Poptarts Frosted Blueberry Flavour Family Size Mini Pastries,KelloggsPoptarts Frosted Blueberry Flavour Family Size Mini Pastries400 g,$7.99ea,$5.99ea,$1.50/ 100g,True
pantry,No Name,Shrimp Flavour Instant Noodle Soup,No NameShrimp Flavour Instant Noodle Soup65 g,$1.39ea,,$2.14/ 100g,False
pantry,No Name,Slivered Almonds ,No NameSlivered Almonds 100 g,$4.49ea,,$4.49/ 100g,False
pantry,Maille,Crunchy Gherkins,MailleCrunchy Gherkins375 ml,$6.49ea,,$1.73/ 100ml,False
pantry,No Name,Miniature Cobs of Corn,No NameMiniature Cobs of Corn398 ml,$1.99ea,,$0.50/ 100ml,False
pantry,Bull's-Eye,Chicken & Rib Renegade BBQ Sauce,Bull's-EyeChicken & Rib Renegade BBQ Sauce425 ml,$4.49ea,,$1.06/ 100ml,False
pantry,Club House,"Dry Sauce Mix, Chicken Gravy, Gluten-Free","Club HouseDry Sauce Mix, Chicken Gravy, Gluten-Free25 g",$2.49ea,,$9.96/ 100g,False
pantry,Twinkle Baker Decor,"Frosting Tube Baby Blue, Vanilla","Twinkle Baker DecorFrosting Tube Baby Blue, Vanilla80 g",$2.99ea,,$3.74/ 100g,False
pantry,No Name,Poutine Gravy,No NamePoutine Gravy398 ml,$1.49ea,,$0.37/ 100ml,False
pantry,No Name,Spanish Cocktail Olives,No NameSpanish Cocktail Olives375 ml,$2.29ea,$1.99ea,$0.53/ 100ml,True
pantry,Ocean Spray,Craisins Sweetened Dried Cranberries ,Ocean SprayCraisins Sweetened Dried Cranberries 1.36 kg,$11.99ea,,$0.88/ 100g,False
pantry,No Name,Honey Graham Crumbs,No NameHoney Graham Crumbs400 g,$3.29ea,,$0.82/ 100g,False
pantry,VH,Pineapple Jerk Medium,VHPineapple Jerk Medium341 ml,$4.99ea,,$1.46/ 100ml,False
pantry,Del Monte,"No Sugar Added, Pear, Halves, in Water","Del MonteNo Sugar Added, Pear, Halves, in Water398 ml",$3.49ea,$2.49ea,$0.63/ 100ml,True
pantry,President's Choice,Steak Spice Marinade,President's ChoiceSteak Spice Marinade375 ml,$4.99ea,,$1.33/ 100ml,False
pantry,No Name,Strawberry Jelly Powder,No NameStrawberry Jelly Powder85 g,$1.29ea,,$1.52/ 100g,False
pantry,Lee Kum Kee,Black Bean Garlic Sauce,Lee Kum KeeBlack Bean Garlic Sauce368 g,$5.49ea,,$1.49/ 100g,False
pantry,President's Choice,The Decadent Chocolate Chip Cookie Mix,President's ChoiceThe Decadent Chocolate Chip Cookie Mix900 g,$4.79ea,,$0.53/ 100g,False
pantry,President's Choice,Tomatoes First Tomato Sauce With Basil,President's ChoiceTomatoes First Tomato Sauce With Basil680 ml,$2.99ea,,$0.44/ 100ml,False
pantry,No Name,Chopped Pecan,No NameChopped Pecan400 g,$18.49ea,,$4.62/ 100g,False
pantry,No Name,Light Mayonnaise Type Dressing,No NameLight Mayonnaise Type Dressing890 ml,$6.99ea,,$0.79/ 100ml,False
pantry,Unico,White Balsamic Vinegar,UnicoWhite Balsamic Vinegar500 ml,$4.99ea,,$1.00/ 100ml,False
pantry,Bertolli,Rich Taste-Organic Extra Virgin Olive Oil,BertolliRich Taste-Organic Extra Virgin Olive Oil750 ml,$9.99ea,,$1.33/ 100ml,False
pantry,H and H,Honey Mango,H and HHoney Mango500 g,$11.49ea,,$2.30/ 100g,False
pantry,President's Choice,Pure Concord Grape Jelly,President's ChoicePure Concord Grape Jelly500 ml,$5.49ea,,$1.10/ 100ml,False
pantry,No Name,Pure White Vinegar,No NamePure White Vinegar1 l,$2.29ea,,$0.23/ 100ml,False
pantry,PC Organics,Organics Passata,PC OrganicsOrganics Passata660 ml,$3.99ea,,$0.60/ 100ml,False
pantry,Kikkoman,Less Sodium Soy Sauce,KikkomanLess Sodium Soy Sauce295 ml,$5.99ea,,$2.02/ 100ml,False
pantry,No Name,White Kidney Beans,No NameWhite Kidney Beans540 ml,$1.39ea,,$0.26/ 100ml,False
pantry,President's Choice,Plum Sauce,President's ChoicePlum Sauce350 ml,$4.49ea,,$1.28/ 100ml,False
pantry,Primo,"Pasta Sauce, Thick & Zesty Tomato Basil","PrimoPasta Sauce, Thick & Zesty Tomato Basil680 ml",$5.49ea,,$0.81/ 100ml,False
pantry,VH,Simmering Sauce - Butter Chicken,VHSimmering Sauce - Butter Chicken341 ml,$4.99ea,,$1.46/ 100ml,False
pantry,President's Choice,Tomato Olive Bruschetta Topping,President's ChoiceTomato Olive Bruschetta Topping410 ml,$5.99ea,,$1.46/ 100ml,False
pantry,Basse,Bassé Omega Mix,BasseBassé Omega Mix415 g,$6.99ea,$6.49ea,$1.56/ 100g,True
pantry,Bull's-Eye,Guinness Beer Blend BBQ Sauce,Bull's-EyeGuinness Beer Blend BBQ Sauce425 ml,$4.49ea,,$1.06/ 100ml,False
pantry,Mcilhenny Co.,Tabasco Hot Sauce,Mcilhenny Co.Tabasco Hot Sauce57 ml,$3.99ea,,$7.00/ 100ml,False
pantry,Colavita,Extra Virgin Olive Oil,ColavitaExtra Virgin Olive Oil1 l,$19.99ea,,$2.00/ 100ml,False
pantry,President's Choice,1 Leaf Balsamic Vinegar of Modena,President's Choice1 Leaf Balsamic Vinegar of Modena500 ml,$4.99ea,,$1.00/ 100ml,False
pantry,President's Choice,Teriyaki Marinade,President's ChoiceTeriyaki Marinade375 ml,$4.99ea,,$1.33/ 100ml,False
pantry,Campbell's,Chicken Broth with White Wine,Campbell'sChicken Broth with White Wine900 ml,$3.49ea,,$0.39/ 100ml,False
pantry,Bicks,Sweet Corn Relish,BicksSweet Corn Relish375 ml,$4.29ea,,$1.14/ 100ml,False
pantry,No Name,Basmati Rice,No NameBasmati Rice3.63 kg,$13.49ea,,$0.37/ 100g,False
pantry,Kraft,Golden Italian Dressing,KraftGolden Italian Dressing475 ml,$4.49ea,,$0.95/ 100ml,False
pantry,Betty Crocker,Hamburger Helper Lasagne,Betty CrockerHamburger Helper Lasagne220 g,$3.19ea,,$1.45/ 100g,False
pantry,No Name,Six Bean Blend,No NameSix Bean Blend540 ml,$1.39ea,,$0.26/ 100ml,False
pantry,Unico,"Black Olives, Sliced Ripe","UnicoBlack Olives, Sliced Ripe200 ml",$1.99ea,,$1.00/ 100ml,False
pantry,Unico,"Kalamata Olives, Pitted","UnicoKalamata Olives, Pitted375 ml",$4.49ea,,$1.20/ 100ml,False
pantry,Basse,Bassé Exotic Fruit Mix,BasseBassé Exotic Fruit Mix425 g,$6.99ea,$6.49ea,$1.53/ 100g,True
pantry,Jell-O,Fat Free Chocolate Instant Pudding Mix,Jell-OFat Free Chocolate Instant Pudding Mix40 g,$2.29ea,,$5.73/ 100g,False
pantry,Bonne Maman,Apricot Jam,Bonne MamanApricot Jam250 ml,$7.49ea,,$3.00/ 100ml,False
pantry,Bens,Creamy Mushroom Flavour Rice,BensCreamy Mushroom Flavour Rice132 g,$2.99ea,,$2.27/ 100g,False
pantry,Aurora,"Plain Bread Crumbs, Panko","AuroraPlain Bread Crumbs, Panko227 g",$4.99ea,,$2.20/ 100g,False
pantry,Lee Kum Kee,Pure Sesame Oil,Lee Kum KeePure Sesame Oil443 ml,$5.99ea,,$1.35/ 100ml,False
pantry,PC Blue Menu,Twice The Fruit Raspberry Spread,PC Blue MenuTwice The Fruit Raspberry Spread500 ml,$5.49ea,,$1.10/ 100ml,False
pantry,President's Choice,All Purpose Unbleached Flour,President's ChoiceAll Purpose Unbleached Flour2.5 kg,$6.49ea,,$0.26/ 100g,False
pantry,President's Choice,Zesty Garlic Croutons,President's ChoiceZesty Garlic Croutons140 g,$3.99ea,,$2.85/ 100g,False
pantry,Ocean Spray,Craisins Reduced Sugar,Ocean SprayCraisins Reduced Sugar142 g,$3.29ea,,$2.32/ 100g,False
pantry,,Dry Roasted Salted Macadamia Nuts,Dry Roasted Salted Macadamia Nuts,$7.89/100 g,,$7.89/ 100g,False
pantry,VH,Marinade -  Strong Garlic Sauce,VHMarinade -  Strong Garlic Sauce341 ml,$4.99ea,,$1.46/ 100ml,False
pantry,Litehouse,Chunky Bleu Cheese Dressing Squeeze Bottle,LitehouseChunky Bleu Cheese Dressing Squeeze Bottle591 ml,$6.99ea,,$1.18/ 100ml,False
pantry,No Name,Raspberry Jelly Powder,No NameRaspberry Jelly Powder85 g,$1.29ea,,$1.52/ 100g,False
pantry,Indomie,Mi Goreng Barbeque Chicken Flavour Instant Noodles,IndomieMi Goreng Barbeque Chicken Flavour Instant Noodles425 g,$3.49ea,,$0.82/ 100g,False
pantry,Wildly Delicious,Peri Peri Garlic Sauce,Wildly DeliciousPeri Peri Garlic Sauce350 ml,$7.49ea,,$2.14/ 100ml,False
pantry,Sharwood,Butter Chicken Cooking Sauce,SharwoodButter Chicken Cooking Sauce395 ml,$6.49ea,,$1.64/ 100ml,False
pantry,H and H,"Dry Fruit Mix, Thai Premium","H and HDry Fruit Mix, Thai Premium500 g",$11.49ea,,$2.30/ 100g,False
pantry,President's Choice,Original Pasta Sauce,President's ChoiceOriginal Pasta Sauce700 ml,$3.99ea,,$0.57/ 100ml,False
pantry,A Spice Affair,Piri Piri Spice,A Spice AffairPiri Piri Spice100 g,$11.99ea,,$11.99/ 100g,False
pantry,Paesana,"Pasta Sauce, Vodka","PaesanaPasta Sauce, Vodka750 ml",$7.99ea,,$1.07/ 100ml,False
pantry,Pataks,Butter Chicken Cooking Sauce Kit 3 Step,PataksButter Chicken Cooking Sauce Kit 3 Step313 g,$5.69ea,,$1.82/ 100g,False
pantry,President's Choice,Kashmiri Chili Hot Sauce,President's ChoiceKashmiri Chili Hot Sauce255 ml,$3.49ea,,$1.37/ 100ml,False
pantry,Aurora,Gluten-Free Bread Crumbs,AuroraGluten-Free Bread Crumbs454 g,$5.99ea,,$1.32/ 100g,False
pantry,President's Choice,Refrigerated Spring Herb Vinaigrette,President's ChoiceRefrigerated Spring Herb Vinaigrette350 ml,$4.99ea,,$1.43/ 100ml,False
pantry,,Dark Chocolate Coffee Beans,Dark Chocolate Coffee Beans,$2.29/100 g,,$2.29/ 100g,False
pantry,Hunt's,"Thick & Rich Pasta Sauce, Roasted Garlic & Herbs","Hunt'sThick & Rich Pasta Sauce, Roasted Garlic & Herbs680 ml",$3.19ea,,$0.47/ 100ml,False
pantry,Blue Dragon,Spring Roll Wrappers,Blue DragonSpring Roll Wrappers134 ml,$4.99ea,$4.49ea,$3.35/ 100ml,True
pantry,PC Black Label,"Pasta Sauce, Arrabbiata","PC Black LabelPasta Sauce, Arrabbiata650 ml",$6.79ea,$6.29ea,$0.97/ 100ml,True
pantry,,Salted Plantain Chips,Salted Plantain Chips,$2.79/100 g,,$2.79/ 100g,False
pantry,Wilton,"Icing Colours, Primary Colours Set","WiltonIcing Colours, Primary Colours Set4 ea",$7.49ea,,$1.87/ 1ea,False
pantry,Kraft,Tartar Sauce,KraftTartar Sauce355 ml,$5.99ea,,$1.69/ 100ml,False
pantry,Melinda's,Original Habanero Mango Pepper Sauce,Melinda'sOriginal Habanero Mango Pepper Sauce148 ml,$5.99ea,,$4.05/ 100ml,False
pantry,Mr. Puff,Hazelnut Spread ,Mr. PuffHazelnut Spread 725 g,$8.99ea,,$1.24/ 100g,False
pantry,Quaker,Oatmeal Cookie Mix,QuakerOatmeal Cookie Mix900 g,$5.99ea,,$0.67/ 100g,False
pantry,Clark,Old Fashioned Beans with Pork,ClarkOld Fashioned Beans with Pork398 ml,$2.29ea,,$0.58/ 100ml,False
pantry,Wilton,Black Damask Baking Cups,WiltonBlack Damask Baking Cups75 ea,$2.79ea,,$0.04/ 1ea,False
pantry,No Name,Whole Hazelnuts,No NameWhole Hazelnuts100 g,$4.79ea,,$4.79/ 100g,False
pantry,Twinkle Baker Decor,"Triplet Sprinkler, Blue Sprinkles","Twinkle Baker DecorTriplet Sprinkler, Blue Sprinkles185 g",$6.99ea,,$3.78/ 100g,False
pantry,Sweet Baby Ray's,"BBQ Sauce, Honey","Sweet Baby Ray'sBBQ Sauce, Honey425 ml",$3.99ea,,$0.94/ 100ml,False
pantry,Pataks,Korma Cooking Sauce Kit 3 Step,PataksKorma Cooking Sauce Kit 3 Step315 g,$5.69ea,,$1.81/ 100g,False
pantry,President's Choice,Rosée Pasta Sauce,President's ChoiceRosée Pasta Sauce425 ml,$4.99ea,,$1.17/ 100ml,False
pantry,Club House,25% Less Salt & Gluten Free Chili Seasoning Mix,Club House25% Less Salt & Gluten Free Chili Seasoning Mix35 g,$2.49ea,,$7.11/ 100g,False
pantry,Stock and Barrel,Pitted Dates,Stock and BarrelPitted Dates300 g,$7.99ea,,$2.66/ 100g,False
pantry,Carapelli,"Oils, Olive Oil Organic Unfiltered Extra Virgin","CarapelliOils, Olive Oil Organic Unfiltered Extra Virgin500 ml",$9.99ea,,$2.00/ 100ml,False
pantry,President's Choice,Caesar Dressing 730Ml,President's ChoiceCaesar Dressing 730Ml730 ml,$7.99ea,,$1.09/ 100ml,False
pantry,Rufus Teague,Honey Sweet BBQ Sauce,Rufus TeagueHoney Sweet BBQ Sauce330 ml,$8.99ea,,$2.72/ 100ml,False
pantry,Al Fez, Natural Tahini,Al Fez Natural Tahini160 g,$6.49ea,,$4.06/ 100g,False
pantry,Wilton,Colour Right Food Colour Kit,WiltonColour Right Food Colour Kit1 ea,$32.99ea,,$32.99/ 1ea,False
pantry,President's Choice,Maple and Brown Sugar Flavour Instant Oatmeal,President's ChoiceMaple and Brown Sugar Flavour Instant Oatmeal430 g,$4.19ea,,$0.97/ 100g,False
pantry,VH,Simmering Sauce - Mango Curry,VHSimmering Sauce - Mango Curry341 ml,$4.99ea,,$1.46/ 100ml,False
pantry,VH,Marinade -  Pineapple Sauce,VHMarinade -  Pineapple Sauce341 ml,$4.99ea,,$1.46/ 100ml,False
pantry,McCormicks,"Dry Sauce Mix, Hollandaise","McCormicksDry Sauce Mix, Hollandaise56 g",$2.49ea,,$4.45/ 100g,False
pantry,Bertolli,Balsamic Vinegar of Modena,BertolliBalsamic Vinegar of Modena500 ml,$6.49ea,$5.99ea,$1.20/ 100ml,True
pantry,La Bomba Italiana,Bomba Italiana,La Bomba ItalianaBomba Italiana314 ml,$6.99ea,,$2.23/ 100ml,False
pantry,President's Choice,Gourmet Barbecue Sauce,President's ChoiceGourmet Barbecue Sauce1 l,$4.99ea,,$0.50/ 100ml,False
pantry,President's Choice,Pure Fancy Molasses,President's ChoicePure Fancy Molasses675 g,$4.29ea,,$0.64/ 100g,False
pantry,Bicks,50% Less Salt Garlic Baby Dill Pickles,Bicks50% Less Salt Garlic Baby Dill Pickles1 l,$6.49ea,,$0.65/ 100ml,False
pantry,Adams,100% Natural Creamy Peanut Butter,Adams100% Natural Creamy Peanut Butter1 kg,$9.49ea,,$0.95/ 100g,False
pantry,Jif,Dark Roast Creamy Peanut Butter Spread ,JifDark Roast Creamy Peanut Butter Spread 1 kg,$7.49ea,$5.99ea,$0.60/ 100g,True
pantry,President's Choice,Creamy Horseradish Sauce,President's ChoiceCreamy Horseradish Sauce250 ml,$4.29ea,,$1.72/ 100ml,False
pantry,Windsor,Grinder Refill Sea Salt Extra Coarse,WindsorGrinder Refill Sea Salt Extra Coarse255 g,$4.79ea,,$1.88/ 100g,False
pantry,PC Blue Menu,Mushroom & Garlic Pasta Sauce,PC Blue MenuMushroom & Garlic Pasta Sauce700 ml,$5.49ea,,$0.78/ 100ml,False
pantry,Neal Brothers Foods,Roasted Garlic Pasta Sauce,Neal Brothers FoodsRoasted Garlic Pasta Sauce680 ml,$8.99ea,,$1.32/ 100ml,False
pantry,PC Splendido,3 Leaf Balsamic Vinegar of Modena,PC Splendido3 Leaf Balsamic Vinegar of Modena500 ml,$6.99ea,,$1.40/ 100ml,False
pantry,Robin Hood,100% Whole Grains Quick Oats,Robin Hood100% Whole Grains Quick Oats1 kg,$4.79ea,,$0.48/ 100g,False
pantry,PC Black Label,Soft Wheat Pizza Flour,PC Black LabelSoft Wheat Pizza Flour1 kg,$5.99ea,,$0.60/ 100g,False
pantry,PC Blue Menu,Protein & Chocolate Granola Boost Cereal,PC Blue MenuProtein & Chocolate Granola Boost Cereal325 g,$3.79ea,,$1.17/ 100g,False
pantry,Kraft,Macaroni & Cheese Alphabet Shapes,KraftMacaroni & Cheese Alphabet Shapes156 g,$3.59ea,,$2.30/ 100g,False
pantry,Minute Rice,"Ready To Serve, Long Grain & Wild Rice Chicken","Minute RiceReady To Serve, Long Grain & Wild Rice Chicken250 g",$3.99ea,,$1.60/ 100g,False
pantry,Bicks,Squeeze Sweet Green Relish,BicksSqueeze Sweet Green Relish500 ml,$4.99ea,,$1.00/ 100ml,False
pantry,Unico,Vegetable Oil     ,UnicoVegetable Oil     3 l,$13.99ea,,$0.47/ 100ml,False
pantry,PC Blue Menu,Just Almonds Smooth Almond Butter,PC Blue MenuJust Almonds Smooth Almond Butter340 g,$8.99ea,,$2.64/ 100g,False
pantry,Tilda,Rice Basmati,TildaRice Basmati4.54 kg,$18.99ea,,$0.42/ 100g,False
pantry,President's Choice,Peaches and Cream Flavour Instant Oatmeal,President's ChoicePeaches and Cream Flavour Instant Oatmeal325 g,$4.19ea,,$1.29/ 100g,False
pantry,No Name,Prepared Yellow Mustard,No NamePrepared Yellow Mustard550 ml,$2.79ea,,$0.51/ 100ml,False
pantry,President's Choice,Chicken & Ribs Barbecue Sauce,President's ChoiceChicken & Ribs Barbecue Sauce1 l,$4.99ea,,$0.50/ 100ml,False
pantry,Wilton,Black Damask Baking Cups,WiltonBlack Damask Baking Cups75 ea,$2.79ea,,$0.04/ 1ea,False
pantry,Indomie,Mi Goreng Barbeque Chicken Flavour Instant Noodles,IndomieMi Goreng Barbeque Chicken Flavour Instant Noodles425 g,$3.49ea,,$0.82/ 100g,False
pantry,Sweet Baby Ray's,"BBQ Sauce, Honey","Sweet Baby Ray'sBBQ Sauce, Honey425 ml",$3.99ea,,$0.94/ 100ml,False
pantry,Sharwood,Butter Chicken Cooking Sauce,SharwoodButter Chicken Cooking Sauce395 ml,$6.49ea,,$1.64/ 100ml,False
pantry,H and H,"Dry Fruit Mix, Thai Premium","H and HDry Fruit Mix, Thai Premium500 g",$11.49ea,,$2.30/ 100g,False
pantry,Pataks,Korma Cooking Sauce Kit 3 Step,PataksKorma Cooking Sauce Kit 3 Step315 g,$5.69ea,,$1.81/ 100g,False
pantry,President's Choice,Rosée Pasta Sauce,President's ChoiceRosée Pasta Sauce425 ml,$4.99ea,,$1.17/ 100ml,False
pantry,President's Choice,Original Pasta Sauce,President's ChoiceOriginal Pasta Sauce700 ml,$3.99ea,,$0.57/ 100ml,False
pantry,President's Choice,Refrigerated Spring Herb Vinaigrette,President's ChoiceRefrigerated Spring Herb Vinaigrette350 ml,$4.99ea,,$1.43/ 100ml,False
pantry,,Dark Chocolate Coffee Beans,Dark Chocolate Coffee Beans,$2.29/100 g,,$2.29/ 100g,False
pantry,Hunt's,"Thick & Rich Pasta Sauce, Roasted Garlic & Herbs","Hunt'sThick & Rich Pasta Sauce, Roasted Garlic & Herbs680 ml",$3.19ea,,$0.47/ 100ml,False
pantry,Blue Dragon,Spring Roll Wrappers,Blue DragonSpring Roll Wrappers134 ml,$4.99ea,$4.49ea,$3.35/ 100ml,True
pantry,Post,Tim Hortons Chocolate Glazed Family Size Flavoured Cereal,PostTim Hortons Chocolate Glazed Family Size Flavoured Cereal482 g,$6.99ea,$3.99ea,$0.83/ 100g,True
pantry,Melinda's,Original Habanero Mango Pepper Sauce,Melinda'sOriginal Habanero Mango Pepper Sauce148 ml,$5.99ea,,$4.05/ 100ml,False
pantry,President's Choice,Sweetened Dried Cranberries,President's ChoiceSweetened Dried Cranberries150 g,$3.79ea,,$2.53/ 100g,False
pantry,Knorr,Au Jus Classic Roast Gravy Mix,KnorrAu Jus Classic Roast Gravy Mix26 g,$2.49ea,,$9.58/ 100g,False
pantry,Daves Sauces,"Gourmet Sauce, Hurtin' Habanero","Daves SaucesGourmet Sauce, Hurtin' Habanero142 g",$8.99ea,,$6.33/ 100g,False
pantry,Wilton,Black Cookie Icing,WiltonBlack Cookie Icing255 g,$7.19ea,,$2.82/ 100g,False
pantry,Clark,Old Fashioned Beans with Pork,ClarkOld Fashioned Beans with Pork398 ml,$2.29ea,,$0.58/ 100ml,False
pantry,Hunt's,Tomato Paste,Hunt'sTomato Paste156 ml,$1.29ea,,$0.83/ 100ml,False
pantry,Blue Dragon,Green Curry Cooking Sauce Kit 3 Step,Blue DragonGreen Curry Cooking Sauce Kit 3 Step253 g,$5.00ea,$4.49ea,$1.77/ 100g,True
pantry,Wilton,"Happy Birthday Candle Pick Set, 13-Count","WiltonHappy Birthday Candle Pick Set, 13-Count13 ea",$3.99ea,,$0.31/ 1ea,False
pantry,Hunt's,Tomato Paste,Hunt'sTomato Paste156 ml,$1.29ea,,$0.83/ 100ml,False
pantry,El Yucateco,Habanero Pepper Red Hot Sauce,El YucatecoHabanero Pepper Red Hot Sauce120 ml,$3.99ea,,$3.33/ 100ml,False
pantry,Cullen's,Dark Red Kidney Beans,Cullen'sDark Red Kidney Beans540 ml,$4.49ea,,$0.83/ 100ml,False
pantry,Natursource,Nut & Seed Mix Hickory Bbq,NatursourceNut & Seed Mix Hickory Bbq500 g,$16.99ea,,$3.40/ 100g,False
pantry,Lidia's,Tuscan Arrabbiata,Lidia'sTuscan Arrabbiata708 g,$10.49ea,,$1.48/ 100g,False
pantry,PC Blue Menu,Plum Sauce,PC Blue MenuPlum Sauce350 ml,$5.29ea,$3.79ea,$1.08/ 100ml,True
pantry,President's Choice,"Memories Of Hong Kong Soy, Sesame & Ginger Sauce","President's ChoiceMemories Of Hong Kong Soy, Sesame & Ginger Sauce350 ml",$4.99ea,,$1.43/ 100ml,False
pantry,Club House,"Seasoning Mix, Taco, Less Salt","Club HouseSeasoning Mix, Taco, Less Salt35 g",$2.49ea,,$7.11/ 100g,False
pantry,Club House,"Dry Sauce Mix, Chicken Gravy","Club HouseDry Sauce Mix, Chicken Gravy25 g",$2.49ea,,$9.96/ 100g,False
pantry,Kelloggs,Cereal Original Family Size,KelloggsCereal Original Family Size545 g,$5.99ea,,$1.10/ 100g,False
pantry,Sunsweet,Pitted Prunes,SunsweetPitted Prunes375 g,$7.49ea,,$2.00/ 100g,False
pantry,President's Choice,General Tao Stir-Fry Sauce,President's ChoiceGeneral Tao Stir-Fry Sauce350 ml,$3.79ea,,$1.08/ 100ml,False
pantry,Map O Spread, Sugar Spread,Map O Spread Sugar Spread400 g,$2.99ea,,$0.75/ 100g,False
pantry,PC Blue Menu,Ancient Grains & Super Seeds Blend,PC Blue MenuAncient Grains & Super Seeds Blend227 g,$3.79ea,,$1.67/ 100g,False
pantry,Natursource,BBQ Hickory Almonds,NatursourceBBQ Hickory Almonds500 g,$16.99ea,,$3.40/ 100g,False
pantry,No Name,Peanut Pieces,No NamePeanut Pieces100 g,$1.99ea,,$1.99/ 100g,False
pantry,Betty Crocker,Sugar Cookie Mix,Betty CrockerSugar Cookie Mix496 g,$4.99ea,,$1.01/ 100g,False
pantry,,Pasta Sauce Arrabbiata,Pasta Sauce Arrabbiata660 ml,$11.99ea,,$1.82/ 100ml,False
pantry,Rogers,"Porridge Oats, Ancient Grain Blend","RogersPorridge Oats, Ancient Grain Blend750 g",$4.29ea,,$0.57/ 100g,False
pantry,Aylmer,"Tomatoes, Crushed","AylmerTomatoes, Crushed796 ml",$2.99ea,,$0.38/ 100ml,False
pantry,Betty Crocker,Banana Bread,Betty CrockerBanana Bread348 g,$4.99ea,,$1.43/ 100g,False
pantry,Kelloggs,Meal Replacement Family Size,KelloggsMeal Replacement Family Size550 g,$7.99ea,,$1.45/ 100g,False
pantry,No Name,Whole Almonds,No NameWhole Almonds100 g,$4.49ea,,$4.49/ 100g,False
pantry,President's Choice,Madagascar Bourbon Vanilla Cake Mix,President's ChoiceMadagascar Bourbon Vanilla Cake Mix500 g,$4.79ea,,$0.96/ 100g,False
pantry,Knorr,Side Dishes Asiago Cheese and Cracked Black Pepper rice,KnorrSide Dishes Asiago Cheese and Cracked Black Pepper rice155 g,$3.49ea,,$2.25/ 100g,False
pantry,Cucina Antica,Organico Bello Organic Marinara Pasta Sauce,Cucina AnticaOrganico Bello Organic Marinara Pasta Sauce685 ml,$10.99ea,,$1.60/ 100ml,False
pantry,Stock and Barrel,"Banana Chips, Sweetened","Stock and BarrelBanana Chips, Sweetened220 g",$4.99ea,,$2.27/ 100g,False
pantry,PC Black Label,"Fruit Spread, British Columbia Raspberry","PC Black LabelFruit Spread, British Columbia Raspberry370 ml",$7.49ea,,$2.02/ 100ml,False
pantry,Pastene,"Bread Crumbs, Flavoured","PasteneBread Crumbs, Flavoured425 g",$4.49ea,,$1.06/ 100g,False
pantry,Stonewall Kitchen,Lemon Pound Cake Mix,Stonewall KitchenLemon Pound Cake Mix539 g,$19.99ea,,$3.71/ 100g,False
pantry,Wilton,Assorted Candy Eyeballs,WiltonAssorted Candy Eyeballs78 g,$7.49ea,,$9.60/ 100g,False
pantry,Stock and Barrel,Scotch Mints,Stock and BarrelScotch Mints550 g,$5.99ea,,$1.09/ 100g,False
pantry,Wilton,"Gold Stars Sprinkles Pouch, 30 g","WiltonGold Stars Sprinkles Pouch, 30 g32 g",$1.59ea,,$4.97/ 100g,False
pantry,No Name,Walnut Halves Club Size,No NameWalnut Halves Club Size1 kg,$22.99ea,,$2.30/ 100g,False
pantry,President's Choice,New World Evoo Extra Virgin Olive Oil,President's ChoiceNew World Evoo Extra Virgin Olive Oil1 l,$13.99ea,$10.99ea,$1.10/ 100ml,True
pantry,President's Choice,"Vinegar, Raspberry Flavoured Red Wine  ","President's ChoiceVinegar, Raspberry Flavoured Red Wine  500 ml",$4.99ea,,$1.00/ 100ml,False
pantry,,Organic Goji Trail Mix,Organic Goji Trail Mix,$3.39/100 g,,$3.39/ 100g,False
pantry,President's Choice,12 Vegetable Antipasto,President's Choice12 Vegetable Antipasto400 ml,$6.99ea,,$1.75/ 100ml,False
pantry,Blue Dragon,Thai Red Curry Cooking Sauce Kit 3 Step,Blue DragonThai Red Curry Cooking Sauce Kit 3 Step253 g,$5.00ea,$4.49ea,$1.77/ 100g,True
pantry,Club House,"Dry Sauce Mix, Poutine Gravy, Less Salt","Club HouseDry Sauce Mix, Poutine Gravy, Less Salt42 g",$2.49ea,,$5.93/ 100g,False
pantry,PC Black Label,"Fruit Spread, Ontario Montmorency Sour Cherry","PC Black LabelFruit Spread, Ontario Montmorency Sour Cherry370 ml",$7.49ea,,$2.02/ 100ml,False
pantry,President's Choice,Dry Roasted Cashews with Sea Salt,President's ChoiceDry Roasted Cashews with Sea Salt350 g,$7.99ea,,$2.28/ 100g,False
pantry,PC Black Label,"Pasta Sauce, Vodka","PC Black LabelPasta Sauce, Vodka650 ml",$6.79ea,$6.29ea,$0.97/ 100ml,True
pantry,David Rocco,Pasta Sauce Ricotta & Pecorino,David RoccoPasta Sauce Ricotta & Pecorino650 ml,$8.99ea,,$1.38/ 100ml,False
pantry,Green Giant,Cut Wax Beans,Green GiantCut Wax Beans398 ml,$2.29ea,,$0.58/ 100ml,False
pantry,President's Choice, Seedless Raspberry Jam,President's Choice Seedless Raspberry Jam250 ml,$3.99ea,,$1.60/ 100ml,False
pantry,President's Choice,Pure Seedless Strawberry Jam,President's ChoicePure Seedless Strawberry Jam250 ml,$3.99ea,,$1.60/ 100ml,False
pantry,Kelloggs,Cereal Blueberry Flavour Special Edition ,KelloggsCereal Blueberry Flavour Special Edition 439 g,$6.49ea,,$1.48/ 100g,False
pantry,Stock and Barrel,"Banana Chips, Sweetened","Stock and BarrelBanana Chips, Sweetened220 g",$4.99ea,,$2.27/ 100g,False
pantry,PC Black Label,"Fruit Spread, British Columbia Raspberry","PC Black LabelFruit Spread, British Columbia Raspberry370 ml",$7.49ea,,$2.02/ 100ml,False
pantry,Pastene,"Bread Crumbs, Flavoured","PasteneBread Crumbs, Flavoured425 g",$4.49ea,,$1.06/ 100g,False
pantry,Stonewall Kitchen,Lemon Pound Cake Mix,Stonewall KitchenLemon Pound Cake Mix539 g,$19.99ea,,$3.71/ 100g,False
pantry,Wilton,"Gold Stars Sprinkles Pouch, 30 g","WiltonGold Stars Sprinkles Pouch, 30 g32 g",$1.59ea,,$4.97/ 100g,False
pantry,No Name,Walnut Halves Club Size,No NameWalnut Halves Club Size1 kg,$22.99ea,,$2.30/ 100g,False
pantry,President's Choice,12 Vegetable Antipasto,President's Choice12 Vegetable Antipasto400 ml,$6.99ea,,$1.75/ 100ml,False
pantry,Blue Dragon,Thai Red Curry Cooking Sauce Kit 3 Step,Blue DragonThai Red Curry Cooking Sauce Kit 3 Step253 g,$5.00ea,$4.49ea,$1.77/ 100g,True
pantry,Wilton,"Pink Nonpareils Sprinkles Pouch, 40 g","WiltonPink Nonpareils Sprinkles Pouch, 40 g40 g",$1.59ea,,$3.98/ 100g,False
pantry,Frontera,Red Chile Enchilada Sauce with Roasted Tomato + Garlic Mild,FronteraRed Chile Enchilada Sauce with Roasted Tomato + Garlic Mild226 g,$4.89ea,,$2.16/ 100g,False
pantry,PC Black Label,Spanish Paella Rice,PC Black LabelSpanish Paella Rice340 g,$5.49ea,,$1.61/ 100g,False
pantry,President's Choice,Plant Based Golden Cake Baking Mix,President's ChoicePlant Based Golden Cake Baking Mix454 g,$7.99ea,,$1.76/ 100g,False
pantry,Robertsons,"Orange Marmalade, Thick Cut","RobertsonsOrange Marmalade, Thick Cut250 ml",$4.79ea,,$1.92/ 100ml,False
pantry,A Spice Affair,"Garlic, Parsley & Shallot","A Spice AffairGarlic, Parsley & Shallot30 g",$11.99ea,,$39.97/ 100g,False
pantry,Betty Crocker,Sugar Cookie Mix,Betty CrockerSugar Cookie Mix496 g,$4.99ea,,$1.01/ 100g,False
pantry,Club House,"Dry Sauce Mix, Poutine Gravy, Less Salt","Club HouseDry Sauce Mix, Poutine Gravy, Less Salt42 g",$2.49ea,,$5.93/ 100g,False
pantry,PC Black Label,"Fruit Spread, Ontario Montmorency Sour Cherry","PC Black LabelFruit Spread, Ontario Montmorency Sour Cherry370 ml",$7.49ea,,$2.02/ 100ml,False
pantry,Betty Crocker,Peanut Butter Cookie Mix,Betty CrockerPeanut Butter Cookie Mix496 g,$4.99ea,,$1.01/ 100g,False
pantry,Del Monte,Corn Medley Southwest Style,Del MonteCorn Medley Southwest Style398 ml,$3.29ea,,$0.83/ 100ml,False
pantry,Filippoberio,"Oils, Filippo Berio Extra Virgin Olive Oil","FilippoberioOils, Filippo Berio Extra Virgin Olive Oil750 ml",$12.99ea,,$1.73/ 100ml,False
pantry,Wilton,"Bright Pastel Nonpareils Sprinkles Mix, 10 oz. Tub","WiltonBright Pastel Nonpareils Sprinkles Mix, 10 oz. Tub284 g",$6.89ea,,$2.43/ 100g,False
pantry,Aylmer,"Tomatoes, Crushed","AylmerTomatoes, Crushed796 ml",$2.99ea,,$0.38/ 100ml,False
pantry,Betty Crocker,Banana Bread,Betty CrockerBanana Bread348 g,$4.99ea,,$1.43/ 100g,False
pantry,Kelloggs,Meal Replacement Family Size,KelloggsMeal Replacement Family Size550 g,$7.99ea,,$1.45/ 100g,False
pantry,No Name,Whole Almonds,No NameWhole Almonds100 g,$4.49ea,,$4.49/ 100g,False
pantry,Green Giant,Cut Wax Beans,Green GiantCut Wax Beans398 ml,$2.29ea,,$0.58/ 100ml,False
pantry,Wilton,"Fondant, White Vanilla","WiltonFondant, White Vanilla1 ea",$13.49ea,,"$1,349.00/ 100ea",False
pantry,Bioitalia,Organic Lentils,BioitaliaOrganic Lentils398 ml,$2.99ea,,$0.75/ 100ml,False
pantry,Lee Kum Kee,Teriyaki Sauce,Lee Kum KeeTeriyaki Sauce207 ml,$3.79ea,,$1.83/ 100ml,False
pantry,Manny's,Flour Tortillas Foldables,Manny'sFlour Tortillas Foldables376 g,$4.99ea,,$1.33/ 100g,False
pantry,Wilton,"Colorful Rainbow Confetti Sprinkles Mix, 10.05 oz. Tub","WiltonColorful Rainbow Confetti Sprinkles Mix, 10.05 oz. Tub285 g",$6.89ea,,$2.42/ 100g,False
pantry,Aurora,Wildflower Honey Liquid,AuroraWildflower Honey Liquid1 kg,$14.49ea,,$1.45/ 100g,False
pantry,No Name,Pear Halves in Fruit Juice from Concentrate,No NamePear Halves in Fruit Juice from Concentrate398 ml,$2.79ea,,$0.70/ 100ml,False
pantry,Wilton,"Blue, Yellow and Teal 6-Cell Sprinkle Mix, 6.77 oz.","WiltonBlue, Yellow and Teal 6-Cell Sprinkle Mix, 6.77 oz.192 g",$7.89ea,,$4.11/ 100g,False
pantry,President's Choice,Pitted Dried Prunes ,President's ChoicePitted Dried Prunes 1.36 kg,$18.99ea,,$1.40/ 100g,False
pantry,Stock and Barrel,Sesame Sticks,Stock and BarrelSesame Sticks250 g,$6.99ea,,$2.80/ 100g,False
pantry,Wilton,"Pink, Yellow and White 6-Cell Sprinkle Mix, 7.30 oz.","WiltonPink, Yellow and White 6-Cell Sprinkle Mix, 7.30 oz.207 g",$7.89ea,,$3.81/ 100g,False
pantry,Nature's Mix,Maple Walnut Granola,Nature's MixMaple Walnut Granola312 g,$7.99ea,,$2.56/ 100g,False
pantry,PC Blue Menu,"Mango, Blueberry And Grape Crispy Freeze-Dried Fruit Blend","PC Blue MenuMango, Blueberry And Grape Crispy Freeze-Dried Fruit Blend28 g",$4.29ea,,$15.32/ 100g,False
pantry,Cache Cuisine,Pro-Licious Protein Pancake & Waffle Mix,Cache CuisinePro-Licious Protein Pancake & Waffle Mix340 g,$10.99ea,,$3.23/ 100g,False
pantry,President's Choice,Canola & Olive Oil Blend,President's ChoiceCanola & Olive Oil Blend946 ml,$7.49ea,,$0.79/ 100ml,False
pantry,G Hughes Smokehouse,Sugar Free Orange Ginger Marinade,G Hughes SmokehouseSugar Free Orange Ginger Marinade367 g,$6.99ea,,$1.90/ 100g,False
pantry,Bush's Best,Savoury Beans Black Bean Fiesta,Bush's BestSavoury Beans Black Bean Fiesta398 ml,$2.99ea,$2.69ea,$0.68/ 100ml,True
pantry,Wilton,"Icing Colours, Pastel Colours Set","WiltonIcing Colours, Pastel Colours Set4 ea",$7.49ea,,$1.87/ 1ea,False
pantry,PC Blue Menu,"Sunflower, Pumpkin & Super Seeds Blend","PC Blue MenuSunflower, Pumpkin & Super Seeds Blend227 g",$3.79ea,,$1.67/ 100g,False
pantry,President's Choice,Scone Baking Mix,President's ChoiceScone Baking Mix500 g,$4.79ea,,$0.96/ 100g,False
pantry,Wilton,"Colorful Rainbow Confetti Sprinkles Mix, 10.05 oz. Tub","WiltonColorful Rainbow Confetti Sprinkles Mix, 10.05 oz. Tub285 g",$6.89ea,,$2.42/ 100g,False
pantry,Aurora,Wildflower Honey Liquid,AuroraWildflower Honey Liquid1 kg,$14.49ea,,$1.45/ 100g,False
pantry,No Name,Pear Halves in Fruit Juice from Concentrate,No NamePear Halves in Fruit Juice from Concentrate398 ml,$2.79ea,,$0.70/ 100ml,False
pantry,President's Choice,The Decadent Swirled White & Milk Chocolate Chips,President's ChoiceThe Decadent Swirled White & Milk Chocolate Chips226 g,$4.49ea,,$1.99/ 100g,False
pantry,Robin Hood,Best For Bread Whole Wheat Flour,Robin HoodBest For Bread Whole Wheat Flour5 kg,$13.99ea,,$0.28/ 100g,False
pantry,T&T,Sushi Nori Roasted Seaweed Sheets,T&TSushi Nori Roasted Seaweed Sheets27 g,$3.99ea,,$14.78/ 100g,False
pantry,No Name,Golden Deluxe Cake Mix,No NameGolden Deluxe Cake Mix432 g,$3.29ea,,$0.76/ 100g,False
pantry,No Name,Pizza Sauce,No NamePizza Sauce213 ml,$1.79ea,,$0.84/ 100ml,False
pantry,Kraft,Only Peanuts All Natural Peanut Butter with Honey,KraftOnly Peanuts All Natural Peanut Butter with Honey750 g,$7.49ea,,$1.00/ 100g,False
pantry,Pataks,Major Grey Chutney,PataksMajor Grey Chutney250 ml,$6.49ea,,$2.60/ 100ml,False
pantry,President's Choice,Sweet with Heat Mustard,President's ChoiceSweet with Heat Mustard325 ml,$3.29ea,,$1.01/ 100ml,False
pantry,Stagg,Vegetable Garden Four Bean Chili,StaggVegetable Garden Four Bean Chili425 g,$4.29ea,,$1.01/ 100g,False
pantry,Unico,"Artichokes, Quarters","UnicoArtichokes, Quarters398 ml",$4.49ea,,$1.13/ 100ml,False
pantry,Valentina,Hot Sauce,ValentinaHot Sauce370 ml,$2.99ea,,$0.81/ 100ml,False
pantry,No Name,Sweetened Shredded Coconut,No NameSweetened Shredded Coconut200 g,$2.49ea,,$1.25/ 100g,False
pantry,President's Choice,Chipotle & Cheddar Flavoured Tortilla Strips,President's ChoiceChipotle & Cheddar Flavoured Tortilla Strips99 g,$3.79ea,,$3.83/ 100g,False
pantry,Melinda's,Original Habanero Garlic Pepper Sauce,Melinda'sOriginal Habanero Garlic Pepper Sauce148 ml,$5.99ea,,$4.05/ 100ml,False
pantry,Quaker,Quick Oats,QuakerQuick Oats300 g,$4.79ea,,$1.60/ 100g,False
pantry,Hunt's,Heirloom Diced Tomato,Hunt'sHeirloom Diced Tomato398 ml,$2.69ea,,$0.68/ 100ml,False
pantry,Thai Kitchen,Green Curry Paste,Thai KitchenGreen Curry Paste112 g,$5.99ea,,$5.35/ 100g,False
pantry,Knorr,Classic Sauce Mix For Flavour Of The Classic French Butter Sauce Béarnaise,KnorrClassic Sauce Mix For Flavour Of The Classic French Butter Sauce Béarnaise26 g,$2.99ea,,$11.50/ 100g,False
pantry,Supernova,Original Hot Sauce,SupernovaOriginal Hot Sauce150 ml,$6.99ea,,$4.66/ 100ml,False
pantry,Stubb's,"BBQ Sauce, Sweet Heat","Stubb'sBBQ Sauce, Sweet Heat450 ml",$5.49ea,,$1.22/ 100ml,False
pantry,PC Black Label,100% Pure Roasted Walnut Oil,PC Black Label100% Pure Roasted Walnut Oil150 ml,$4.49ea,,$2.99/ 100ml,False
pantry,Mutti,Classic Pizza Sauce,MuttiClassic Pizza Sauce398 ml,$3.99ea,,$1.00/ 100ml,False
pantry,Sweet Baby Ray's,"BBQ Sauce, Hickory & Brown Sugar","Sweet Baby Ray'sBBQ Sauce, Hickory & Brown Sugar425 ml",$3.99ea,,$0.94/ 100ml,False
pantry,Frontera,Fajita Skillet Sauce    ,FronteraFajita Skillet Sauce    226 g,$4.89ea,,$2.16/ 100g,False
pantry,President's Choice,The Decadent Chocolate Cake Mix,President's ChoiceThe Decadent Chocolate Cake Mix500 g,$4.79ea,,$0.96/ 100g,False
pantry,President's Choice,Ranch Dressing,President's ChoiceRanch Dressing355 ml,$4.99ea,,$1.41/ 100ml,False
pantry,Twinkle Baker Decor,Triplet Sprinkler,Twinkle Baker DecorTriplet Sprinkler195 g,$6.99ea,,$3.78/ 100g,False
pantry,Five Roses,White All Purpose Flour,Five RosesWhite All Purpose Flour1 kg,$4.99ea,,$0.50/ 100g,False
pantry,Wilton,Gold Edible Glitter Spray Food Colour Mixture,WiltonGold Edible Glitter Spray Food Colour Mixture10 g,$8.49ea,,$84.90/ 100g,False
pantry,Litehouse,Dressing & Dip Avocado Ranch Family Size ,LitehouseDressing & Dip Avocado Ranch Family Size 591 ml,$6.99ea,,$1.18/ 100g,False
pantry,Pepper North,Blueberry Plague Hot Sauce,Pepper NorthBlueberry Plague Hot Sauce148 ml,$8.99ea,,$6.07/ 100ml,False
pantry,Natursource,Uncrouton Garlic & Herb,NatursourceUncrouton Garlic & Herb375 g,$12.99ea,,$3.46/ 100g,False
pantry,Daves Sauces,"Gourmet Sauce, Ghost Pepper","Daves SaucesGourmet Sauce, Ghost Pepper142 g",$12.99ea,,$9.15/ 100g,False
pantry,PC Black Label,Onion Maple Condiment,PC Black LabelOnion Maple Condiment185 ml,$4.99ea,,$2.70/ 100ml,False
pantry,Wilton,"6-Cell Rainbow Sprinkles Mix with Turning Lid, 167 g","Wilton6-Cell Rainbow Sprinkles Mix with Turning Lid, 167 g168 g",$7.89ea,,$4.70/ 100g,False
pantry,PC Black Label,Yuzu Citrus Hot Sauce,PC Black LabelYuzu Citrus Hot Sauce255 ml,$4.49ea,,$1.76/ 100ml,False
pantry,Aylmer,Whole Rosebud Beets,AylmerWhole Rosebud Beets398 ml,$2.59ea,,$0.65/ 100ml,False
pantry,Knorr,"Selects, Rustic Mexican Rice & Beans","KnorrSelects, Rustic Mexican Rice & Beans184 g",$3.49ea,,$1.90/ 100g,False
pantry,Dr Oetker,Shirriff Pie Crust Mix ,Dr OetkerShirriff Pie Crust Mix 260 g,$3.29ea,,$1.27/ 100g,False
pantry,Lea & Perrins,Worcestershire Sauce,Lea & PerrinsWorcestershire Sauce568 ml,$7.99ea,,$1.41/ 100ml,False
pantry,Litehouse,Chives,LitehouseChives7 g,$6.99ea,,$99.86/ 100g,False
pantry,Wilton,White Mini Baking Cups,WiltonWhite Mini Baking Cups100 ea,$2.99ea,,$0.03/ 1ea,False
pantry,Del Monte,Corn Medley Mexican Style,Del MonteCorn Medley Mexican Style398 ml,$3.29ea,,$0.83/ 100ml,False
pantry,Wilton,Icing Decoration Royal Tractor Trucks,WiltonIcing Decoration Royal Tractor Trucks21 g,$7.19ea,,$34.24/ 100g,False
pantry,President's Choice,Thaï Rice Stick Noodles,President's ChoiceThaï Rice Stick Noodles225 g,$2.99ea,,$1.33/ 100g,False
pantry,President's Choice,Mint Jelly,President's ChoiceMint Jelly250 ml,$6.49ea,,$2.60/ 100ml,False
pantry,President's Choice,Memories of Kobe Tamari Garlic Sauce,President's ChoiceMemories of Kobe Tamari Garlic Sauce350 ml,$4.99ea,,$1.43/ 100ml,False
pantry,PC Black Label,Tomato Pesto,PC Black LabelTomato Pesto180 ml,$5.39ea,,$2.99/ 100ml,False
pantry,Unico,"Tomato Paste, Italian Herbs","UnicoTomato Paste, Italian Herbs156 ml",$1.49ea,,$0.96/ 100ml,False
pantry,President's Choice,Sweetened Dried Mangoes,President's ChoiceSweetened Dried Mangoes800 g,$15.99ea,,$2.00/ 100g,False
pantry,President's Choice,Pure Apricot Jam,President's ChoicePure Apricot Jam500 ml,$5.49ea,,$1.10/ 100ml,False
pantry,Wilton,"Polka Dot ColorCups Cupcake Liners, 36-Count","WiltonPolka Dot ColorCups Cupcake Liners, 36-Count36 ea",$3.59ea,,$0.10/ 1ea,False
pantry,,Rainbow Jellies,Rainbow Jellies,$1.69/100 g,,$1.69/ 100g,False
pantry,Jus' Better,Marshmallow Strawberry,Jus' BetterMarshmallow Strawberry250 g,$4.99ea,,$2.00/ 100g,False
pantry,David Rocco,Pasta Sauce Puttanesca,David RoccoPasta Sauce Puttanesca650 ml,$8.99ea,,$1.38/ 100ml,False
pantry,Club House,Garlic And Herb + Black Pepper And Sea Salt All Purpose Seasoning,Club HouseGarlic And Herb + Black Pepper And Sea Salt All Purpose Seasoning131 g,$7.49ea,,$5.72/ 100g,False
pantry,Club House,Moroccan Seasoning Mix,Club HouseMoroccan Seasoning Mix24 g,$2.49ea,,$10.37/ 100g,False
pantry,Ross,Dark Chocolate Baking Chips,RossDark Chocolate Baking Chips200 g,$11.99ea,,$6.00/ 100g,False
pantry,Stock and Barrel,Colossal Milk Chocolate Covered Raisins,Stock and BarrelColossal Milk Chocolate Covered Raisins450 g,$8.99ea,,$2.00/ 100g,False
pantry,President's Choice,Plant Based Barbecue Jackfruit ,President's ChoicePlant Based Barbecue Jackfruit 300 g,$2.99ea,,$1.00/ 100g,False
pantry,Knorr,Recipe Pasta Sauce Mix Rich And Creamy Pasta Sauce Parma-Rosa,KnorrRecipe Pasta Sauce Mix Rich And Creamy Pasta Sauce Parma-Rosa44 g,$2.49ea,,$5.66/ 100g,False
pantry,Guy Fieri,Kansas City BBQ Sauce,Guy FieriKansas City BBQ Sauce494 ml,$6.99ea,,$1.41/ 100ml,False
pantry,Club House,Farmer'S Market Chicken & Vegetables Seasoning Mix,Club HouseFarmer'S Market Chicken & Vegetables Seasoning Mix36 g,$2.49ea,,$6.92/ 100g,False
pantry,Strubs,Sandwich Snackers,StrubsSandwich Snackers500 ml,$6.49ea,,$1.30/ 100ml,False
pantry,Wildly Delicious,"Sauce BBQ, Maple Bourbon","Wildly DeliciousSauce BBQ, Maple Bourbon350 ml",$7.49ea,,$2.14/ 100ml,False
pantry,VH,Cherry Dipping Sauce,VHCherry Dipping Sauce341 ml,$4.99ea,,$1.46/ 100ml,False
pantry,Minute Rice,Instant Rice,Minute RiceInstant Rice350 g,$4.29ea,,$1.23/ 100g,False
pantry,Club House,Beer Batter Mix,Club HouseBeer Batter Mix284 g,$3.79ea,,$1.33/ 100g,False
pantry,Legal Sea Foods,Chipotle Tartar Sauce,Legal Sea FoodsChipotle Tartar Sauce220 g,$7.99ea,,$3.63/ 100g,False
pantry,No Name,Whole Blanched Almonds,No NameWhole Blanched Almonds100 g,$4.49ea,,$4.49/ 100g,False
pantry,Primo,"Pizza Squeeze, Garlic Basil","PrimoPizza Squeeze, Garlic Basil375 ml",$2.79ea,,$0.74/ 100ml,False
pantry,Bertolli,White Wine Vinegar,BertolliWhite Wine Vinegar500 ml,$4.29ea,$3.49ea,$0.70/ 100ml,True
pantry,President's Choice,Edamame Trail Mix,President's ChoiceEdamame Trail Mix275 g,$4.99ea,,$1.81/ 100g,False
pantry,Mutti,Pasta Sauce Tomato and Parmigiano Reggiano Cheese,MuttiPasta Sauce Tomato and Parmigiano Reggiano Cheese398 ml,$4.99ea,,$1.25/ 100ml,False
pantry,,Gummi Bears,Gummi Bears,$1.49/100 g,,$1.49/ 100g,False
pantry,Quaker,Oat Bran creamy hot cereal,QuakerOat Bran creamy hot cereal625 g,$4.79ea,,$0.77/ 100g,False
pantry,Urban Slicer,Epic Deep Dish Pizza Dough ,Urban SlicerEpic Deep Dish Pizza Dough 380 g,$13.99ea,,$3.68/ 100g,False
pantry,President's Choice,Honey Dijon Mustard,President's ChoiceHoney Dijon Mustard325 ml,$3.29ea,,$1.01/ 100ml,False
pantry,Hunt's, Tomato Sauce,Hunt's Tomato Sauce680 ml,$3.19ea,,$0.47/ 100ml,False
pantry,President's Choice,100% Pure Corn Oil,President's Choice100% Pure Corn Oil1.42 l,$9.99ea,,$0.70/ 100ml,False
pantry,Al Fez,Moroccan Spiced Couscous,Al FezMoroccan Spiced Couscous200 g,$4.99ea,,$2.50/ 100g,False
pantry,,"Indulgence Mix with Almonds, Chocolate and Cashews","Indulgence Mix with Almonds, Chocolate and Cashews",$2.89/100 g,,$2.89/ 100g,False
pantry,Cheetos,Mac'N Cheese Cheesy Jalapeño Pasta,CheetosMac'N Cheese Cheesy Jalapeño Pasta164 g,$3.49ea,,$2.13/ 100g,False
pantry,Martelli,White Truffle Oil,MartelliWhite Truffle Oil100 ml,$11.79ea,,$11.79/ 100ml,False
pantry,Hunt's,"Sauce, Tomato","Hunt'sSauce, Tomato213 ml",$1.59ea,,$0.75/ 100ml,False
pantry,Lidia's,Vodka Sauce,Lidia'sVodka Sauce708 g,$10.49ea,,$1.48/ 100g,False
pantry,Pastene,"Bread Crumbs, Plain","PasteneBread Crumbs, Plain425 g",$4.49ea,,$1.06/ 100g,False
pantry,Jif,Light Creamy Peanut Butter,JifLight Creamy Peanut Butter1 kg,$7.49ea,$5.99ea,$0.60/ 100g,True
pantry,PC Black Label, Extra Virgin Olive Oil Infused With Red Hot Chili Peppers,PC Black Label Extra Virgin Olive Oil Infused With Red Hot Chili Peppers250 ml,$5.99ea,,$2.40/ 100ml,False
pantry,Hunt's,"Thick & Rich Pasta Sauce, Four Cheese","Hunt'sThick & Rich Pasta Sauce, Four Cheese680 ml",$3.19ea,,$0.47/ 100ml,False
pantry,Knorr,Concentrated Bouillon Taste Of Morocco No Added Msg,KnorrConcentrated Bouillon Taste Of Morocco No Added Msg250 ml,$7.79ea,,$3.12/ 100ml,False
pantry,Thai Kitchen,Premium Fish Sauce,Thai KitchenPremium Fish Sauce200 ml,$4.99ea,,$2.50/ 100ml,False
pantry,Mezzetta,Roasted Red Bell Peppers Mild,MezzettaRoasted Red Bell Peppers Mild296 ml,$5.89ea,,$1.99/ 100ml,False
pantry,Club House,Beer Batter Mix,Club HouseBeer Batter Mix284 g,$3.79ea,,$1.33/ 100g,False
pantry,PC Black Label,Yuzu Citrus Hot Sauce,PC Black LabelYuzu Citrus Hot Sauce255 ml,$4.49ea,,$1.76/ 100ml,False
pantry,Knorr,"Selects, Rustic Mexican Rice & Beans","KnorrSelects, Rustic Mexican Rice & Beans184 g",$3.49ea,,$1.90/ 100g,False
pantry,Dr Oetker,Shirriff Pie Crust Mix ,Dr OetkerShirriff Pie Crust Mix 260 g,$3.29ea,,$1.27/ 100g,False
pantry,Litehouse,Chives,LitehouseChives7 g,$6.99ea,,$99.86/ 100g,False
pantry,Wilton,White Mini Baking Cups,WiltonWhite Mini Baking Cups100 ea,$2.99ea,,$0.03/ 1ea,False
pantry,Wilton,Icing Decoration Royal Tractor Trucks,WiltonIcing Decoration Royal Tractor Trucks21 g,$7.19ea,,$34.24/ 100g,False
pantry,Legal Sea Foods,Chipotle Tartar Sauce,Legal Sea FoodsChipotle Tartar Sauce220 g,$7.99ea,,$3.63/ 100g,False
pantry,Aylmer,Whole Rosebud Beets,AylmerWhole Rosebud Beets398 ml,$2.59ea,,$0.65/ 100ml,False
pantry,Lea & Perrins,Worcestershire Sauce,Lea & PerrinsWorcestershire Sauce568 ml,$7.99ea,,$1.41/ 100ml,False
pantry,No Name,Whole Blanched Almonds,No NameWhole Blanched Almonds100 g,$4.49ea,,$4.49/ 100g,False
pantry,Primo,"Pizza Squeeze, Garlic Basil","PrimoPizza Squeeze, Garlic Basil375 ml",$2.79ea,,$0.74/ 100ml,False
pantry,Del Monte,Corn Medley Mexican Style,Del MonteCorn Medley Mexican Style398 ml,$3.29ea,,$0.83/ 100ml,False
pantry,Martelli,White Truffle Oil,MartelliWhite Truffle Oil100 ml,$11.79ea,,$11.79/ 100ml,False
pantry,Hunt's,"Sauce, Tomato","Hunt'sSauce, Tomato213 ml",$1.59ea,,$0.75/ 100ml,False
pantry,Melinda's,Original Habanero Garlic Pepper Sauce,Melinda'sOriginal Habanero Garlic Pepper Sauce148 ml,$5.99ea,,$4.05/ 100ml,False
pantry,Hunt's,Heirloom Diced Tomato,Hunt'sHeirloom Diced Tomato398 ml,$2.69ea,,$0.68/ 100ml,False
pantry,Thai Kitchen,Green Curry Paste,Thai KitchenGreen Curry Paste112 g,$5.99ea,,$5.35/ 100g,False
pantry,Mutti,Pasta Sauce Tomato and Parmigiano Reggiano Cheese,MuttiPasta Sauce Tomato and Parmigiano Reggiano Cheese398 ml,$4.99ea,,$1.25/ 100ml,False
pantry,Supernova,Original Hot Sauce,SupernovaOriginal Hot Sauce150 ml,$6.99ea,,$4.66/ 100ml,False
pantry,H and H,Coconut,H and HCoconut500 g,$11.49ea,,$2.30/ 100g,False
pantry,A Taste of Thai,Lite Coconut Milk,A Taste of ThaiLite Coconut Milk398 ml,$4.59ea,,$1.15/ 100ml,False
pantry,Hunt's,"Tomato Sauce, Onion, Herbs & Spices","Hunt'sTomato Sauce, Onion, Herbs & Spices398 ml",$2.59ea,,$0.65/ 100ml,False
pantry,Peace River Honey,Pineapple Jalapeno Honey,Peace River HoneyPineapple Jalapeno Honey375 g,$8.99ea,,$2.40/ 100g,False
pantry,President's Choice,Chocolate Hazelnut Spread,President's ChoiceChocolate Hazelnut Spread375 g,$3.79ea,,$1.01/ 100g,False
pantry,Hunt's,"Thick & Rich, Original Sauce","Hunt'sThick & Rich, Original Sauce680 ml",$3.19ea,,$0.47/ 100ml,False
pantry,Unico,"Eggplants in Oil, Hot","UnicoEggplants in Oil, Hot375 ml",$5.49ea,,$1.46/ 100ml,False
pantry,President's Choice,Olives Stuffed With Almonds,President's ChoiceOlives Stuffed With Almonds375 ml,$6.99ea,,$1.86/ 100ml,False
pantry,President's Choice,Cranberry Orange Sauce,President's ChoiceCranberry Orange Sauce400 ml,$5.49ea,,$1.37/ 100ml,False
pantry,Tilda,"Steamed Basmati Rice, Wholegrain","TildaSteamed Basmati Rice, Wholegrain250 g",$3.89ea,,$1.56/ 100g,False
pantry,Wilton,Black Sparkle Gel,WiltonBlack Sparkle Gel99 g,$3.49ea,,$3.53/ 100g,False
pantry,Quaker,Quick Cook Steel Cut Oats,QuakerQuick Cook Steel Cut Oats709 g,$5.99ea,$4.00ea,$0.56/ 100g,True
pantry,Betty Crocker,Hamburger Helper Cheesy Shells,Betty CrockerHamburger Helper Cheesy Shells240 g,$3.19ea,,$1.33/ 100g,False
pantry,No Name,Graham Cracker Pie Crust,No NameGraham Cracker Pie Crust170 g,$1.99ea,,$1.17/ 100g,False
pantry,Dole,No Sugar Added Fruit Salad With Cherries,DoleNo Sugar Added Fruit Salad With Cherries540 ml,$4.49ea,,$0.83/ 100ml,False
pantry,President's Choice,100% Pure Maple Syrup,President's Choice100% Pure Maple Syrup200 ml,$5.49ea,,$2.75/ 100ml,False
pantry,No Name,Rich & Chunky Chicken Noodle Soup,No NameRich & Chunky Chicken Noodle Soup540 ml,$2.99ea,$2.59ea,$0.48/ 100ml,True
pantry,Robin Hood,Best For Bread Homestyle White Flour,Robin HoodBest For Bread Homestyle White Flour2.5 kg,$7.99ea,,$0.32/ 100g,False
pantry,Dole,Pineapple Chunks in Pineapple Juice,DolePineapple Chunks in Pineapple Juice398 ml,$2.99ea,$2.49ea,$0.63/ 100ml,True
pantry,No Name,Lemon Jelly Powder,No NameLemon Jelly Powder85 g,$1.29ea,,$1.52/ 100g,False
pantry,Diana,Sauce Western Smokehouse,DianaSauce Western Smokehouse500 ml,$4.49ea,,$0.90/ 100ml,False
pantry,No Name,Stuffed Manzanilla Olives With Pimento Paste,No NameStuffed Manzanilla Olives With Pimento Paste375 ml,$2.29ea,$1.99ea,$0.53/ 100ml,True
pantry,Quaker,Regular Family Size Instant Oatmeal,QuakerRegular Family Size Instant Oatmeal504 g,$7.99ea,,$1.59/ 100g,False
pantry,Jell-O,Fat Free Vanilla Instant Pudding Mix,Jell-OFat Free Vanilla Instant Pudding Mix30 g,$2.29ea,,$7.63/ 100g,False
pantry,VH,Soy Sauce Lite,VHSoy Sauce Lite380 ml,$4.99ea,,$1.31/ 100ml,False
pantry,President's Choice,Horseradish Dijon Mustard,President's ChoiceHorseradish Dijon Mustard325 ml,$3.29ea,,$1.01/ 100ml,False
pantry,Del Monte,Peach Slices in Fruit Juice From Concentrate,Del MontePeach Slices in Fruit Juice From Concentrate796 ml,$5.19ea,,$0.65/ 100ml,False
pantry,VH,Soya Sauce,VHSoya Sauce380 ml,$4.99ea,,$1.31/ 100ml,False
pantry,No Name,Medium Pitted Ripe Olives,No NameMedium Pitted Ripe Olives398 ml,$2.49ea,,$0.63/ 100ml,False
pantry,No Name,Pickled Chunk Beets,No NamePickled Chunk Beets750 ml,$5.99ea,,$0.80/ 100ml,False
pantry,No Name,Unbleached All-Purpose Flour,No NameUnbleached All-Purpose Flour5 kg,$7.99ea,$6.99ea,$0.14/ 100g,True
pantry,Dole,Tropical Fruit In Water,DoleTropical Fruit In Water540 ml,$4.29ea,,$0.79/ 100ml,False
pantry,Diana,Sauce Rib & Chicken,DianaSauce Rib & Chicken500 ml,$4.49ea,,$0.90/ 100ml,False
pantry,PC Organics,Red Kidney Beans,PC OrganicsRed Kidney Beans398 ml,$1.99ea,,$0.50/ 100ml,False
pantry,President's Choice,Hot Red Pepper Jelly,President's ChoiceHot Red Pepper Jelly250 ml,$4.79ea,,$1.92/ 100ml,False
pantry,Hershey's,"Chipits  Peanut Butter Baking Chips, 270G","Hershey'sChipits  Peanut Butter Baking Chips, 270G270 g",$4.99ea,,$1.85/ 100g,False
pantry,Club House,"Dry Sauce Mix, Turkey Gravy, Less Salt","Club HouseDry Sauce Mix, Turkey Gravy, Less Salt25 g",$2.49ea,,$9.96/ 100g,False
pantry,Unico,"Sundried Tomato, Julienne","UnicoSundried Tomato, Julienne210 ml",$5.49ea,,$2.61/ 100ml,False
pantry,President's Choice,Plant Based Pea Crumbs,President's ChoicePlant Based Pea Crumbs250 g,$2.99ea,,$1.20/ 100g,False
pantry,Post,Chips Ahoy,PostChips Ahoy340 g,$5.49ea,,$1.61/ 100g,False
pantry,Unico,"Queen Olives, Stuffed","UnicoQueen Olives, Stuffed375 ml",$3.99ea,,$1.06/ 100ml,False
pantry,No Name,Broken Mandarin Orange Segments in Light Syrup,No NameBroken Mandarin Orange Segments in Light Syrup284 ml,$1.29ea,,$0.45/ 100ml,False
pantry,President's Choice,White Cheddar Deluxe Macaroni & Cheese Dinner,President's ChoiceWhite Cheddar Deluxe Macaroni & Cheese Dinner200 g,$2.49ea,,$1.25/ 100g,False
pantry,PC Blue Menu,Yellow Split Peas,PC Blue MenuYellow Split Peas900 g,$3.49ea,,$0.39/ 100g,False
pantry,VH,Honey Sriracha Hot,VHHoney Sriracha Hot341 ml,$4.99ea,,$1.46/ 100ml,False
pantry,Suraj,Aged Basmati Rice,SurajAged Basmati Rice1.81 kg,$6.99ea,,$0.39/ 100g,False
pantry,Bush's Best,Mild Kidney Beans ,Bush's BestMild Kidney Beans 398 ml,$2.99ea,$2.69ea,$0.68/ 100ml,True
pantry,,Scotch Mints Candy,Scotch Mints Candy,$0.99/100 g,,$0.99/ 100g,False
pantry,President's Choice,Basmati Rice,President's ChoiceBasmati Rice750 g,$4.79ea,,$0.64/ 100g,False
pantry,President's Choice,Goan Coconut Curry Cooking Sauce,President's ChoiceGoan Coconut Curry Cooking Sauce400 ml,$4.99ea,$3.79ea,$0.95/ 100ml,True
pantry,Mazola,Canola Oil,MazolaCanola Oil2.84 l,$17.99ea,,$0.63/ 100ml,False
pantry,Steeves Maples,Sugar Free Syrup ,Steeves MaplesSugar Free Syrup 250 ml,$2.99ea,,$1.20/ 100ml,False
pantry,President's Choice,Tikka Masala Cooking Sauce,President's ChoiceTikka Masala Cooking Sauce400 ml,$4.99ea,$3.79ea,$0.95/ 100ml,True
pantry,Betty Crocker,Creamy Scalloped Potatoes,Betty CrockerCreamy Scalloped Potatoes141 g,$2.99ea,,$2.12/ 100g,False
pantry,Bens,Garden Vegetable Style Rice,BensGarden Vegetable Style Rice132 g,$2.99ea,,$2.27/ 100g,False
pantry,President's Choice,Instant Oatmeal Variety Pack,President's ChoiceInstant Oatmeal Variety Pack380 g,$4.19ea,,$1.10/ 100g,False
pantry,PC Blue Menu,Green Lentils,PC Blue MenuGreen Lentils900 g,$3.49ea,,$0.39/ 100g,False
pantry,Tilda,Pure Original Basmati Rice,TildaPure Original Basmati Rice907 g,$6.99ea,,$0.77/ 100g,False
pantry,No Name,Clingstone Peach Slices in Light Syrup,No NameClingstone Peach Slices in Light Syrup796 ml,$4.29ea,,$0.54/ 100ml,False
pantry,Jell-O,"Orange Jelly Powder Light, Gelatin Mix","Jell-OOrange Jelly Powder Light, Gelatin Mix10.2 g",$1.49ea,,$14.61/ 100g,False
pantry,Minute Rice,"Ready To Serve, Basmati Rice","Minute RiceReady To Serve, Basmati Rice250 g",$3.99ea,,$1.60/ 100g,False
pantry,Bicks,Sweet Green Relish,BicksSweet Green Relish375 ml,$2.99ea,,$0.80/ 100ml,False
pantry,Betty Crocker,"Frosting, Milk Chocolate","Betty CrockerFrosting, Milk Chocolate450 g",$3.29ea,,$0.73/ 100g,False
pantry,No Name,100% Pure Vegetable Oil,No Name100% Pure Vegetable Oil946 ml,$5.99ea,,$0.63/ 100ml,False
pantry,Club House,"Seasoning Mix, Shepherd's Pie","Club HouseSeasoning Mix, Shepherd's Pie47 g",$2.49ea,,$5.30/ 100g,False
pantry,Dole,Pineapple Tidbits in Pineapple Juice,DolePineapple Tidbits in Pineapple Juice398 ml,$2.99ea,$2.49ea,$0.63/ 100ml,True
pantry,Brodie,Cake & Pastry Self-Raising Flour,BrodieCake & Pastry Self-Raising Flour2.5 kg,$9.99ea,,$0.40/ 100g,False
pantry,Hershey's,"Chipits Semi-Sweet Minis Chocolate Chips, 270G","Hershey'sChipits Semi-Sweet Minis Chocolate Chips, 270G270 g",$4.99ea,,$1.85/ 100g,False
pantry,Dole,No Sugar Added Sliced Peaches,DoleNo Sugar Added Sliced Peaches540 ml,$4.49ea,,$0.83/ 100ml,False
pantry,No Name,Unbleached All-Purpose Flour,No NameUnbleached All-Purpose Flour2.5 kg,$4.99ea,,$0.20/ 100g,False
pantry,No Name,Mild Salsa ,No NameMild Salsa 430 ml,$3.99ea,,$0.93/ 100ml,False
pantry,Woodman's,Regular Creamed Horseradish,Woodman'sRegular Creamed Horseradish250 ml,$4.49ea,,$1.80/ 100ml,False
pantry,Club House,Oriental Stir Fry Mix,Club HouseOriental Stir Fry Mix42 g,$2.49ea,,$5.93/ 100g,False
pantry,Unico,"Mixed Vegetables, Pickled, Mild","UnicoMixed Vegetables, Pickled, Mild750 ml",$4.49ea,,$0.60/ 100ml,False
pantry,VH,"Dipping Sauce, Sweet Thai Chili","VHDipping Sauce, Sweet Thai Chili341 ml",$4.99ea,,$1.46/ 100ml,False
pantry,Cucina Antica,"Pasta Sauce, Tomato Basil","Cucina AnticaPasta Sauce, Tomato Basil670 ml",$10.99ea,,$1.64/ 100ml,False
pantry,Mazola,Canola Oil,MazolaCanola Oil2.84 l,$17.99ea,,$0.63/ 100ml,False
pantry,Steeves Maples,Sugar Free Syrup ,Steeves MaplesSugar Free Syrup 250 ml,$2.99ea,,$1.20/ 100ml,False
pantry,Bonne Maman,Raspberry Jam,Bonne MamanRaspberry Jam250 ml,$7.49ea,,$3.00/ 100ml,False
pantry,Pataks,Spicy Butter Chicken Cooking Sauce,PataksSpicy Butter Chicken Cooking Sauce400 ml,$6.49ea,,$1.62/ 100ml,False
pantry,President's Choice,Moroccan Shakshuka Cooking Sauce,President's ChoiceMoroccan Shakshuka Cooking Sauce400 ml,$4.49ea,$3.79ea,$0.95/ 100ml,True
pantry,Club House,"Dry Sauce Mix, Brown Gravy, Gluten-Free","Club HouseDry Sauce Mix, Brown Gravy, Gluten-Free25 g",$2.49ea,,$9.96/ 100g,False
pantry,President's Choice,Creamy Garlic Wing Sauce,President's ChoiceCreamy Garlic Wing Sauce350 ml,$4.49ea,,$1.28/ 100ml,False
pantry,Dainty,Royal Long Grain Rice,DaintyRoyal Long Grain Rice900 g,$5.99ea,,$0.67/ 100g,False
pantry,Bicks,Pickles Polskie Ogórki Dill,BicksPickles Polskie Ogórki Dill1 l,$6.49ea,,$0.65/ 100ml,False
pantry,President's Choice,Extra Virgin Avocado Oil ,President's ChoiceExtra Virgin Avocado Oil 500 ml,$12.99ea,,$2.60/ 100ml,False
pantry,Mr Noodles,Kimchi Bowl Noodles,Mr NoodlesKimchi Bowl Noodles86 g,$2.19ea,,$2.55/ 100g,False
pantry,Ocean Spray,Craisins Sweetened Dried Cranberries ,Ocean SprayCraisins Sweetened Dried Cranberries 340 g,$5.49ea,,$1.61/ 100g,False
pantry,Robin Hood,Organic Coconut Flour,Robin HoodOrganic Coconut Flour500 g,$7.99ea,,$1.60/ 100g,False
pantry,PC Blue Menu,Banana Nut Omega 3 Granola Boost Cereal,PC Blue MenuBanana Nut Omega 3 Granola Boost Cereal325 g,$3.79ea,,$1.17/ 100g,False
pantry,No Name,Capers,No NameCapers100 ml,$3.29ea,,$3.29/ 100ml,False
pantry,Campbell's,Franco American Mushroom Gravy,Campbell'sFranco American Mushroom Gravy284 ml,$2.29ea,,$0.81/ 100ml,False
pantry,President's Choice,Tomatoes First Original Tomato Sauce,President's ChoiceTomatoes First Original Tomato Sauce680 ml,$2.99ea,,$0.44/ 100ml,False
pantry,Bicks,Garlic Dill Pickles,BicksGarlic Dill Pickles1 l,$6.49ea,,$0.65/ 100ml,False
pantry,General Mills,Churros,General MillsChurros547 g,$5.99ea,,$1.10/ 100g,False
pantry,Kraft,Crispy Pork Coating Mix,KraftCrispy Pork Coating Mix160 g,$4.99ea,,$3.12/ 100g,False
pantry,Unico,"Pasta Sauce, Original","UnicoPasta Sauce, Original680 ml",$3.29ea,,$0.48/ 100ml,False
pantry,Kraft,Baker's 100% Pure Semi-Sweet Chocolate Baking Bar,KraftBaker's 100% Pure Semi-Sweet Chocolate Baking Bar225 g,$5.99ea,,$2.66/ 100g,False
pantry,Bicks,Pickled Hot Banana Pepper Rings,BicksPickled Hot Banana Pepper Rings750 ml,$5.99ea,,$0.80/ 100ml,False
pantry,Club House,"Marinade Mix, Meat","Club HouseMarinade Mix, Meat32 g",$2.49ea,,$7.78/ 100g,False
pantry,No Name,Sliced Mushrooms,No NameSliced Mushrooms284 ml,$1.39ea,$1.29ea,$0.45/ 100ml,True
pantry,Bicks,Kosher Style Baby Dill Pickles,BicksKosher Style Baby Dill Pickles1 l,$6.49ea,,$0.65/ 100ml,False
pantry,Adams,100% Natural Crunchy Peanut Butter,Adams100% Natural Crunchy Peanut Butter1 kg,$9.49ea,,$0.95/ 100g,False
pantry,Frenchs,Creamy Mustard Spread,FrenchsCreamy Mustard Spread325 ml,$3.99ea,,$1.23/ 100ml,False
pantry,No Name,Beef Bouillon Concentrate,No NameBeef Bouillon Concentrate250 ml,$4.99ea,,$2.00/ 100ml,False
pantry,Basse,Bassé Island Mix,BasseBassé Island Mix415 g,$6.99ea,$6.49ea,$1.56/ 100g,True
pantry,No Name,Sweet Gherkin Pickles,No NameSweet Gherkin Pickles1 l,$6.99ea,,$0.70/ 100ml,False
pantry,Diana,Sauce Honey Garlic,DianaSauce Honey Garlic500 ml,$4.49ea,,$0.90/ 100ml,False
pantry,Jif,Crunchy Peanut Butter,JifCrunchy Peanut Butter1 kg,$7.49ea,$5.99ea,$0.60/ 100g,True
pantry,No Name,Large Marshmallows,No NameLarge Marshmallows400 g,$3.49ea,,$0.87/ 100g,False
pantry,Betty Crocker,Gluten Free Devil's Food Cake Mix,Betty CrockerGluten Free Devil's Food Cake Mix425 g,$7.99ea,,$1.88/ 100g,False
pantry,Quaker,One Minute Oats,QuakerOne Minute Oats900 g,$5.99ea,$4.00ea,$0.44/ 100g,True
pantry,No Name,Seasoned Stuffing Mix,No NameSeasoned Stuffing Mix120 g,$1.89ea,,$1.58/ 100g,False
pantry,No Name,Graham Cracker Pie Crust,No NameGraham Cracker Pie Crust170 g,$1.99ea,,$1.17/ 100g,False
pantry,No Name,Stuffed Manzanilla Olives With Pimento Paste,No NameStuffed Manzanilla Olives With Pimento Paste375 ml,$2.29ea,$1.99ea,$0.53/ 100ml,True
pantry,Quaker,Regular Family Size Instant Oatmeal,QuakerRegular Family Size Instant Oatmeal504 g,$7.99ea,,$1.59/ 100g,False
pantry,Jell-O,Fat Free Vanilla Instant Pudding Mix,Jell-OFat Free Vanilla Instant Pudding Mix30 g,$2.29ea,,$7.63/ 100g,False
pantry,VH,Soy Sauce Lite,VHSoy Sauce Lite380 ml,$4.99ea,,$1.31/ 100ml,False
pantry,President's Choice,Horseradish Dijon Mustard,President's ChoiceHorseradish Dijon Mustard325 ml,$3.29ea,,$1.01/ 100ml,False
pantry,Del Monte,Peach Slices in Fruit Juice From Concentrate,Del MontePeach Slices in Fruit Juice From Concentrate796 ml,$5.19ea,,$0.65/ 100ml,False
pantry,VH,Soya Sauce,VHSoya Sauce380 ml,$4.99ea,,$1.31/ 100ml,False
pantry,Club House,"Pork Gravy Mix, Gluten-Free","Club HousePork Gravy Mix, Gluten-Free24 g",$2.49ea,,$10.37/ 100g,False
pantry,PC Blue Menu,Black Beans,PC Blue MenuBlack Beans540 ml,$1.89ea,,$0.35/ 100ml,False
pantry,Kraft,Only Peanuts All Natural Smooth Peanut Butter,KraftOnly Peanuts All Natural Smooth Peanut Butter750 g,$7.49ea,,$1.00/ 100g,False
pantry,Dole,Fruit Cocktail With Extra Cherries In Water,DoleFruit Cocktail With Extra Cherries In Water540 ml,$4.29ea,,$0.79/ 100ml,False
pantry,Club House,Chicken Parmesan Seasoning Mix,Club HouseChicken Parmesan Seasoning Mix32 g,$2.49ea,,$7.78/ 100g,False
pantry,Cucina Antica,"Pasta Sauce, Garlic Marinara","Cucina AnticaPasta Sauce, Garlic Marinara670 ml",$10.99ea,,$1.64/ 100ml,False
pantry,Green Giant,"Corn Niblets, Whole Kernel","Green GiantCorn Niblets, Whole Kernel341 ml",$2.29ea,,$0.67/ 100ml,False
pantry,Swiss Chalet,Dipping Sauce Mix,Swiss ChaletDipping Sauce Mix36 g,$2.99ea,,$8.31/ 100g,False
pantry,No Name,Sliced Manzanilla Olives,No NameSliced Manzanilla Olives375 ml,$2.29ea,$1.99ea,$0.53/ 100ml,True
pantry,ED Smith,Cherry Pie Filling,ED SmithCherry Pie Filling540 ml,$7.49ea,,$1.39/ 100ml,False
pantry,Dr Oetker,"Shirriff Filling and Dessert Mix, Lemon Pie","Dr OetkerShirriff Filling and Dessert Mix, Lemon Pie425 g",$4.99ea,,$1.17/ 100g,False
pantry,President's Choice,Memories Of Montego Bay Hot Jerk Marinade,President's ChoiceMemories Of Montego Bay Hot Jerk Marinade350 ml,$4.99ea,,$1.43/ 100ml,False
pantry,President's Choice,The Decadent White Chocolate Chips,President's ChoiceThe Decadent White Chocolate Chips226 g,$4.49ea,,$1.99/ 100g,False
pantry,,Sherry Cooking Wine,Sherry Cooking Wine500 ml,$6.49ea,,$1.30/ 100ml,False
pantry,Huy Fong,Sriracha Sauce,Huy FongSriracha Sauce740 ml,$6.49ea,,$0.91/ 100ml,False
pantry,No Name,Strawberry Jam With Pectin,No NameStrawberry Jam With Pectin500 ml,$4.29ea,,$0.86/ 100ml,False
pantry,No Name,Spanish Queen Olives,No NameSpanish Queen Olives375 ml,$2.29ea,$1.99ea,$0.53/ 100ml,True
pantry,No Name,100% Whole Grain Large Flake Oats,No Name100% Whole Grain Large Flake Oats1 kg,$3.99ea,,$0.40/ 100g,False
pantry,President's Choice,Baby Dill Pickles ,President's ChoiceBaby Dill Pickles 1 l,$5.99ea,,$0.60/ 100ml,False
pantry,VH,Sweet & Sour Dipping Sauce,VHSweet & Sour Dipping Sauce341 ml,$4.99ea,,$1.46/ 100ml,False
pantry,President's Choice,White Wine Vinegar,President's ChoiceWhite Wine Vinegar500 ml,$4.99ea,,$1.00/ 100ml,False
pantry,Lipton,Dry Soup Mix Chicken Noodle Nutri Soup low fat and no artificial flavours,LiptonDry Soup Mix Chicken Noodle Nutri Soup low fat and no artificial flavours912 g,$13.99ea,,$6.14/ 100g,False
pantry,President's Choice,Olives Stuffed With Red Peppers,President's ChoiceOlives Stuffed With Red Peppers375 ml,$6.99ea,,$1.86/ 100ml,False
pantry,No Name,100% Pure Corn Oil,No Name100% Pure Corn Oil3 l,$17.79ea,,$0.59/ 100ml,False
pantry,Jell-O,"Lime Jelly Powder Light, Gelatin Mix","Jell-OLime Jelly Powder Light, Gelatin Mix10.3 g",$1.49ea,,$14.47/ 100g,False
pantry,No Name,Chocolate Baking Crumbs,No NameChocolate Baking Crumbs400 g,$3.29ea,,$0.82/ 100g,False
pantry,No Name,Dehydrated Chopped Onion,No NameDehydrated Chopped Onion300 g,$6.99ea,,$2.33/ 100g,False
pantry,Dole,Crushed Pineapple in Pineapple Juice,DoleCrushed Pineapple in Pineapple Juice398 ml,$2.99ea,$2.49ea,$0.63/ 100ml,True
pantry,T&T,Buckwheat Soba Noodles ,T&TBuckwheat Soba Noodles 363 g,$2.29ea,,$0.63/ 100g,False
pantry,President's Choice,Tangy Seafood Sauce,President's ChoiceTangy Seafood Sauce250 ml,$2.79ea,,$1.12/ 100ml,False
pantry,Club House,Fries Seasoning Mix Loaded,Club HouseFries Seasoning Mix Loaded27 g,$2.49ea,,$9.22/ 100g,False
pantry,Bens,Chinese Style Fried Rice,BensChinese Style Fried Rice132 g,$2.99ea,,$2.27/ 100g,False
pantry,,2X Spicy Hot Chicken Flavor Ramen,2X Spicy Hot Chicken Flavor Ramen700 g,$7.99ea,,$1.14/ 100g,False
pantry,Frenchs,Classic Yellow Mustard,FrenchsClassic Yellow Mustard550 ml,$3.99ea,,$0.73/ 100ml,False
pantry,Kikkoman,Stir Fry Sauce,KikkomanStir Fry Sauce285 ml,$7.49ea,,$2.63/ 100ml,False
pantry,Kelloggs,Chocolate Almond Special Edition Cereal,KelloggsChocolate Almond Special Edition Cereal377 g,$6.49ea,,$1.72/ 100g,False
pantry,Kelloggs,Mini Wheat Frosted Cereal,KelloggsMini Wheat Frosted Cereal650 g,$5.99ea,,$0.92/ 100g,False
pantry,Swiss Chalet,Homestyle Gravy Mix Hot Chicken Sandwich,Swiss ChaletHomestyle Gravy Mix Hot Chicken Sandwich51 g,$2.99ea,,$5.86/ 100g,False
pantry,No Name,Semi-Sweet Chocolate Chips,No NameSemi-Sweet Chocolate Chips300 g,$3.99ea,,$1.33/ 100g,False
pantry,Arm & Hammer,Fridge-N-Freezer Baking Soda,Arm & HammerFridge-N-Freezer Baking Soda500 g,$2.49ea,,$0.50/ 100g,False
pantry,Dole,No Sugar Added Fruit Salad With Cherries,DoleNo Sugar Added Fruit Salad With Cherries540 ml,$4.49ea,,$0.83/ 100ml,False
pantry,President's Choice,100% Pure Maple Syrup,President's Choice100% Pure Maple Syrup200 ml,$5.49ea,,$2.75/ 100ml,False
pantry,No Name,Rich & Chunky Chicken Noodle Soup,No NameRich & Chunky Chicken Noodle Soup540 ml,$2.99ea,$2.59ea,$0.48/ 100ml,True
pantry,Robin Hood,Best For Bread Homestyle White Flour,Robin HoodBest For Bread Homestyle White Flour2.5 kg,$7.99ea,,$0.32/ 100g,False
pantry,Dole,Pineapple Chunks in Pineapple Juice,DolePineapple Chunks in Pineapple Juice398 ml,$2.99ea,$2.49ea,$0.63/ 100ml,True
pantry,No Name,Lemon Jelly Powder,No NameLemon Jelly Powder85 g,$1.29ea,,$1.52/ 100g,False
pantry,Diana,Sauce Western Smokehouse,DianaSauce Western Smokehouse500 ml,$4.49ea,,$0.90/ 100ml,False
pantry,Bens,Garden Vegetable Style Rice,BensGarden Vegetable Style Rice132 g,$2.99ea,,$2.27/ 100g,False
pantry,General Mills,Nesquik Cereal Jumbo,General MillsNesquik Cereal Jumbo900 g,$10.49ea,,$1.17/ 100g,False
pantry,VH,Stir-Fry Sauce -  Orange Ginger,VHStir-Fry Sauce -  Orange Ginger355 ml,$4.99ea,,$1.41/ 100ml,False
pantry,No Name,Yellow Mustard,No NameYellow Mustard400 ml,$2.49ea,,$0.62/ 100ml,False
pantry,President's Choice,Refrigerated Apple Cider Vinaigrette,President's ChoiceRefrigerated Apple Cider Vinaigrette350 ml,$4.99ea,,$1.43/ 100ml,False
pantry,David Rocco,Pasta Sauce Pomodoro & Basilico,David RoccoPasta Sauce Pomodoro & Basilico650 ml,$9.99ea,$8.99ea,$1.38/ 100ml,True
pantry,Jus' Better,Gummy Bears,Jus' BetterGummy Bears550 g,$4.99ea,,$0.91/ 100g,False
pantry,Kraft,Miracle Whip Original Spread,KraftMiracle Whip Original Spread475 ml,$5.79ea,,$1.22/ 100ml,False
pantry,President's Choice,Peach Chutney,President's ChoicePeach Chutney250 ml,$4.29ea,,$1.72/ 100ml,False
pantry,Basse,Bassé Peanut Lover's Mix,BasseBassé Peanut Lover's Mix600 g,$6.99ea,$6.49ea,$1.08/ 100g,True
pantry,Bens,Garlic & Butter Flavour Rice,BensGarlic & Butter Flavour Rice397 g,$5.49ea,,$1.38/ 100g,False
pantry,Stefano Faita,Tomato Sauce Meat Sauce,Stefano FaitaTomato Sauce Meat Sauce635 ml,$7.99ea,,$1.26/ 100ml,False
pantry,Heinz,Deep-Browned Beans with Pork & Molasses,HeinzDeep-Browned Beans with Pork & Molasses398 ml,$2.79ea,,$0.70/ 100ml,False
pantry,Kraft,Rancher's Choice Dressing,KraftRancher's Choice Dressing475 ml,$4.49ea,,$0.95/ 100ml,False
pantry,Knorr,Sidekicks Garlic Parmesan Rice & Vermicelli Side Dish ,KnorrSidekicks Garlic Parmesan Rice & Vermicelli Side Dish 147 g,$2.79ea,,$1.90/ 100g,False
pantry,Fry's Cocoa,Premium Cocoa,Fry's CocoaPremium Cocoa227 g,$5.49ea,,$2.42/ 100g,False
pantry,No Name,"Peanut Butter, Smooth Light","No NamePeanut Butter, Smooth Light500 g",$3.49ea,,$0.70/ 100g,False
pantry,Unico,"Olives, Medium, Ripe, Pitted","UnicoOlives, Medium, Ripe, Pitted375 ml",$3.69ea,,$0.98/ 100ml,False
pantry,VH,Stir-Fry Sauce -  Orange Ginger,VHStir-Fry Sauce -  Orange Ginger355 ml,$4.99ea,,$1.41/ 100ml,False
pantry,No Name,Yellow Mustard,No NameYellow Mustard400 ml,$2.49ea,,$0.62/ 100ml,False
pantry,Dole,Mandarin Oranges In Water,DoleMandarin Oranges In Water540 ml,$4.29ea,,$0.79/ 100ml,False
pantry,Primo,"Pasta Sauce, Thick & Zesty Original","PrimoPasta Sauce, Thick & Zesty Original680 ml",$5.49ea,,$0.81/ 100ml,False
pantry,Betty Crocker,Tuna Helper-Au Gratin - Pasta Kit,Betty CrockerTuna Helper-Au Gratin - Pasta Kit206 g,$3.19ea,,$1.55/ 100g,False
pantry,Kraft,Spread Hazelnut with Cocoa 45% Less Sugar ,KraftSpread Hazelnut with Cocoa 45% Less Sugar 725 g,$7.49ea,,$1.03/ 100g,False
pantry,Cake Mate,"Décors, Imitation Chocolate","Cake MateDécors, Imitation Chocolate113 g",$3.59ea,,$3.18/ 100g,False
pantry,Betty Crocker,Butter & Herb Mashed Potatoes ,Betty CrockerButter & Herb Mashed Potatoes 215 g,$2.99ea,,$1.39/ 100g,False
pantry,Dole,No Sugar Added Fruit Salad With Cherries,DoleNo Sugar Added Fruit Salad With Cherries540 ml,$4.49ea,,$0.83/ 100ml,False
pantry,President's Choice,100% Pure Maple Syrup,President's Choice100% Pure Maple Syrup200 ml,$5.49ea,,$2.75/ 100ml,False
pantry,No Name,Rich & Chunky Chicken Noodle Soup,No NameRich & Chunky Chicken Noodle Soup540 ml,$2.99ea,$2.59ea,$0.48/ 100ml,True
pantry,Robin Hood,Best For Bread Homestyle White Flour,Robin HoodBest For Bread Homestyle White Flour2.5 kg,$7.99ea,,$0.32/ 100g,False
pantry,Dole,Pineapple Chunks in Pineapple Juice,DolePineapple Chunks in Pineapple Juice398 ml,$2.99ea,$2.49ea,$0.63/ 100ml,True
pantry,No Name,Lemon Jelly Powder,No NameLemon Jelly Powder85 g,$1.29ea,,$1.52/ 100g,False
pantry,Diana,Sauce Western Smokehouse,DianaSauce Western Smokehouse500 ml,$4.49ea,,$0.90/ 100ml,False
pantry,No Name,Stuffed Manzanilla Olives With Pimento Paste,No NameStuffed Manzanilla Olives With Pimento Paste375 ml,$2.29ea,$1.99ea,$0.53/ 100ml,True
pantry,Quaker,Regular Family Size Instant Oatmeal,QuakerRegular Family Size Instant Oatmeal504 g,$7.99ea,,$1.59/ 100g,False
pantry,Jell-O,Fat Free Vanilla Instant Pudding Mix,Jell-OFat Free Vanilla Instant Pudding Mix30 g,$2.29ea,,$7.63/ 100g,False
pantry,VH,Soy Sauce Lite,VHSoy Sauce Lite380 ml,$4.99ea,,$1.31/ 100ml,False
pantry,President's Choice,Horseradish Dijon Mustard,President's ChoiceHorseradish Dijon Mustard325 ml,$3.29ea,,$1.01/ 100ml,False
pantry,Del Monte,Peach Slices in Fruit Juice From Concentrate,Del MontePeach Slices in Fruit Juice From Concentrate796 ml,$5.19ea,,$0.65/ 100ml,False
pantry,VH,Soya Sauce,VHSoya Sauce380 ml,$4.99ea,,$1.31/ 100ml,False
pantry,Club House,"Pork Gravy Mix, Gluten-Free","Club HousePork Gravy Mix, Gluten-Free24 g",$2.49ea,,$10.37/ 100g,False
pantry,PC Blue Menu,Black Beans,PC Blue MenuBlack Beans540 ml,$1.89ea,,$0.35/ 100ml,False
pantry,Kraft,Only Peanuts All Natural Smooth Peanut Butter,KraftOnly Peanuts All Natural Smooth Peanut Butter750 g,$7.49ea,,$1.00/ 100g,False
pantry,Dole,Fruit Cocktail With Extra Cherries In Water,DoleFruit Cocktail With Extra Cherries In Water540 ml,$4.29ea,,$0.79/ 100ml,False
pantry,Club House,Chicken Parmesan Seasoning Mix,Club HouseChicken Parmesan Seasoning Mix32 g,$2.49ea,,$7.78/ 100g,False
pantry,Cucina Antica,"Pasta Sauce, Garlic Marinara","Cucina AnticaPasta Sauce, Garlic Marinara670 ml",$10.99ea,,$1.64/ 100ml,False
pantry,Green Giant,"Corn Niblets, Whole Kernel","Green GiantCorn Niblets, Whole Kernel341 ml",$2.29ea,,$0.67/ 100ml,False
pantry,Swiss Chalet,Dipping Sauce Mix,Swiss ChaletDipping Sauce Mix36 g,$2.99ea,,$8.31/ 100g,False
pantry,No Name,Sliced Manzanilla Olives,No NameSliced Manzanilla Olives375 ml,$2.29ea,$1.99ea,$0.53/ 100ml,True
pantry,ED Smith,Cherry Pie Filling,ED SmithCherry Pie Filling540 ml,$7.49ea,,$1.39/ 100ml,False
pantry,Dr Oetker,"Shirriff Filling and Dessert Mix, Lemon Pie","Dr OetkerShirriff Filling and Dessert Mix, Lemon Pie425 g",$4.99ea,,$1.17/ 100g,False
pantry,President's Choice,Memories Of Montego Bay Hot Jerk Marinade,President's ChoiceMemories Of Montego Bay Hot Jerk Marinade350 ml,$4.99ea,,$1.43/ 100ml,False
pantry,President's Choice,Chocolate Hazelnut Spread,President's ChoiceChocolate Hazelnut Spread375 g,$3.79ea,,$1.01/ 100g,False
pantry,Unico,"Eggplants in Oil, Hot","UnicoEggplants in Oil, Hot375 ml",$5.49ea,,$1.46/ 100ml,False
pantry,President's Choice,Cranberry Orange Sauce,President's ChoiceCranberry Orange Sauce400 ml,$5.49ea,,$1.37/ 100ml,False
pantry,Hunt's,"Thick & Rich, Original Sauce","Hunt'sThick & Rich, Original Sauce680 ml",$3.19ea,,$0.47/ 100ml,False
pantry,Franks,Redhot Thick Sauce Garlic Parmesan,FranksRedhot Thick Sauce Garlic Parmesan354 ml,$5.29ea,,$1.49/ 100ml,False
pantry,Bertolli,Extra Light Taste Olive Oil,BertolliExtra Light Taste Olive Oil500 ml,$8.99ea,,$1.80/ 100ml,False
pantry,Tilda,"Steamed Basmati Rice, Wholegrain","TildaSteamed Basmati Rice, Wholegrain250 g",$3.89ea,,$1.56/ 100g,False
pantry,Wilton,Black Sparkle Gel,WiltonBlack Sparkle Gel99 g,$3.49ea,,$3.53/ 100g,False
pantry,Quaker,Quick Cook Steel Cut Oats,QuakerQuick Cook Steel Cut Oats709 g,$5.99ea,$4.00ea,$0.56/ 100g,True
pantry,Betty Crocker,Hamburger Helper Cheesy Shells,Betty CrockerHamburger Helper Cheesy Shells240 g,$3.19ea,,$1.33/ 100g,False
pantry,Club House,"Slow Cooker Mix, Beef Stew","Club HouseSlow Cooker Mix, Beef Stew42 g",$2.49ea,,$5.93/ 100g,False
pantry,Ocean Spray,"Cranberry Sauce, Jellied","Ocean SprayCranberry Sauce, Jellied348 ml",$3.49ea,,$1.00/ 100ml,False
pantry,Club House,One Step Seasonings Rotisserie Chicken,Club HouseOne Step Seasonings Rotisserie Chicken161 g,$7.49ea,,$4.65/ 100g,False
pantry,,Bbq Flavored  Toasted Corn,Bbq Flavored  Toasted Corn,$2.11/125 g,,$1.69/ 100g,False
pantry,President's Choice,Pure Raspberry Jam,President's ChoicePure Raspberry Jam500 ml,$5.49ea,,$1.10/ 100ml,False
pantry,President's Choice,Dry Roasted Cashews with Sea Salt,President's ChoiceDry Roasted Cashews with Sea Salt680 g,$13.99ea,,$2.06/ 100g,False
pantry,Knorr,"Dry Soup Mix, Or Flavour Boost Cream Of Broccoli","KnorrDry Soup Mix, Or Flavour Boost Cream Of Broccoli52 g",$2.39ea,,$4.60/ 100g,False
pantry,,Roasted Unsalted  Almonds,Roasted Unsalted  Almonds,$2.99/100 g,$2.89/100 g,$2.89/ 100g,True
pantry,Billy Bee,"Pure Natural Honey, Liquid White, Squeeze","Billy BeePure Natural Honey, Liquid White, Squeeze500 g",$11.49ea,,$2.30/ 100g,False
pantry,Lancia,Egg Noodles Broad,LanciaEgg Noodles Broad375 g,$3.79ea,,$1.01/ 100g,False
pantry,Natursource,Weekend Tamari Snack Mix   ,NatursourceWeekend Tamari Snack Mix   550 g,$16.99ea,,$3.09/ 100g,False
pantry,Basse,Bassé Mix Edamame Power,BasseBassé Mix Edamame Power440 g,$6.99ea,$6.49ea,$1.48/ 100g,True
pantry,President's Choice,Light Table Syrup,President's ChoiceLight Table Syrup750 ml,$5.49ea,,$0.73/ 100ml,False
pantry,Natursource,Crunchy Coconut,NatursourceCrunchy Coconut500 g,$16.99ea,,$3.40/ 100g,False
pantry,Kelloggs,Crispix Cereal,KelloggsCrispix Cereal350 g,$5.99ea,,$1.71/ 100g,False
pantry,Kraft,BBQ Sauce with Garlic,KraftBBQ Sauce with Garlic455 ml,$3.79ea,,$0.83/ 100ml,False
pantry,Heinz,Original Beans in Tomato Sauce,HeinzOriginal Beans in Tomato Sauce398 ml,$2.79ea,,$0.70/ 100ml,False
pantry,President's Choice,100% Pure Maple Syrup (Dark),President's Choice100% Pure Maple Syrup (Dark)375 ml,$11.99ea,$7.99ea,$2.13/ 100ml,True
pantry,Maple Leaf,Vienna Sausage by Maple Leaf,Maple LeafVienna Sausage by Maple Leaf113 g,$2.59ea,,$2.29/ 100g,False
pantry,General Mills,Cheerios Oat Crunch Cinnamon Cereal,General MillsCheerios Oat Crunch Cinnamon Cereal516 g,$5.99ea,,$1.16/ 100g,False
pantry,No Name,Clingstone Peach Halves in Juice from Concentrate,No NameClingstone Peach Halves in Juice from Concentrate796 ml,$4.29ea,,$0.54/ 100ml,False
pantry,Tim Hortons,Cream of Broccoli Soup,Tim HortonsCream of Broccoli Soup540 ml,$4.59ea,,$0.85/ 100ml,False
pantry,Post,With Almonds Cereal,PostWith Almonds Cereal340 g,$5.49ea,,$1.61/ 100g,False
pantry,Clover Leaf,Wild Pacific Pink Salmon,Clover LeafWild Pacific Pink Salmon213 g,$4.79ea,,$2.25/ 100g,False
pantry,Stock and Barrel,"Cranberries, Dried","Stock and BarrelCranberries, Dried350 g",$8.99ea,,$2.57/ 100g,False
pantry,President's Choice,Asian Sesame Dressing,President's ChoiceAsian Sesame Dressing475 ml,$3.99ea,,$0.84/ 100ml,False
pantry,Old El Paso,Fajita Seasoning,Old El PasoFajita Seasoning24 g,$1.99ea,,$8.29/ 100g,False
pantry,Chef Boyardee,Beefaroni,Chef BoyardeeBeefaroni425 g,$2.49ea,,$0.59/ 100g,False
pantry,,Seasoning Steak,Seasoning Steak170 g,$7.99ea,,$4.70/ 100g,False
pantry,President's Choice,Caesar Dressing,President's ChoiceCaesar Dressing475 ml,$3.99ea,,$0.84/ 100ml,False
pantry,La Dee Da,Sweet Potato Minestrone,La Dee DaSweet Potato Minestrone475 ml,$6.99ea,,$1.47/ 100ml,False
pantry,Jus' Better,Sour Coated Berries,Jus' BetterSour Coated Berries650 g,$4.99ea,,$0.77/ 100g,False
pantry,Campbell's,No Salt Added Chicken Broth,Campbell'sNo Salt Added Chicken Broth900 ml,$3.49ea,,$0.39/ 100ml,False
pantry,,Roasted Salted  Deluxe Mixed Nuts  40% Cashews,Roasted Salted  Deluxe Mixed Nuts  40% Cashews,$3.89/100 g,,$3.89/ 100g,False
pantry,Natursource,So Smart,NatursourceSo Smart550 g,$16.99ea,,$3.09/ 100g,False
pantry,No Name,Beef Flavour Instant Noodle Soup,No NameBeef Flavour Instant Noodle Soup85 g,$0.59ea,,$0.69/ 100g,False
pantry,Lepoque,Pure Maple Syrup,LepoquePure Maple Syrup540 ml,$12.99ea,,$2.41/ 100ml,False
pantry,No Name,Dehydrated Minced Onion,No NameDehydrated Minced Onion105 g,$3.99ea,,$3.80/ 100g,False
pantry,No Yolks,Extra Broad Cholesterol-Free Egg White Noodles,No YolksExtra Broad Cholesterol-Free Egg White Noodles340 g,$2.79ea,,$0.82/ 100g,False
pantry,Knorr,Stock Mix Vegetable,KnorrStock Mix Vegetable150 g,$4.99ea,$4.79ea,$3.19/ 100g,True
pantry,Renees,Mighty Caesar Salad Dressing,ReneesMighty Caesar Salad Dressing750 ml,$8.99ea,,$1.20/ 100ml,False
pantry,Dececco,Pasta Farfalline No. 95,DececcoPasta Farfalline No. 95454 g,$3.49ea,,$0.77/ 100g,False
pantry,Club House,La Grille Montreal Chicken Wet Rub,Club HouseLa Grille Montreal Chicken Wet Rub200 ml,$7.49ea,,$3.75/ 100ml,False
pantry,,Raw  Walnut Crumbs,Raw  Walnut Crumbs,$2.99/100 g,,$2.99/ 100g,False
pantry,,Roasted Unsalted  Sunflower Kernels,Roasted Unsalted  Sunflower Kernels,$1.29/100 g,,$1.29/ 100g,False
pantry,Quaker,Harvest Crunch Apple Crumble Granola Cereal,QuakerHarvest Crunch Apple Crumble Granola Cereal470 g,$6.49ea,,$1.38/ 100g,False
pantry,,Raw  Cashews,Raw  Cashews,$3.49/100 g,,$3.49/ 100g,False
pantry,President's Choice,Ramen Broth,President's ChoiceRamen Broth900 ml,$2.39ea,,$0.27/ 100ml,False
pantry,General Mills,Reese Puffs Cereal,General MillsReese Puffs Cereal601 g,$5.99ea,,$1.00/ 100g,False
pantry,President's Choice,Mediterranean Sea Salts,President's ChoiceMediterranean Sea Salts360 g,$9.99ea,,$2.78/ 100g,False
pantry,Club House,"Signature Blends, Salt Free Garlic","Club HouseSignature Blends, Salt Free Garlic142 g",$7.49ea,,$5.27/ 100g,False
pantry,Flourish,Pancake & Waffle Mix Blueberry Keto,FlourishPancake & Waffle Mix Blueberry Keto283 g,$12.99ea,,$4.59/ 100g,False
pantry,Old El Paso,Chili Seasoning Mix,Old El PasoChili Seasoning Mix24 g,$1.99ea,,$8.29/ 100g,False
pantry,La Costena,Green Mexican Sauce,La CostenaGreen Mexican Sauce455 ml,$4.39ea,,$0.96/ 100ml,False
pantry,,Dark Chocolate  Yummies,Dark Chocolate  Yummies,$1.99/100 g,,$1.99/ 100g,False
pantry,Old El Paso,Tacos For 2 - Soft Taco Kit,Old El PasoTacos For 2 - Soft Taco Kit155 g,$3.99ea,,$2.57/ 100g,False
pantry,Mott's,"Fruitsations Apple Sauce, Original","Mott'sFruitsations Apple Sauce, Original620 ml",$3.49ea,,$0.56/ 100ml,False
pantry,President's Choice,Ground Ginger,President's ChoiceGround Ginger37 g,$6.49ea,,$17.54/ 100g,False
pantry,Dececco,Pasta Orecchiette No. 91,DececcoPasta Orecchiette No. 91454 g,$3.49ea,,$0.77/ 100g,False
pantry,McCormicks,"Cooking Stock, Beef","McCormicksCooking Stock, Beef946 ml",$4.29ea,,$0.45/ 100ml,False
pantry,Club House,"Signature Blends, Parmesan & Herbs","Club HouseSignature Blends, Parmesan & Herbs135 g",$7.49ea,,$5.55/ 100g,False
pantry,Mr Noodles,Instant Noodles Oriental Flavour,Mr NoodlesInstant Noodles Oriental Flavour85 g,$0.79ea,,$0.93/ 100g,False
pantry,President's Choice,Smoked Paprika,President's ChoiceSmoked Paprika41 g,$6.49ea,,$15.83/ 100g,False
pantry,Knorr,Bouillon Cubes for Rich Deep Chicken Flavour Chicken,KnorrBouillon Cubes for Rich Deep Chicken Flavour Chicken69 g,$3.29ea,$3.09ea,$4.48/ 100g,True
pantry,Club House,"La Grille, No Salt Added Steak Spice Seasoning","Club HouseLa Grille, No Salt Added Steak Spice Seasoning130 g",$7.49ea,,$5.76/ 100g,False
pantry,Jell-O,"Raspberry Jelly Powder Light, Gelatin Mix","Jell-ORaspberry Jelly Powder Light, Gelatin Mix10 g",$1.49ea,,$14.90/ 100g,False
pantry,Flourish,Protein Pancake & Waffle Mix Chocolate,FlourishProtein Pancake & Waffle Mix Chocolate430 g,$9.49ea,,$2.21/ 100g,False
pantry,Robin Hood,Original All Purpose Flour,Robin HoodOriginal All Purpose Flour10 kg,$21.99ea,,$0.22/ 100g,False
pantry,Unico,"Sauce, Passata Cucina Fresca","UnicoSauce, Passata Cucina Fresca680 ml",$3.99ea,,$0.59/ 100ml,False
pantry,Brunswick,"Seafood Snacks, Golden Smoked","BrunswickSeafood Snacks, Golden Smoked92 g",$2.29ea,,$2.49/ 100g,False
pantry,Jell-O,"Berry Blue Jelly Powder, Gelatin Mix","Jell-OBerry Blue Jelly Powder, Gelatin Mix85 g",$1.49ea,,$1.75/ 100g,False
pantry,Knorr,Concentrated Bouillon Vegetable No Preservatives,KnorrConcentrated Bouillon Vegetable No Preservatives250 ml,$7.79ea,,$3.12/ 100ml,False
pantry,PC Black Label,Fiorelli,PC Black LabelFiorelli500 g,$4.99ea,,$1.00/ 100g,False
pantry,Rogers,Demerara Brown Sugar,RogersDemerara Brown Sugar1 kg,$3.99ea,,$0.40/ 100g,False
pantry,Club House,"Signature Blends, Lemon and Herbs","Club HouseSignature Blends, Lemon and Herbs134 g",$7.49ea,,$5.59/ 100g,False
pantry,No Name,Spaghettini Pasta,No NameSpaghettini Pasta900 g,$2.49ea,,$0.28/ 100g,False
pantry,Catelli,"Gluten Free, Fusilli Pasta","CatelliGluten Free, Fusilli Pasta340 g",$3.79ea,,$1.11/ 100g,False
pantry,,Raw  Pumpkin Kernels,Raw  Pumpkin Kernels,$2.49/100 g,,$2.49/ 100g,False
pantry,President's Choice,Rainbow Peppercorn Blend,President's ChoiceRainbow Peppercorn Blend45 g,$5.99ea,,$13.31/ 100g,False
pantry,Mutti,Tomato & Basil    ,MuttiTomato & Basil    688 ml,$4.29ea,,$0.63/ 100ml,False
pantry,PC Black Label,Linguine,PC Black LabelLinguine500 g,$4.99ea,,$1.00/ 100g,False
pantry,Campbell's,Concentrated Beef Broth,Campbell'sConcentrated Beef Broth250 ml,$3.49ea,,$1.40/ 100ml,False
pantry,PC Blue Menu,Whole Grain Spaghetti Pasta,PC Blue MenuWhole Grain Spaghetti Pasta375 g,$3.79ea,$2.29ea,$0.61/ 100g,True
pantry,Stock and Barrel,"Roasted Cashews, Salted    ","Stock and BarrelRoasted Cashews, Salted    350 g",$13.99ea,,$4.00/ 100g,False
pantry,President's Choice,Taco Seasoning Mix,President's ChoiceTaco Seasoning Mix24 g,$1.39ea,,$5.79/ 100g,False
pantry,Mrs Dash,Seasoning Blend Table Blend,Mrs DashSeasoning Blend Table Blend70 g,$5.99ea,,$8.56/ 100g,False
pantry,President's Choice,Taco Seasoning Mix,President's ChoiceTaco Seasoning Mix24 g,$1.39ea,,$5.79/ 100g,False
pantry,Mrs Dash,Seasoning Blend Table Blend,Mrs DashSeasoning Blend Table Blend70 g,$5.99ea,,$8.56/ 100g,False
pantry,Campbell's,Herbed Chicken & Spices Rich & Thick Stock,Campbell'sHerbed Chicken & Spices Rich & Thick Stock500 ml,$4.59ea,,$0.92/ 100ml,False
pantry,No Name,Soup Mix Chicken Noodle,No NameSoup Mix Chicken Noodle4x83.0 g,$2.59ea,$1.79ea,$0.54/ 100g,True
pantry,PC Blue Menu,Cereal Original Muesli,PC Blue MenuCereal Original Muesli450 g,$3.99ea,$3.79ea,$0.84/ 100g,True
pantry,Mr Noodles,Instant Noodles Spicy Chicken Simulated Flavour,Mr NoodlesInstant Noodles Spicy Chicken Simulated Flavour85 g,$0.79ea,,$0.93/ 100g,False
pantry,PC Black Label,"Fruit Spread, British Columbia Strawberry","PC Black LabelFruit Spread, British Columbia Strawberry370 ml",$7.49ea,,$2.02/ 100ml,False
pantry,General Mills,"Cheerios Cereal, Jumbo","General MillsCheerios Cereal, Jumbo1000 g",$10.49ea,,$1.05/ 100g,False
pantry,No Name,Dill Pickles With Garlic,No NameDill Pickles With Garlic1 l,$5.49ea,,$0.55/ 100ml,False
pantry,Knorr,"Concentrated Bouillon, Rich Flavour Chicken Made with Natural Stock","KnorrConcentrated Bouillon, Rich Flavour Chicken Made with Natural Stock250 ml",$7.79ea,,$3.12/ 100ml,False
pantry,Club House,"La Grille, Spicy Pepper Medley","Club HouseLa Grille, Spicy Pepper Medley150 g",$7.49ea,,$4.99/ 100g,False
pantry,Knorr,Sidekicks Side Dishes Rice Country Mushroom,KnorrSidekicks Side Dishes Rice Country Mushroom132 g,$2.79ea,,$2.11/ 100g,False
pantry,No Name,Clingstone Peach Slices in Juice From Concentrate,No NameClingstone Peach Slices in Juice From Concentrate398 ml,$2.79ea,,$0.70/ 100ml,False
pantry,PC Black Label,Pure Maple Syrup,PC Black LabelPure Maple Syrup250 ml,$7.49ea,,$3.00/ 100ml,False
pantry,Baxters,"Canned Soup, Butternut Squash & Red Pepper Soup","BaxtersCanned Soup, Butternut Squash & Red Pepper Soup540 ml",$3.99ea,,$0.74/ 100ml,False
pantry,Catelli,"Tricolour, Fusilli Pasta","CatelliTricolour, Fusilli Pasta375 g",$3.29ea,,$0.88/ 100g,False
pantry,President's Choice,Plant Based Ranch Dressing,President's ChoicePlant Based Ranch Dressing237 ml,$4.99ea,,$2.11/ 100ml,False
pantry,Rio Mare,Mexican Style Light Tuna Salad ,Rio MareMexican Style Light Tuna Salad 160 g,$4.99ea,,$3.12/ 100g,False
pantry,,Praline  Peanut,Praline  Peanut,$1.29/100 g,,$1.29/ 100g,False
pantry,President's Choice,Rosemary Leaves,President's ChoiceRosemary Leaves23 g,$6.49ea,,$28.22/ 100g,False
pantry,Delverde,Penne Ziti Rigate,DelverdePenne Ziti Rigate450 g,$4.49ea,,$1.00/ 100g,False
pantry,Molisana,Capellini,MolisanaCapellini450 g,$3.29ea,,$0.73/ 100g,False
pantry,PC Blue Menu,Caesar Salad Dressing,PC Blue MenuCaesar Salad Dressing355 ml,$4.99ea,,$1.41/ 100ml,False
pantry,Betty Crocker,Bisquick Original Pancake And Baking Mix,Betty CrockerBisquick Original Pancake And Baking Mix1 kg,$4.99ea,,$0.50/ 100g,False
pantry,President's Choice,Memories Of Sicilia Coarse Sea Salts,President's ChoiceMemories Of Sicilia Coarse Sea Salts750 g,$5.99ea,,$0.80/ 100g,False
pantry,McCormicks,"Kitchen Basics Cooking Stock, Chicken","McCormicksKitchen Basics Cooking Stock, Chicken946 ml",$4.29ea,,$0.45/ 100ml,False
pantry,Strubs,Full Sour Kosher Dill Pickles,StrubsFull Sour Kosher Dill Pickles1 l,$8.79ea,,$0.88/ 100ml,False
pantry,Vlasic,"Kosher Dill Pickles, Whole","VlasicKosher Dill Pickles, Whole1 l",$6.49ea,,$0.65/ 100ml,False
pantry,Club House,Cayenne Pepper,Club HouseCayenne Pepper81 g,$9.29ea,,$11.47/ 100g,False
pantry,,Sweet  Peach Slices,Sweet  Peach Slices,$1.19/100 g,,$1.19/ 100g,False
pantry,Aurora,"Egg Pasta, Pappardelle","AuroraEgg Pasta, Pappardelle250 g",$3.49ea,,$1.40/ 100g,False
pantry,Catelli,"Gluten Free, Macaroni Pasta","CatelliGluten Free, Macaroni Pasta340 g",$3.79ea,,$1.11/ 100g,False
pantry,No Name,Onion Salt,No NameOnion Salt200 g,$3.99ea,,$2.00/ 100g,False
pantry,PC Blue Menu,Sun-Dried Tomato & Herb Seasoning Blend,PC Blue MenuSun-Dried Tomato & Herb Seasoning Blend85 g,$6.49ea,,$7.64/ 100g,False
pantry,Dececco,Pasta Rigatoni No. 24,DececcoPasta Rigatoni No. 24450 g,$3.49ea,,$0.77/ 100g,False
pantry,Campbell's,30% Less Sodium Roasted Garlic Chicken Broth,Campbell's30% Less Sodium Roasted Garlic Chicken Broth900 ml,$3.49ea,,$0.39/ 100ml,False
pantry,Swiss Chalet,Chicken Noodle  Soup,Swiss ChaletChicken Noodle  Soup540 ml,$4.29ea,,$0.79/ 100ml,False
pantry,Club House,All Purpose Seasoning Everything Bagel,Club HouseAll Purpose Seasoning Everything Bagel141 g,$7.49ea,,$5.31/ 100g,False
pantry,GoldSeal,Salmon Sockeye,GoldSealSalmon Sockeye213 g,$6.49ea,,$3.05/ 100g,False
pantry,Club House,"La Grille, Montreal Chicken Seasoning","Club HouseLa Grille, Montreal Chicken Seasoning170 g",$7.49ea,,$4.41/ 100g,False
pantry,President's Choice,Plant Based Beefless Broth,President's ChoicePlant Based Beefless Broth1 l,$2.99ea,,$0.30/ 100ml,False
pantry,President's Choice,Blue Cheese Dressing,President's ChoiceBlue Cheese Dressing355 ml,$4.99ea,,$1.41/ 100ml,False
pantry,Clover Leaf,"Tuna Salad Kit, Lemon & Pepper","Clover LeafTuna Salad Kit, Lemon & Pepper90 g",$2.79ea,,$3.10/ 100g,False
pantry,PC Black Label,Bacon Marmalade Spread,PC Black LabelBacon Marmalade Spread370 ml,$7.49ea,,$2.02/ 100ml,False
pantry,PC Blue Menu,100% Whole Grain Whole Wheat Penne Rigate,PC Blue Menu100% Whole Grain Whole Wheat Penne Rigate375 g,$3.79ea,$2.29ea,$0.61/ 100g,True
pantry,Clover Leaf,Sockeye Salmon Wild Red Pacific,Clover LeafSockeye Salmon Wild Red Pacific142 g,$5.99ea,,$4.22/ 100g,False
pantry,Natursource,Maple Almonds     ,NatursourceMaple Almonds     600 g,$16.99ea,,$2.83/ 100g,False
pantry,Splenda,Keto Sweetener,SplendaKeto Sweetener540 g,$12.99ea,,$2.41/ 100g,False
pantry,President's Choice,Texas Caviar Mild Bean Salsa,President's ChoiceTexas Caviar Mild Bean Salsa300 ml,$4.49ea,,$1.50/ 100ml,False
pantry,No Name,Freeze-Dried Chives,No NameFreeze-Dried Chives5.5 g,$3.99ea,,$72.55/ 100g,False
pantry,Campbell's,Cream of Mushroom Ready to Serve Soup,Campbell'sCream of Mushroom Ready to Serve Soup515 ml,$3.59ea,,$0.70/ 100ml,False
pantry,Delverde,Tagliatelle Nests,DelverdeTagliatelle Nests250 g,$4.49ea,,$1.80/ 100g,False
pantry,VH,Plum Dipping Sauce,VHPlum Dipping Sauce341 ml,$4.99ea,,$1.46/ 100ml,False
pantry,,Unsalted  Sierra  Trail Mix,Unsalted  Sierra  Trail Mix,$1.59/100 g,,$1.59/ 100g,False
pantry,Hellmanns,"Vegan Dressing & Sandwich Spread Squeezable Bottle certified vegan, gluten-free and non-GMO ingredients","HellmannsVegan Dressing & Sandwich Spread Squeezable Bottle certified vegan, gluten-free and non-GMO ingredients340 ml",$6.49ea,,$1.91/ 100ml,False
pantry,No Name,Southern Fried-Style Coating Mix ,No NameSouthern Fried-Style Coating Mix 142 g,$2.49ea,,$1.75/ 100g,False
pantry,Habitant,Traditional Minestrone Soup,HabitantTraditional Minestrone Soup796 ml,$3.69ea,,$0.46/ 100ml,False
pantry,Renees,Greek Feta Dressing,ReneesGreek Feta Dressing355 ml,$6.49ea,,$1.83/ 100ml,False
pantry,Campbell's,Light Tomato Condensed Soup,Campbell'sLight Tomato Condensed Soup284 ml,$2.99ea,,$1.05/ 100ml,False
pantry,Windsor,Salt Free Salt Substitute,WindsorSalt Free Salt Substitute311 g,$7.49ea,,$2.41/ 100g,False
pantry,Lantic,Granulated Sugar,LanticGranulated Sugar2 kg,$3.49ea,,$0.17/ 100g,False
pantry,,Roasted Unsalted  Deluxe Mixed Nuts  40% Cashews,Roasted Unsalted  Deluxe Mixed Nuts  40% Cashews,$3.89/100 g,,$3.89/ 100g,False
pantry,Clover Leaf,"Crabmeat, Chunk","Clover LeafCrabmeat, Chunk120 g",$9.49ea,,$7.91/ 100g,False
pantry,Old El Paso,"Taco Seasoning, Hot N Spicy","Old El PasoTaco Seasoning, Hot N Spicy24 g",$1.99ea,,$8.29/ 100g,False
pantry,No Name,Condensed Chicken Noodle Soup,No NameCondensed Chicken Noodle Soup284 ml,$1.19ea,,$0.42/ 100ml,False
pantry,Blue Dragon,Rice Noodles,Blue DragonRice Noodles300 g,$4.19ea,,$1.40/ 100g,False
pantry,KODIAK CAKES,"Power Cakes Flapjack & Waffle Mix, Buttermilk","KODIAK CAKESPower Cakes Flapjack & Waffle Mix, Buttermilk567 g",$6.99ea,,$1.23/ 100g,False
pantry,Mutti,Pizza Sauce,MuttiPizza Sauce398 ml,$3.99ea,,$1.00/ 100ml,False
pantry,Natursource,Worcestershire Almonds,NatursourceWorcestershire Almonds500 g,$16.99ea,,$3.40/ 100g,False
pantry,Rogers,Plantation Raw Brown Sugar Cubes,RogersPlantation Raw Brown Sugar Cubes500 g,$4.79ea,,$0.96/ 100g,False
pantry,Betty Crocker,Bisquick Gluten Free Variety Baking Mix,Betty CrockerBisquick Gluten Free Variety Baking Mix454 g,$7.49ea,,$1.65/ 100g,False
pantry,President's Choice,Chunk Crabmeat,President's ChoiceChunk Crabmeat120 g,$7.29ea,,$6.08/ 100g,False
pantry,Catelli,"Gluten Free, Spaghetti Pasta","CatelliGluten Free, Spaghetti Pasta340 g",$3.79ea,,$1.11/ 100g,False
pantry,Splenda,Sugar Packets      ,SplendaSugar Packets      200 g,$12.99ea,,$6.50/ 100g,False
pantry,Catelli,"Smart Veggie, Spaghetti Pasta","CatelliSmart Veggie, Spaghetti Pasta340 g",$3.29ea,,$0.97/ 100g,False
pantry,Catelli,"Whole Grains, Rotini Pasta","CatelliWhole Grains, Rotini Pasta375 g",$3.29ea,,$0.88/ 100g,False
pantry,Tostitos,Dip - Spinach 432g,TostitosDip - Spinach 432g432 g,$6.49ea,,$1.50/ 100g,False
pantry,PC Blue Menu,Fajita Seasoning Mix ,PC Blue MenuFajita Seasoning Mix 24 g,$1.39ea,,$5.79/ 100g,False
pantry,Stagg,Dynamite Hot Chili With Beans,StaggDynamite Hot Chili With Beans425 g,$4.29ea,,$1.01/ 100g,False
pantry,Campbell's,Franco American Chicken Gravy,Campbell'sFranco American Chicken Gravy284 ml,$2.29ea,,$0.81/ 100ml,False
pantry,Knorr,Soup Mix Onion,KnorrSoup Mix Onion55 g,$2.39ea,,$4.35/ 100g,False
pantry,Tostitos,Salsa - Roasted Garlic 423ml,TostitosSalsa - Roasted Garlic 423ml423 ml,$5.79ea,,$1.37/ 100ml,False
pantry,Catelli,"Smart, Spaghetti Pasta","CatelliSmart, Spaghetti Pasta375 g",$3.29ea,,$0.88/ 100g,False
pantry,Post,Tim Hortons Naturally Flavoured Cereal Apple Fritter,PostTim Hortons Naturally Flavoured Cereal Apple Fritter354 g,$5.49ea,,$1.55/ 100g,False
pantry,Knorr,Soup Mix Vegetable,KnorrSoup Mix Vegetable40 g,$2.39ea,,$5.98/ 100g,False
pantry,,Raw  Pistachio Kernels,Raw  Pistachio Kernels,$3.35/50 g,,$6.69/ 100g,False
pantry,Club House,"Salad N Dip Dressing Mix, Ranch Style","Club HouseSalad N Dip Dressing Mix, Ranch Style28 g",$1.99ea,,$7.11/ 100g,False
pantry,Ocean Spray,"Cranberry Sauce, Jellied","Ocean SprayCranberry Sauce, Jellied348 ml",$3.49ea,,$1.00/ 100ml,False
pantry,Club House,One Step Seasonings Rotisserie Chicken,Club HouseOne Step Seasonings Rotisserie Chicken161 g,$7.49ea,,$4.65/ 100g,False
pantry,,Bbq Flavored  Toasted Corn,Bbq Flavored  Toasted Corn,$2.11/125 g,,$1.69/ 100g,False
pantry,President's Choice,Pure Raspberry Jam,President's ChoicePure Raspberry Jam500 ml,$5.49ea,,$1.10/ 100ml,False
pantry,President's Choice,Dry Roasted Cashews with Sea Salt,President's ChoiceDry Roasted Cashews with Sea Salt680 g,$13.99ea,,$2.06/ 100g,False
pantry,Knorr,"Dry Soup Mix, Or Flavour Boost Cream Of Broccoli","KnorrDry Soup Mix, Or Flavour Boost Cream Of Broccoli52 g",$2.39ea,,$4.60/ 100g,False
pantry,,Roasted Unsalted  Almonds,Roasted Unsalted  Almonds,$2.99/100 g,$2.89/100 g,$2.89/ 100g,True
pantry,Billy Bee,"Pure Natural Honey, Liquid White, Squeeze","Billy BeePure Natural Honey, Liquid White, Squeeze500 g",$11.49ea,,$2.30/ 100g,False
pantry,Lancia,Egg Noodles Broad,LanciaEgg Noodles Broad375 g,$3.79ea,,$1.01/ 100g,False
pantry,La Dee Da,Cauliflower Garlic Ginger Soup,La Dee DaCauliflower Garlic Ginger Soup475 ml,$6.99ea,,$1.47/ 100ml,False
pantry,Clover Leaf,Solid White Tuna Albacore in Water,Clover LeafSolid White Tuna Albacore in Water170 g,$3.49ea,,$2.05/ 100g,False
pantry,Kelloggs,Froot Loops Cereal,KelloggsFroot Loops Cereal345 g,$5.99ea,,$1.74/ 100g,False
pantry,Renees,Italian Spring Herb Vinaigrette Salad Dressing,ReneesItalian Spring Herb Vinaigrette Salad Dressing350 ml,$6.49ea,,$1.85/ 100ml,False
pantry,Campbell's,Herbed Chicken with Rice Ready to Serve Soup,Campbell'sHerbed Chicken with Rice Ready to Serve Soup515 ml,$3.59ea,,$0.70/ 100ml,False
pantry,Aurora,Tomato Puree,AuroraTomato Puree660 ml,$2.59ea,,$0.39/ 100ml,False
pantry,No Name,Condensed Tomato Soup,No NameCondensed Tomato Soup284 ml,$1.19ea,,$0.42/ 100ml,False
pantry,No Name,Crushed Red Pepper,No NameCrushed Red Pepper350 g,$7.99ea,,$2.28/ 100g,False
pantry,Wright's,Liquid Smoke Concentrated Seasoning Hickory Slow Smoked Flavour ,Wright'sLiquid Smoke Concentrated Seasoning Hickory Slow Smoked Flavour 103 ml,$2.99ea,,$2.90/ 100ml,False
pantry,No Name,Fruit Cocktail in Mixed Fruit Juice from Concentrate,No NameFruit Cocktail in Mixed Fruit Juice from Concentrate796 ml,$4.29ea,,$0.54/ 100ml,False
pantry,Club House,La Grille All Purpose Seasoning Cracked Pepper & Garlic With Sea Salt,Club HouseLa Grille All Purpose Seasoning Cracked Pepper & Garlic With Sea Salt171 g,$7.49ea,,$4.38/ 100g,False
pantry,Campbell's,"Cream of Mushroom Soup, Less Salt","Campbell'sCream of Mushroom Soup, Less Salt284 ml",$2.99ea,,$1.05/ 100ml,False
pantry,Club House,"La Grille Wet Rubs, Montréal Steak Spice","Club HouseLa Grille Wet Rubs, Montréal Steak Spice200 ml",$7.49ea,,$3.75/ 100ml,False
pantry,Knorr,Noodles Side Dish quick and easy to prepare Honey Garlic ,KnorrNoodles Side Dish quick and easy to prepare Honey Garlic 162 g,$2.79ea,,$1.72/ 100g,False
pantry,,Raw  Pecan Halves,Raw  Pecan Halves,$4.59/100 g,,$4.59/ 100g,False
pantry,Knorr,Pasta Side Dish that's easy to prepare Creamy Chicken Fusilli ,KnorrPasta Side Dish that's easy to prepare Creamy Chicken Fusilli 133 g,$2.79ea,,$2.10/ 100g,False
pantry,Lipton,"Classic Chicken Noodle Dry Soup Mix  Soup, Low Fat & No Artificial Flavours","LiptonClassic Chicken Noodle Dry Soup Mix  Soup, Low Fat & No Artificial Flavours338 g",$3.99ea,,$1.18/ 100g,False
pantry,President's Choice,Balsamic Dressing,President's ChoiceBalsamic Dressing475 ml,$3.99ea,,$0.84/ 100ml,False
pantry,Catelli,Tri-Colour Rotini Pasta,CatelliTri-Colour Rotini Pasta375 g,$3.29ea,,$0.88/ 100g,False
pantry,The Keg,Steak Seasoning,The KegSteak Seasoning180 g,$5.49ea,,$3.05/ 100g,False
pantry,Knorr,Soup Mix Vegetable,KnorrSoup Mix Vegetable40 g,$2.39ea,,$5.98/ 100g,False
pantry,,Raw  Pistachio Kernels,Raw  Pistachio Kernels,$3.35/50 g,,$6.69/ 100g,False
pantry,Club House,"Salad N Dip Dressing Mix, Ranch Style","Club HouseSalad N Dip Dressing Mix, Ranch Style28 g",$1.99ea,,$7.11/ 100g,False
pantry,Bush's Best,Baked Beans - Maple ,Bush's BestBaked Beans - Maple 398 ml,$2.99ea,$2.69ea,$0.68/ 100ml,True
pantry,Heinz,Chili Style Pinto & Red Kidney Beans,HeinzChili Style Pinto & Red Kidney Beans398 ml,$2.79ea,,$0.70/ 100ml,False
pantry,PC Blue Menu,Lemon Poppy Seed Dressing,PC Blue MenuLemon Poppy Seed Dressing475 ml,$3.99ea,,$0.84/ 100ml,False
pantry,Robin Hood,Original All Purpose Flour,Robin HoodOriginal All Purpose Flour2.5 kg,$7.99ea,,$0.32/ 100g,False
pantry,Ruffles,Ranch Flavoured Dip,RufflesRanch Flavoured Dip425 g,$5.79ea,,$1.36/ 100g,False
pantry,No Name,Small Shells Pasta,No NameSmall Shells Pasta900 g,$2.49ea,,$0.28/ 100g,False
pantry,Bens,Long Grain & Wild Rice Fine Herbs,BensLong Grain & Wild Rice Fine Herbs250 g,$3.99ea,,$1.60/ 100g,False
pantry,Bens,Fried Style Rice,BensFried Style Rice250 g,$3.99ea,,$1.60/ 100g,False
pantry,Bens,Butter & Garlic Flavour,BensButter & Garlic Flavour250 g,$3.99ea,,$1.60/ 100g,False
pantry,Italpasta,Spaghettini,ItalpastaSpaghettini900 g,$3.79ea,,$0.42/ 100g,False
pantry,Prego,"Pasta Sauce, Original","PregoPasta Sauce, Original645 ml",$4.49ea,,$0.70/ 100ml,False
pantry,Italpasta,Fusilli,ItalpastaFusilli900 g,$3.79ea,,$0.42/ 100g,False
pantry,Bens,Vegetable Medley Rice,BensVegetable Medley Rice250 g,$3.99ea,,$1.60/ 100g,False
pantry,Bens,Creamy Cheddar Cheese Flavour,BensCreamy Cheddar Cheese Flavour240 g,$3.99ea,,$1.66/ 100g,False
pantry,President's Choice,Mint Sauce,President's ChoiceMint Sauce250 ml,$6.49ea,,$2.60/ 100ml,False
pantry,Spam,Classic Fully Cooked Luncheon Meat,SpamClassic Fully Cooked Luncheon Meat340 g,$5.49ea,$5.29ea,$1.56/ 100g,True
pantry,Terra,Delyssa Premium Extra Virgin Olive Oil,TerraDelyssa Premium Extra Virgin Olive Oil1 l,$17.99ea,,$1.80/ 100ml,False
pantry,Unico,"Diced Tomatoes, Herbs & Spices","UnicoDiced Tomatoes, Herbs & Spices796 ml",$2.29ea,,$0.29/ 100ml,False
pantry,Tostitos,Salsa - Medium 645ml,TostitosSalsa - Medium 645ml645 ml,$7.29ea,,$1.13/ 100ml,False
pantry,Campbell's,Butter Chicken Ready to Serve Soup ,Campbell'sButter Chicken Ready to Serve Soup 515 ml,$3.49ea,,$0.68/ 100ml,False
pantry,Kraft,"Zesty Italian Dressing, Calorie Wise","KraftZesty Italian Dressing, Calorie Wise475 ml",$4.49ea,,$0.95/ 100ml,False
pantry,Club House,"Signature, Blends Italiano","Club HouseSignature, Blends Italiano123 g",$7.49ea,,$6.09/ 100g,False
pantry,Mr Noodles,"Noodles in a Cup, Chicken","Mr NoodlesNoodles in a Cup, Chicken64 g",$1.69ea,,$2.64/ 100g,False
pantry,President's Choice,Tomato Ketchup,President's ChoiceTomato Ketchup1 l,$4.99ea,,$0.50/ 100ml,False
pantry,General Mills,Honey Nut Cheerios,General MillsHoney Nut Cheerios430 g,$5.49ea,,$1.28/ 100g,False
pantry,President's Choice,Soft Taco Kit,President's ChoiceSoft Taco Kit427 g,$4.79ea,,$1.12/ 100g,False
pantry,Blue Dragon,Thai Red Curry Paste,Blue DragonThai Red Curry Paste270 ml,$4.99ea,$4.49ea,$1.66/ 100ml,True
pantry,Bens,Organic Brown & Wild Rice Tomato & Roasted Garlic Flavour ,BensOrganic Brown & Wild Rice Tomato & Roasted Garlic Flavour 240 g,$4.49ea,,$1.87/ 100g,False
pantry,Classico,Roasted Portobello Mushrooms Spaghetti Pasta Sauce,ClassicoRoasted Portobello Mushrooms Spaghetti Pasta Sauce650 ml,$4.99ea,,$0.77/ 100ml,False
pantry,Betty Crocker,SuperMoist Cherry Chip Cake Mix,Betty CrockerSuperMoist Cherry Chip Cake Mix432 g,$3.29ea,,$0.76/ 100g,False
pantry,Campbell's,Franco American Turkey Gravy,Campbell'sFranco American Turkey Gravy284 ml,$2.29ea,,$0.81/ 100ml,False
pantry,Kraft,Miracle Whip Calorie Wise Spread,KraftMiracle Whip Calorie Wise Spread650 ml,$7.99ea,,$1.23/ 100ml,False
pantry,No Name,Whipped Dressing,No NameWhipped Dressing890 ml,$5.99ea,,$0.67/ 100ml,False
pantry,No Name,Diced Tomatoes with Herbs and Spices,No NameDiced Tomatoes with Herbs and Spices796 ml,$1.59ea,,$0.20/ 100ml,False
pantry,General Mills,Cinnamon Toast Crunch Churros Cereal,General MillsCinnamon Toast Crunch Churros Cereal337 g,$5.49ea,,$1.63/ 100g,False
pantry,Post,Honey Cereal,PostHoney Cereal440 g,$5.49ea,,$1.25/ 100g,False
pantry,Classico,Bolognese Spaghetti Pasta Sauce,ClassicoBolognese Spaghetti Pasta Sauce650 ml,$4.99ea,,$0.77/ 100ml,False
pantry,Stove Top,"Chicken Stuffing Mix, Low Sodium","Stove TopChicken Stuffing Mix, Low Sodium120 g",$2.79ea,,$2.33/ 100g,False
pantry,President's Choice,Marinara Pasta Sauce,President's ChoiceMarinara Pasta Sauce650 ml,$4.00ea,,$0.62/ 100ml,False
pantry,President's Choice, Fire Roasted Tomato Pasta Sauce,President's Choice Fire Roasted Tomato Pasta Sauce650 ml,$4.00ea,,$0.62/ 100ml,False
pantry,General Mills,Oatmeal Crisp Triple Berry Cereal,General MillsOatmeal Crisp Triple Berry Cereal399 g,$5.49ea,,$1.38/ 100g,False
pantry,Betty Crocker,Frost Deluxe Whipped Milk Chocolate,Betty CrockerFrost Deluxe Whipped Milk Chocolate340 g,$3.29ea,,$0.97/ 100g,False
pantry,Old El Paso,Soft Taco Dinner Kit,Old El PasoSoft Taco Dinner Kit400 g,$4.99ea,,$1.25/ 100g,False
pantry,Old El Paso,Fajita Dinner Kit    ,Old El PasoFajita Dinner Kit    400 g,$4.99ea,,$1.25/ 100g,False
pantry,Hershey's,"Chipits Pure Semi-Sweet Chocolate Chips, 925G","Hershey'sChipits Pure Semi-Sweet Chocolate Chips, 925G925 g",$13.99ea,,$1.51/ 100g,False
pantry,No Name,Unsweetened Apple Sauce,No NameUnsweetened Apple Sauce620 ml,$2.59ea,,$0.42/ 100ml,False
pantry,President's Choice,7-Vegetable Primavera Pasta Sauce,President's Choice7-Vegetable Primavera Pasta Sauce650 ml,$4.00ea,,$0.62/ 100ml,False
pantry,Old El Paso,Hard & Soft Taco Dinner Kit,Old El PasoHard & Soft Taco Dinner Kit340 g,$4.99ea,,$1.47/ 100g,False
pantry,Classico,Sweet Basil Marinara Spaghetti Pasta Sauce,ClassicoSweet Basil Marinara Spaghetti Pasta Sauce650 ml,$4.99ea,,$0.77/ 100ml,False
pantry,No Name,Chicken Broth,No NameChicken Broth900 ml,$1.50ea,$0.99ea,$0.11/ 100ml,True
pantry,No Name,Paprika,No NamePaprika150 g,$3.99ea,,$2.66/ 100g,False
pantry,No Name,Ground Black Pepper,No NameGround Black Pepper150 g,$3.99ea,,$2.66/ 100g,False
pantry,Windsor,"Sea Salt, Fine","WindsorSea Salt, Fine500 g",$5.99ea,,$1.20/ 100g,False
pantry,No Name,"Ground Cinnamon, Club Size","No NameGround Cinnamon, Club Size560 g",$10.99ea,,$1.96/ 100g,False
pantry,No Name,Poultry Seasoning,No NamePoultry Seasoning70 g,$3.99ea,,$5.70/ 100g,False
pantry,817 Elephant,Pure Basmati Rice,817 ElephantPure Basmati Rice4 kg,$17.99ea,,$0.45/ 100g,False
pantry,No Name,Black Peppercorns,No NameBlack Peppercorns575 g,$21.99ea,,$3.82/ 100g,False
pantry,No Name,Onion Powder,No NameOnion Powder150 g,$3.99ea,,$2.66/ 100g,False
pantry,General Mills,"Oatmeal Crisp Maple Nut Flavour Cereal, Family Size","General MillsOatmeal Crisp Maple Nut Flavour Cereal, Family Size619 g",$7.99ea,,$1.29/ 100g,False
pantry,Club House,"Signature Blend, Cajun","Club HouseSignature Blend, Cajun120 g",$7.49ea,,$6.24/ 100g,False
pantry,Club House,"Almond Extract, Pure","Club HouseAlmond Extract, Pure43 ml",$5.49ea,,$12.77/ 100ml,False
pantry,No Name,Cinnamon Sticks,No NameCinnamon Sticks100 g,$3.99ea,,$3.99/ 100g,False
pantry,Kraft,Golden Italian Dressing,KraftGolden Italian Dressing475 ml,$4.49ea,,$0.95/ 100ml,False
pantry,Betty Crocker,Hamburger Helper Lasagne,Betty CrockerHamburger Helper Lasagne220 g,$3.19ea,,$1.45/ 100g,False
pantry,No Name,Six Bean Blend,No NameSix Bean Blend540 ml,$1.39ea,,$0.26/ 100ml,False
pantry,Unico,"Black Olives, Sliced Ripe","UnicoBlack Olives, Sliced Ripe200 ml",$1.99ea,,$1.00/ 100ml,False
pantry,Unico,"Kalamata Olives, Pitted","UnicoKalamata Olives, Pitted375 ml",$4.49ea,,$1.20/ 100ml,False
pantry,Basse,Bassé Exotic Fruit Mix,BasseBassé Exotic Fruit Mix425 g,$6.99ea,$6.49ea,$1.53/ 100g,True
pantry,No Name,Sweet Green Relish,No NameSweet Green Relish375 ml,$2.99ea,,$0.80/ 100ml,False
pantry,Jell-O,Fat Free Chocolate Instant Pudding Mix,Jell-OFat Free Chocolate Instant Pudding Mix40 g,$2.29ea,,$5.73/ 100g,False
pantry,Bonne Maman,Apricot Jam,Bonne MamanApricot Jam250 ml,$7.49ea,,$3.00/ 100ml,False
pantry,Bens,Creamy Mushroom Flavour Rice,BensCreamy Mushroom Flavour Rice132 g,$2.99ea,,$2.27/ 100g,False
pantry,Aurora,"Plain Bread Crumbs, Panko","AuroraPlain Bread Crumbs, Panko227 g",$4.99ea,,$2.20/ 100g,False
pantry,Renees,Honey Dijon Vinaigrette Salad Dressing,ReneesHoney Dijon Vinaigrette Salad Dressing350 ml,$6.49ea,,$1.85/ 100ml,False
pantry,No Name,Smooth Peanut Butter,No NameSmooth Peanut Butter1 kg,$4.79ea,,$0.48/ 100g,False
pantry,Betty Crocker,Spicy Cake Mix,Betty CrockerSpicy Cake Mix432 g,$4.99ea,,$1.16/ 100g,False
pantry,Wilton,"Candy Melts, Cocoa","WiltonCandy Melts, Cocoa340 g",$4.99ea,,$1.47/ 100g,False
pantry,President's Choice,Plant Based Vanilla Marshmallows,President's ChoicePlant Based Vanilla Marshmallows284 g,$5.49ea,,$1.93/ 100g,False
pantry,PC Blue Menu,Soup Mix,PC Blue MenuSoup Mix900 g,$3.49ea,,$0.39/ 100g,False
pantry,No Name,Sultana Raisins,No NameSultana Raisins750 g,$7.49ea,$6.49ea,$0.87/ 100g,True
pantry,No Name,Garlic Pasta Sauce,No NameGarlic Pasta Sauce680 ml,$2.49ea,,$0.37/ 100ml,False
pantry,No Name,Soy Sauce,No NameSoy Sauce450 ml,$2.49ea,$1.99ea,$0.44/ 100ml,True
pantry,McCormicks,"International Sauce Mix, Green Peppercorn","McCormicksInternational Sauce Mix, Green Peppercorn38 g",$2.49ea,,$6.55/ 100g,False
pantry,President's Choice,Bacon and Maple Barbecue Sauce,President's ChoiceBacon and Maple Barbecue Sauce500 ml,$3.99ea,,$0.80/ 100ml,False
pantry,Robin Hood,Whole Wheat All Purpose Flour,Robin HoodWhole Wheat All Purpose Flour2.5 kg,$7.99ea,,$0.32/ 100g,False
pantry,Kelloggs,Rice Krispies Cinnamon Cereal,KelloggsRice Krispies Cinnamon Cereal320 g,$5.99ea,,$1.87/ 100g,False
pantry,President's Choice,Sweetened Dried Mangoes,President's ChoiceSweetened Dried Mangoes120 g,$3.99ea,,$3.33/ 100g,False
pantry,No Name,Red Wine Vinegar,No NameRed Wine Vinegar500 ml,$3.49ea,,$0.70/ 100ml,False
pantry,No Name,"Breadsticks and Cheese, Processed Cheese Product","No NameBreadsticks and Cheese, Processed Cheese Product3x29.0 g",$1.49ea,,$1.71/ 100g,False
pantry,President's Choice,Pepperpot Cooking Sauce ,President's ChoicePepperpot Cooking Sauce 400 ml,$4.99ea,$3.79ea,$0.95/ 100ml,True
pantry,Betty Crocker,Brownies Mix - Frosted,Betty CrockerBrownies Mix - Frosted550 g,$4.99ea,,$0.91/ 100g,False
pantry,Crown,Crown Corn Syrup,CrownCrown Corn Syrup500 ml,$5.49ea,,$1.10/ 100ml,False
pantry,Unico,Capers,UnicoCapers125 ml,$3.99ea,,$3.19/ 100ml,False
pantry,PC Organics,Bean Medley,PC OrganicsBean Medley398 ml,$1.99ea,,$0.50/ 100ml,False
pantry,Betty Crocker,Reese Dessert Bar Kit,Betty CrockerReese Dessert Bar Kit503 g,$4.99ea,,$0.99/ 100g,False
pantry,PC Organics,Organic Fruit Spread Apricot,PC OrganicsOrganic Fruit Spread Apricot235 ml,$3.99ea,,$1.70/ 100ml,False
pantry,Green Giant,Sweetlet Peas ,Green GiantSweetlet Peas 398 ml,$2.29ea,,$0.58/ 100ml,False
pantry,PC Organics,"Organic Pasta Sauce, Primavera","PC OrganicsOrganic Pasta Sauce, Primavera700 ml",$5.99ea,,$0.86/ 100ml,False
pantry,Dr Oetker,Pizzaiolo Kits,Dr OetkerPizzaiolo Kits700 g,$5.99ea,,$0.86/ 100g,False
pantry,Hershey's,Chipits Butterscotch Baking Chips,Hershey'sChipits Butterscotch Baking Chips270 g,$4.99ea,,$1.85/ 100g,False
pantry,No Name,Fruit Cocktail in Light Syrup,No NameFruit Cocktail in Light Syrup796 ml,$4.29ea,,$0.54/ 100ml,False
pantry,PC Splendido,Tomato Pesto,PC SplendidoTomato Pesto270 ml,$4.49ea,,$1.66/ 100ml,False
pantry,No Name,Fudge Brownie Mix,No NameFudge Brownie Mix519 g,$3.29ea,,$0.63/ 100g,False
pantry,President's Choice,World of Flavours Thai Chicken Soup,President's ChoiceWorld of Flavours Thai Chicken Soup540 ml,$3.49ea,,$0.65/ 100ml,False
pantry,Swiss Chalet,SwissChalet Sauce Dipping,Swiss ChaletSwissChalet Sauce Dipping284 ml,$2.39ea,,$0.84/ 100ml,False
pantry,President's Choice,Plant Based Chocolate Chips Semi-Sweet,President's ChoicePlant Based Chocolate Chips Semi-Sweet300 g,$4.99ea,,$1.66/ 100g,False
pantry,Club House,"Seasoning Mix, Pasta Salad","Club HouseSeasoning Mix, Pasta Salad28 g",$2.49ea,,$8.89/ 100g,False
pantry,Unico,"Mixed Vegetables, Pickled, Hot","UnicoMixed Vegetables, Pickled, Hot750 ml",$4.49ea,,$0.60/ 100ml,False
pantry,President's Choice,Souvlaki Marinade ,President's ChoiceSouvlaki Marinade 350 ml,$4.99ea,,$1.43/ 100ml,False
pantry,Mr Noodles,Shrimp Flavour Instant Noodles,Mr NoodlesShrimp Flavour Instant Noodles85 g,$0.79ea,,$0.93/ 100g,False
pantry,President's Choice,Original Pasta Sauce,President's ChoiceOriginal Pasta Sauce1.8 l,$8.99ea,,$0.50/ 100ml,False
pantry,No Name,Caesar Croutons,No NameCaesar Croutons145 g,$3.49ea,,$2.41/ 100g,False
pantry,Kraft,Baker's 100% Pure Premium White Chocolate Baking Bar,KraftBaker's 100% Pure Premium White Chocolate Baking Bar170 g,$5.99ea,,$3.52/ 100g,False
pantry,VH,Mango Chili     ,VHMango Chili     341 ml,$4.99ea,,$1.46/ 100ml,False
pantry,Kraft,Calorie Wise Greek Feta and Oregano Dressing,KraftCalorie Wise Greek Feta and Oregano Dressing475 ml,$4.49ea,,$0.95/ 100ml,False
pantry,Betty Crocker,Gluten Free Chocolate Chip Cookie Mix,Betty CrockerGluten Free Chocolate Chip Cookie Mix539 g,$7.99ea,,$1.48/ 100g,False
pantry,President's Choice,Everything Bagel Seasoning,President's ChoiceEverything Bagel Seasoning65 g,$6.49ea,,$9.98/ 100g,False
pantry,,Skittles  Candies,Skittles  Candies,$2.69/100 g,,$2.69/ 100g,False
pantry,Maple Leaf,Flakes of Chicken by Maple Leaf,Maple LeafFlakes of Chicken by Maple Leaf156 g,$3.99ea,,$2.56/ 100g,False
pantry,Nong Shim,"Cup Noodle, Oolongmen Seafood","Nong ShimCup Noodle, Oolongmen Seafood75 g",$1.59ea,,$2.12/ 100g,False
pantry,PC Blue Menu,Whole Grain Lasagna Pasta,PC Blue MenuWhole Grain Lasagna Pasta375 g,$3.99ea,,$1.06/ 100g,False
pantry,BeeMaid,Amber Honey Liquid,BeeMaidAmber Honey Liquid500 g,$12.49ea,,$2.50/ 100g,False
pantry,No Name,Teriyaki Sauce,No NameTeriyaki Sauce350 ml,$3.49ea,,$1.00/ 100ml,False
pantry,PC Organics,"Organic Pasta Sauce, Primavera","PC OrganicsOrganic Pasta Sauce, Primavera700 ml",$5.99ea,,$0.86/ 100ml,False
pantry,Dr Oetker,Pizzaiolo Kits,Dr OetkerPizzaiolo Kits700 g,$5.99ea,,$0.86/ 100g,False
pantry,Hershey's,Chipits Butterscotch Baking Chips,Hershey'sChipits Butterscotch Baking Chips270 g,$4.99ea,,$1.85/ 100g,False
pantry,No Name,Fruit Cocktail in Light Syrup,No NameFruit Cocktail in Light Syrup796 ml,$4.29ea,,$0.54/ 100ml,False
pantry,PC Splendido,Tomato Pesto,PC SplendidoTomato Pesto270 ml,$4.49ea,,$1.66/ 100ml,False
pantry,No Name,Fudge Brownie Mix,No NameFudge Brownie Mix519 g,$3.29ea,,$0.63/ 100g,False
pantry,Lee Kum Kee,Chow Style Chili,Lee Kum KeeChow Style Chili205 g,$5.99ea,,$2.92/ 100g,False
pantry,Betty Crocker,White Cake Mix,Betty CrockerWhite Cake Mix430 g,$4.99ea,,$1.16/ 100g,False
pantry,Pataks,Butter Chicken Cooking Sauce,PataksButter Chicken Cooking Sauce400 ml,$6.49ea,,$1.62/ 100ml,False
pantry,Dole,In Light Fruit Juice Syrup Pineapple Chunks,DoleIn Light Fruit Juice Syrup Pineapple Chunks540 ml,$4.49ea,,$0.83/ 100ml,False
pantry,Primo,Tomato Sauce,PrimoTomato Sauce680 ml,$5.49ea,,$0.81/ 100ml,False
pantry,Swiss Chalet,SwissChalet Sauce Dipping,Swiss ChaletSwissChalet Sauce Dipping284 ml,$2.39ea,,$0.84/ 100ml,False
pantry,President's Choice,Plant Based Chocolate Chips Semi-Sweet,President's ChoicePlant Based Chocolate Chips Semi-Sweet300 g,$4.99ea,,$1.66/ 100g,False
pantry,Club House,"Seasoning Mix, Pasta Salad","Club HouseSeasoning Mix, Pasta Salad28 g",$2.49ea,,$8.89/ 100g,False
pantry,Unico,"Mixed Vegetables, Pickled, Hot","UnicoMixed Vegetables, Pickled, Hot750 ml",$4.49ea,,$0.60/ 100ml,False
pantry,President's Choice,Souvlaki Marinade ,President's ChoiceSouvlaki Marinade 350 ml,$4.99ea,,$1.43/ 100ml,False
pantry,Mr Noodles,Shrimp Flavour Instant Noodles,Mr NoodlesShrimp Flavour Instant Noodles85 g,$0.79ea,,$0.93/ 100g,False
pantry,President's Choice,Original Pasta Sauce,President's ChoiceOriginal Pasta Sauce1.8 l,$8.99ea,,$0.50/ 100ml,False
pantry,No Name,Caesar Croutons,No NameCaesar Croutons145 g,$3.49ea,,$2.41/ 100g,False
pantry,Kraft,Baker's 100% Pure Premium White Chocolate Baking Bar,KraftBaker's 100% Pure Premium White Chocolate Baking Bar170 g,$5.99ea,,$3.52/ 100g,False
pantry,VH,Mango Chili     ,VHMango Chili     341 ml,$4.99ea,,$1.46/ 100ml,False
pantry,Kraft,Calorie Wise Greek Feta and Oregano Dressing,KraftCalorie Wise Greek Feta and Oregano Dressing475 ml,$4.49ea,,$0.95/ 100ml,False
pantry,Kraft,Hazelnut Spread With Cocoa,KraftHazelnut Spread With Cocoa725 g,$7.49ea,,$1.03/ 100g,False
pantry,Stagg,Southwest Style Chicken With Beans,StaggSouthwest Style Chicken With Beans425 g,$4.29ea,,$1.01/ 100g,False
pantry,Kikkoman,Soy Sauce All Purpose Seasoning Less Sodium,KikkomanSoy Sauce All Purpose Seasoning Less Sodium591 ml,$8.99ea,,$1.52/ 100ml,False
pantry,Bens,Jasmine 10 Minute Rice,BensJasmine 10 Minute Rice460 g,$5.99ea,,$1.30/ 100g,False
pantry,President's Choice,Extra Chunky Medium Salsa,President's ChoiceExtra Chunky Medium Salsa1.85 l,$11.49ea,,$0.62/ 100ml,False
pantry,Tim Hortons,"Homestyle Chili, Canned","Tim HortonsHomestyle Chili, Canned425 g",$4.99ea,,$1.17/ 100g,False
pantry,Kelloggs,Special K Vanilla Almond Cereal,KelloggsSpecial K Vanilla Almond Cereal355 g,$6.49ea,,$1.83/ 100g,False
pantry,President's Choice,Honey Garlic Wing Sauce ,President's ChoiceHoney Garlic Wing Sauce 350 ml,$4.49ea,,$1.28/ 100ml,False
pantry,President's Choice,Frosted Flakes Cereal,President's ChoiceFrosted Flakes Cereal650 g,$5.99ea,,$0.92/ 100g,False
pantry,ED Smith,Pure Pumpkin,ED SmithPure Pumpkin796 ml,$7.49ea,,$0.94/ 100ml,False
pantry,No Name,Deluxe Glace Fruit Mix,No NameDeluxe Glace Fruit Mix450 g,$8.99ea,,$2.00/ 100g,False
pantry,Quaker,Oatmeal Low-Fat Muffin Mix,QuakerOatmeal Low-Fat Muffin Mix900 g,$5.99ea,,$0.67/ 100g,False
pantry,Kraft,Sharp Cheddar Macaroni & Cheese,KraftSharp Cheddar Macaroni & Cheese200 g,$3.59ea,,$1.80/ 100g,False
pantry,Unico,"Sundried Tomatoes, Whole","UnicoSundried Tomatoes, Whole210 ml",$5.49ea,,$2.61/ 100ml,False
pantry,Club House,Seasoning Mix Organic Chili,Club HouseSeasoning Mix Organic Chili35 g,$2.99ea,,$8.54/ 100g,False
pantry,Hershey's,"Chipits Pure Semi-Sweet Chocolate Chips, 270G","Hershey'sChipits Pure Semi-Sweet Chocolate Chips, 270G270 g",$4.99ea,,$1.85/ 100g,False
pantry,President's Choice,White Cheddar Cheese Seasoning Blend,President's ChoiceWhite Cheddar Cheese Seasoning Blend220 g,$6.99ea,,$3.18/ 100g,False
pantry,PC Organics,Organic Fruit Spread Raspberry,PC OrganicsOrganic Fruit Spread Raspberry235 ml,$3.99ea,,$1.70/ 100ml,False
pantry,No Name,Pineapple Tidbits in Pineapple Juice,No NamePineapple Tidbits in Pineapple Juice540 ml,$2.59ea,,$0.48/ 100ml,False
pantry,President's Choice,Onion & Whiskey Barbecue Sauce,President's ChoiceOnion & Whiskey Barbecue Sauce500 ml,$3.99ea,,$0.80/ 100ml,False
pantry,Kraft,Smooth Peanut Butter,KraftSmooth Peanut Butter500 g,$5.99ea,,$1.20/ 100g,False
pantry,President's Choice,Dry Roasted California Almonds with Sea Salt,President's ChoiceDry Roasted California Almonds with Sea Salt375 g,$7.99ea,,$2.13/ 100g,False
pantry,HP,Steak Sauce,HPSteak Sauce400 ml,$5.99ea,,$1.50/ 100ml,False
pantry,Hershey's,"Chipits Hearts Shapes Milk Chocolate Chips , 200G","Hershey'sChipits Hearts Shapes Milk Chocolate Chips , 200G200 g",$4.99ea,,$2.50/ 100g,False
pantry,No Name,Honey Graham Crumbs,No NameHoney Graham Crumbs400 g,$3.29ea,,$0.82/ 100g,False
pantry,VH,Pineapple Jerk Medium,VHPineapple Jerk Medium341 ml,$4.99ea,,$1.46/ 100ml,False
pantry,Pam,"Cooking Spray, Butter Flavour","PamCooking Spray, Butter Flavour141 g",$6.49ea,,$4.60/ 100g,False
pantry,Stock and Barrel,"Raw Sunflower Seeds, Hulled","Stock and BarrelRaw Sunflower Seeds, Hulled400 g",$5.99ea,,$1.50/ 100g,False
pantry,Lee Kum Kee,Chow Style Chili,Lee Kum KeeChow Style Chili205 g,$5.99ea,,$2.92/ 100g,False
pantry,Betty Crocker,White Cake Mix,Betty CrockerWhite Cake Mix430 g,$4.99ea,,$1.16/ 100g,False
pantry,Pataks,Butter Chicken Cooking Sauce,PataksButter Chicken Cooking Sauce400 ml,$6.49ea,,$1.62/ 100ml,False
pantry,Dole,In Light Fruit Juice Syrup Pineapple Chunks,DoleIn Light Fruit Juice Syrup Pineapple Chunks540 ml,$4.49ea,,$0.83/ 100ml,False
pantry,Primo,Tomato Sauce,PrimoTomato Sauce680 ml,$5.49ea,,$0.81/ 100ml,False
pantry,President's Choice,Honey Garlic Wing Sauce ,President's ChoiceHoney Garlic Wing Sauce 350 ml,$4.49ea,,$1.28/ 100ml,False
pantry,President's Choice,Frosted Flakes Cereal,President's ChoiceFrosted Flakes Cereal650 g,$5.99ea,,$0.92/ 100g,False
pantry,ED Smith,Pure Pumpkin,ED SmithPure Pumpkin796 ml,$7.49ea,,$0.94/ 100ml,False
pantry,No Name,Deluxe Glace Fruit Mix,No NameDeluxe Glace Fruit Mix450 g,$8.99ea,,$2.00/ 100g,False
pantry,Quaker,Oatmeal Low-Fat Muffin Mix,QuakerOatmeal Low-Fat Muffin Mix900 g,$5.99ea,,$0.67/ 100g,False
pantry,Kraft,Sharp Cheddar Macaroni & Cheese,KraftSharp Cheddar Macaroni & Cheese200 g,$3.59ea,,$1.80/ 100g,False
pantry,Unico,"Sundried Tomatoes, Whole","UnicoSundried Tomatoes, Whole210 ml",$5.49ea,,$2.61/ 100ml,False
pantry,Club House,Seasoning Mix Organic Chili,Club HouseSeasoning Mix Organic Chili35 g,$2.99ea,,$8.54/ 100g,False
pantry,Hershey's,"Chipits Pure Semi-Sweet Chocolate Chips, 270G","Hershey'sChipits Pure Semi-Sweet Chocolate Chips, 270G270 g",$4.99ea,,$1.85/ 100g,False
pantry,President's Choice,White Cheddar Cheese Seasoning Blend,President's ChoiceWhite Cheddar Cheese Seasoning Blend220 g,$6.99ea,,$3.18/ 100g,False
pantry,PC Organics,Organic Fruit Spread Raspberry,PC OrganicsOrganic Fruit Spread Raspberry235 ml,$3.99ea,,$1.70/ 100ml,False
pantry,No Name,Pineapple Tidbits in Pineapple Juice,No NamePineapple Tidbits in Pineapple Juice540 ml,$2.59ea,,$0.48/ 100ml,False
pantry,President's Choice,Onion & Whiskey Barbecue Sauce,President's ChoiceOnion & Whiskey Barbecue Sauce500 ml,$3.99ea,,$0.80/ 100ml,False
pantry,Kraft,Smooth Peanut Butter,KraftSmooth Peanut Butter500 g,$5.99ea,,$1.20/ 100g,False
pantry,President's Choice,Dry Roasted California Almonds with Sea Salt,President's ChoiceDry Roasted California Almonds with Sea Salt375 g,$7.99ea,,$2.13/ 100g,False
pantry,HP,Steak Sauce,HPSteak Sauce400 ml,$5.99ea,,$1.50/ 100ml,False
pantry,Hershey's,"Chipits Hearts Shapes Milk Chocolate Chips , 200G","Hershey'sChipits Hearts Shapes Milk Chocolate Chips , 200G200 g",$4.99ea,,$2.50/ 100g,False
pantry,Frenchs,Classic Yellow Mustard,FrenchsClassic Yellow Mustard225 ml,$2.99ea,,$1.33/ 100ml,False
pantry,Club House,Fries Seasoning Mix Smoked Paprika & Herb,Club HouseFries Seasoning Mix Smoked Paprika & Herb25 g,$2.49ea,,$9.96/ 100g,False
pantry,Jell-O,"Orange Jelly Powder, Gelatin Mix","Jell-OOrange Jelly Powder, Gelatin Mix85 g",$1.49ea,,$1.75/ 100g,False
pantry,Blue Dragon,Satay Sauce,Blue DragonSatay Sauce270 ml,$4.99ea,$4.49ea,$1.66/ 100ml,True
pantry,PC Blue Menu,Whole Grain Blend With Quinoa & Barley,PC Blue MenuWhole Grain Blend With Quinoa & Barley250 g,$3.99ea,,$1.60/ 100g,False
pantry,Kelloggs,Special K Vanilla Almond Family Size Cereal,KelloggsSpecial K Vanilla Almond Family Size Cereal570 g,$5.99ea,,$1.05/ 100g,False
pantry,No Name,100% Canadian Pure Liquid Honey,No Name100% Canadian Pure Liquid Honey375 g,$6.99ea,,$1.86/ 100g,False
pantry,ED Smith,Apple Pie Filling,ED SmithApple Pie Filling540 ml,$7.49ea,,$1.39/ 100ml,False
pantry,President's Choice,World of Flavours Indian Chicken Mulligatawny,President's ChoiceWorld of Flavours Indian Chicken Mulligatawny540 ml,$3.49ea,,$0.65/ 100ml,False
pantry,Rooster,Brown Jasmine Rice,RoosterBrown Jasmine Rice2 kg,$6.99ea,,$0.35/ 100g,False
pantry,President's Choice,Honey Nut Oat Os Cereal,President's ChoiceHoney Nut Oat Os Cereal725 g,$5.99ea,,$0.83/ 100g,False
pantry,Kraft,Catalina Dressing,KraftCatalina Dressing475 ml,$4.49ea,,$0.95/ 100ml,False
pantry,Club House,"Pork Gravy Mix, 25% Less Salt","Club HousePork Gravy Mix, 25% Less Salt24 g",$2.49ea,,$10.37/ 100g,False
pantry,No Name,Thompson Seedless Raisins  ,No NameThompson Seedless Raisins  375 g,$5.49ea,,$1.46/ 100g,False
pantry,President's Choice,Tartar Sauce,President's ChoiceTartar Sauce250 ml,$4.29ea,,$1.72/ 100ml,False
pantry,Dr Oetker,"Shirriff Pudding & Pie Filling, Vanilla","Dr OetkerShirriff Pudding & Pie Filling, Vanilla160 g",$2.79ea,,$1.74/ 100g,False
pantry,Kelloggs,Oats & Honey Cereal,KelloggsOats & Honey Cereal451 g,$5.99ea,,$1.33/ 100g,False
pantry,VH,Stir-Fry Sauce - Sweet & Sour,VHStir-Fry Sauce - Sweet & Sour355 ml,$4.99ea,,$1.41/ 100ml,False
pantry,President's Choice,Long Grain Instant Rice,President's ChoiceLong Grain Instant Rice1.4 kg,$8.79ea,$5.49ea,$0.39/ 100g,True
pantry,Lee Kum Kee,Less Sodium Soy Sauce 500 ml,Lee Kum KeeLess Sodium Soy Sauce 500 ml500 ml,$5.99ea,,$1.20/ 100ml,False
pantry,Unico,"Artichoke Hearts, Whole","UnicoArtichoke Hearts, Whole398 ml",$4.49ea,,$1.13/ 100ml,False
pantry,President's Choice,Moroccan Tajine Cooking Sauce,President's ChoiceMoroccan Tajine Cooking Sauce400 ml,$4.49ea,$3.79ea,$0.95/ 100ml,True
pantry,President's Choice,Smoky Bacon Mayo Sandwich Spread,President's ChoiceSmoky Bacon Mayo Sandwich Spread300 ml,$4.49ea,,$1.50/ 100ml,False
pantry,Renees,Balsamic Vinaigrette Salad Dressing,ReneesBalsamic Vinaigrette Salad Dressing350 ml,$6.49ea,,$1.85/ 100ml,False
pantry,Catelli,"Smart, Macaroni Pasta","CatelliSmart, Macaroni Pasta375 g",$3.29ea,,$0.88/ 100g,False
pantry,Clover Leaf,"Baby Clams, Whole Yellow In Water","Clover LeafBaby Clams, Whole Yellow In Water142 ml",$3.79ea,,$2.67/ 100ml,False
pantry,Molisana,Elbows,MolisanaElbows450 g,$3.29ea,,$0.73/ 100g,False
pantry,Smuckers,Pure Strawberry Jam,SmuckersPure Strawberry Jam250 ml,$4.49ea,,$1.80/ 100ml,False
pantry,Knorr,"Bouillon Cubes for rich deep beef flavour Beef easy to use, ","KnorrBouillon Cubes for rich deep beef flavour Beef easy to use, 63 g",$3.29ea,$3.09ea,$4.90/ 100g,True
pantry,Catelli,"Gluten Free, Linguine Pasta","CatelliGluten Free, Linguine Pasta340 g",$3.79ea,,$1.11/ 100g,False
pantry,No Name,Fettuccine Pasta,No NameFettuccine Pasta900 g,$2.49ea,,$0.28/ 100g,False
pantry,,Sweetened Dried  Cranberries,Sweetened Dried  Cranberries,$2.84/150 g,,$1.89/ 100g,False
pantry,General Mills,Cheerios Cereal Multi-Grain Family Size,General MillsCheerios Cereal Multi-Grain Family Size585 g,$5.99ea,,$1.02/ 100g,False
pantry,Lantic,Icing Sugar,LanticIcing Sugar1 kg,$3.79ea,,$0.38/ 100g,False
pantry,Kraft,Balsamic Vinaigrette,KraftBalsamic Vinaigrette475 ml,$4.49ea,,$0.95/ 100ml,False
pantry,No Name,Curry Powder,No NameCurry Powder125 g,$3.99ea,,$3.19/ 100g,False
pantry,Old El Paso,Mini Tortilla Bowl,Old El PasoMini Tortilla Bowl144 g,$3.99ea,,$2.77/ 100g,False
pantry,PC Black Label,Harissa Spice Blend,PC Black LabelHarissa Spice Blend100 g,$6.49ea,,$6.49/ 100g,False
pantry,PC Black Label,Bourbon Barrel-Aged Maple Syrup,PC Black LabelBourbon Barrel-Aged Maple Syrup236 ml,$11.49ea,,$4.87/ 100ml,False
pantry,Brunswick,"Seafood Snacks, Kippered","BrunswickSeafood Snacks, Kippered100 g",$2.29ea,,$2.29/ 100g,False
pantry,PC Blue Menu,Blue Menu Just Peanuts Smooth Peanut Butter,PC Blue MenuBlue Menu Just Peanuts Smooth Peanut Butter750 g,$4.49ea,,$0.60/ 100g,False
pantry,Hellmanns,Mayonnaise Real,HellmannsMayonnaise Real340 ml,$6.49ea,,$1.91/ 100ml,False
pantry,President's Choice,Green Goddess Dressing,President's ChoiceGreen Goddess Dressing475 ml,$3.99ea,,$0.84/ 100ml,False
pantry,PC Black Label,Spaghetti,PC Black LabelSpaghetti500 g,$4.99ea,,$1.00/ 100g,False
pantry,Club House,Imitation French Vanilla Extract,Club HouseImitation French Vanilla Extract43 ml,$5.49ea,,$12.77/ 100ml,False
pantry,Old El Paso,Refried Beans With Mild Green Chilies,Old El PasoRefried Beans With Mild Green Chilies398 ml,$3.99ea,,$1.00/ 100ml,False
pantry,Renees,Dressing And Dip Mighty Caesar,ReneesDressing And Dip Mighty Caesar355 ml,$6.49ea,,$1.83/ 100ml,False
pantry,PC Black Label,Peri Peri Spice Blend,PC Black LabelPeri Peri Spice Blend85 g,$6.49ea,,$7.64/ 100g,False
pantry,President's Choice,Black Peppercorns,President's ChoiceBlack Peppercorns48 g,$5.99ea,,$12.48/ 100g,False
pantry,President's Choice,Table Syrup With 10% Maple Syrup,President's ChoiceTable Syrup With 10% Maple Syrup750 ml,$8.49ea,,$1.13/ 100ml,False
pantry,Campbell's,"Cream Of Mushroom, Low Fat","Campbell'sCream Of Mushroom, Low Fat284 ml",$2.99ea,,$1.05/ 100ml,False
pantry,Gees Bees Honey Company,Blueberry Blossom Honey,Gees Bees Honey CompanyBlueberry Blossom Honey500 g,$14.99ea,,$3.00/ 100g,False
pantry,Stock and Barrel,"Roasted Virginia Peanuts, Salted","Stock and BarrelRoasted Virginia Peanuts, Salted650 g",$7.99ea,,$1.23/ 100g,False
pantry,Tim Hortons,Chicken Noodle Soup,Tim HortonsChicken Noodle Soup540 ml,$4.59ea,,$0.85/ 100ml,False
pantry,,Punjabi Mix,Punjabi Mix,$1.99/125 g,,$1.59/ 100g,False
pantry,Catelli,"SuperGreens, Spaghetti Pasta","CatelliSuperGreens, Spaghetti Pasta300 g",$3.79ea,,$1.26/ 100g,False
pantry,Knorr,Pasta Seasoning  Garlic + Herb,KnorrPasta Seasoning  Garlic + Herb22 g,$2.49ea,,$11.32/ 100g,False
pantry,No Name,Poppy Seeds,No NamePoppy Seeds150 g,$3.99ea,,$2.66/ 100g,False
pantry,,Unsalted  Cranberry Cocktail  Trail Mix,Unsalted  Cranberry Cocktail  Trail Mix,$1.89/100 g,,$1.89/ 100g,False
pantry,Five Roses,White All Purpose Flour,Five RosesWhite All Purpose Flour2.5 kg,$7.99ea,,$0.32/ 100g,False
pantry,President's Choice,Pickled and Sliced Jalapeno Peppers,President's ChoicePickled and Sliced Jalapeno Peppers250 ml,$3.49ea,,$1.40/ 100ml,False
pantry,Campbell's,Garden Vegetable Minestrone Ready to Serve Soup,Campbell'sGarden Vegetable Minestrone Ready to Serve Soup515 ml,$3.59ea,,$0.70/ 100ml,False
pantry,President's Choice,Italian Seasoning,President's ChoiceItalian Seasoning30 g,$5.99ea,,$19.97/ 100g,False
pantry,Club House,Bay Leaves,Club HouseBay Leaves13 g,$7.49ea,,$57.62/ 100g,False
pantry,Renees,Caesar Dressing,ReneesCaesar Dressing355 ml,$6.49ea,,$1.83/ 100ml,False
pantry,Flourish,Protein Pancake & Waffle Mix Buttermilk,FlourishProtein Pancake & Waffle Mix Buttermilk430 g,$9.49ea,,$2.21/ 100g,False
pantry,,Cajun Sizzler  Snack Mix,Cajun Sizzler  Snack Mix,$1.79/100 g,,$1.79/ 100g,False
pantry,Strubs,Pickled Eggs,StrubsPickled Eggs500 ml,$6.49ea,,$1.30/ 100ml,False
pantry,,Roasted Salted  Peanuts,Roasted Salted  Peanuts,$2.38/200 g,,$1.19/ 100g,False
pantry,Hellmanns,Dressing salad for sandwiches and salads Classic Ranch made in Canada,HellmannsDressing salad for sandwiches and salads Classic Ranch made in Canada475 ml,$5.99ea,,$1.26/ 100ml,False
pantry,Knorr,Pasta Side Dish that's easy to prepare Creamy Parmesan ,KnorrPasta Side Dish that's easy to prepare Creamy Parmesan 133 g,$2.79ea,,$2.10/ 100g,False
pantry,Renees,Light Caesar Dressing,ReneesLight Caesar Dressing750 ml,$8.99ea,,$1.20/ 100ml,False
pantry,Barilla,Pasta Medium Shells N.393,BarillaPasta Medium Shells N.393410 g,$3.49ea,,$0.85/ 100g,False
pantry,Club House,Chili Powder,Club HouseChili Powder138 g,$7.99ea,,$5.79/ 100g,False
pantry,Club House,Paprika,Club HousePaprika119 g,$9.99ea,,$8.39/ 100g,False
pantry,Campbell's,Chicken Gumbo,Campbell'sChicken Gumbo284 ml,$2.99ea,,$1.05/ 100ml,False
pantry,Club House,Sea Salt Grinder,Club HouseSea Salt Grinder60 g,$4.49ea,,$7.48/ 100g,False
pantry,Club House,Curry Powder,Club HouseCurry Powder110 g,$9.99ea,,$9.08/ 100g,False
pantry,Lipton,Cup-a-Soup Instant Soup Mix Chicken Noodle low fat,LiptonCup-a-Soup Instant Soup Mix Chicken Noodle low fat58 g,$2.99ea,,$5.16/ 100g,False
pantry,Mr Noodles,Instant Noodles Curry Chicken Simulated Flavour,Mr NoodlesInstant Noodles Curry Chicken Simulated Flavour85 g,$0.79ea,,$0.93/ 100g,False
pantry,President's Choice,Chipotle Mayo Sandwich Spread,President's ChoiceChipotle Mayo Sandwich Spread300 ml,$4.49ea,,$1.50/ 100ml,False
pantry,Brunswick,"Sardines, Spring Water","BrunswickSardines, Spring Water106 g",$2.29ea,,$2.16/ 100g,False
pantry,Post,Shredded Wheat Big Biscuit Cereal,PostShredded Wheat Big Biscuit Cereal425 g,$5.99ea,,$1.41/ 100g,False
pantry,Barilla,Pasta Spaghettoni,BarillaPasta Spaghettoni410 g,$3.49ea,,$0.85/ 100g,False
pantry,Unico,"Manzanilla Olives, Stuffed","UnicoManzanilla Olives, Stuffed750 ml",$6.99ea,,$0.93/ 100ml,False
pantry,President's Choice,Hot Taco Seasoning Mix,President's ChoiceHot Taco Seasoning Mix24 g,$1.39ea,,$5.79/ 100g,False
pantry,Stubb's,Seasoning Beef Rub    ,Stubb'sSeasoning Beef Rub    151 g,$6.99ea,,$4.63/ 100g,False
pantry,Club House,Garlic Salt,Club HouseGarlic Salt220 g,$6.99ea,,$3.18/ 100g,False
pantry,Dececco,Spaghetti,DececcoSpaghetti450 g,$3.49ea,,$0.77/ 100g,False
pantry,Campbell's,Condensed Soup Cheddar Cheese,Campbell'sCondensed Soup Cheddar Cheese284 ml,$2.99ea,,$1.05/ 100ml,False
pantry,,Gummi Wiggly Worms,Gummi Wiggly Worms,$1.29/100 g,,$1.29/ 100g,False
pantry,President's Choice,Cream of Mushroom Soup,President's ChoiceCream of Mushroom Soup540 ml,$3.49ea,,$0.65/ 100ml,False
pantry,PC Blue Menu,Bran Flakes Cereal,PC Blue MenuBran Flakes Cereal775 g,$5.99ea,,$0.77/ 100g,False
pantry,President's Choice,Fajita Seasoning Mix ,President's ChoiceFajita Seasoning Mix 24 g,$1.39ea,,$5.79/ 100g,False
pantry,Renees,Homestyle Ranch Dressing,ReneesHomestyle Ranch Dressing355 ml,$6.49ea,,$1.83/ 100ml,False
pantry,President's Choice,Ground Turmeric ,President's ChoiceGround Turmeric 43 g,$6.49ea,,$15.09/ 100g,False
pantry,Knorr,Pasta Side Dish Sour Cream & Chives ,KnorrPasta Side Dish Sour Cream & Chives 133 g,$2.79ea,,$2.10/ 100g,False
pantry,Unico,Spaghettini,UnicoSpaghettini750 g,$3.29ea,,$0.44/ 100g,False
pantry,Weber,Garlic Parmesan Seasoning,WeberGarlic Parmesan Seasoning122 g,$6.99ea,,$5.73/ 100g,False
pantry,Quaker,Harvest Crunch Canadian Maple Granola Cereal,QuakerHarvest Crunch Canadian Maple Granola Cereal475 g,$6.49ea,,$1.37/ 100g,False
pantry,Vlasic,"Pickles, Bread & Butter Chips","VlasicPickles, Bread & Butter Chips1 l",$6.49ea,,$0.65/ 100ml,False
pantry,Chef Boyardee,Beef Ravioli,Chef BoyardeeBeef Ravioli425 g,$2.49ea,,$0.59/ 100g,False
pantry,Shah,New Treasure Long Grain Parboiled Rice,ShahNew Treasure Long Grain Parboiled Rice8 kg,$14.99ea,,$0.19/ 100g,False
pantry,Weber,Flavour Bomb Seasoning,WeberFlavour Bomb Seasoning191 g,$6.99ea,,$3.66/ 100g,False
pantry,Club House,"Vanilla, Artificial","Club HouseVanilla, Artificial43 ml",$4.29ea,,$9.98/ 100ml,False
pantry,Hellmanns,"Vinaigrette for salads, grain bowls, and marinades Lemon Za’atar salad dressing","HellmannsVinaigrette for salads, grain bowls, and marinades Lemon Za’atar salad dressing475 ml",$5.99ea,,$1.26/ 100ml,False
pantry,Knorr,Rice Noodle Cup Vietnamese Beef Pho Low Fat ,KnorrRice Noodle Cup Vietnamese Beef Pho Low Fat 60 g,$3.49ea,,$5.82/ 100g,False
pantry,Jus' Better,Sour Neon Worms,Jus' BetterSour Neon Worms550 g,$4.99ea,,$0.91/ 100g,False
pantry,Club House,Pickling Spice (Pouch),Club HousePickling Spice (Pouch)110 g,$6.99ea,,$6.35/ 100g,False
pantry,,Jubes  Candy,Jubes  Candy,$0.99/100 g,,$0.99/ 100g,False
pantry,Kelloggs,Special K Red Berries Cereal,KelloggsSpecial K Red Berries Cereal320 g,$6.49ea,,$2.03/ 100g,False
pantry,Hellmanns,"Mayonnaise for sandwiches, salads, and burgers Real gluten-free and kosher","HellmannsMayonnaise for sandwiches, salads, and burgers Real gluten-free and kosher1.42 l",$11.49ea,,$0.81/ 100ml,False
pantry,Catelli,"SuperGreens, Fusilli Pasta","CatelliSuperGreens, Fusilli Pasta300 g",$3.79ea,,$1.26/ 100g,False
pantry,President's Choice,Rice Vermicelli Noodles,President's ChoiceRice Vermicelli Noodles225 g,$2.89ea,,$1.28/ 100g,False
pantry,,Raw  Pecan Pieces,Raw  Pecan Pieces,$4.59/100 g,,$4.59/ 100g,False
pantry,Kelloggs,Cereal Maple Cinnamon Flavour,KelloggsCereal Maple Cinnamon Flavour435 g,$5.99ea,,$1.38/ 100g,False
pantry,Campbell's,Cream of Chicken Soup,Campbell'sCream of Chicken Soup284 ml,$2.99ea,,$1.05/ 100ml,False
pantry,,Bbq Flavored  Peanuts,Bbq Flavored  Peanuts,$1.29/100 g,,$1.29/ 100g,False
pantry,Hellmanns,Mayonnaise Real,HellmannsMayonnaise Real340 ml,$6.49ea,,$1.91/ 100ml,False
pantry,President's Choice,Green Goddess Dressing,President's ChoiceGreen Goddess Dressing475 ml,$3.99ea,,$0.84/ 100ml,False
pantry,PC Black Label,Spaghetti,PC Black LabelSpaghetti500 g,$4.99ea,,$1.00/ 100g,False
pantry,Club House,Imitation French Vanilla Extract,Club HouseImitation French Vanilla Extract43 ml,$5.49ea,,$12.77/ 100ml,False
pantry,Old El Paso,Refried Beans With Mild Green Chilies,Old El PasoRefried Beans With Mild Green Chilies398 ml,$3.99ea,,$1.00/ 100ml,False
pantry,Renees,Dressing And Dip Mighty Caesar,ReneesDressing And Dip Mighty Caesar355 ml,$6.49ea,,$1.83/ 100ml,False
pantry,PC Black Label,Peri Peri Spice Blend,PC Black LabelPeri Peri Spice Blend85 g,$6.49ea,,$7.64/ 100g,False
pantry,President's Choice,Black Peppercorns,President's ChoiceBlack Peppercorns48 g,$5.99ea,,$12.48/ 100g,False
pantry,President's Choice,Table Syrup With 10% Maple Syrup,President's ChoiceTable Syrup With 10% Maple Syrup750 ml,$8.49ea,,$1.13/ 100ml,False
pantry,Campbell's,"Cream Of Mushroom, Low Fat","Campbell'sCream Of Mushroom, Low Fat284 ml",$2.99ea,,$1.05/ 100ml,False
pantry,Gees Bees Honey Company,Blueberry Blossom Honey,Gees Bees Honey CompanyBlueberry Blossom Honey500 g,$14.99ea,,$3.00/ 100g,False
pantry,Stock and Barrel,"Roasted Virginia Peanuts, Salted","Stock and BarrelRoasted Virginia Peanuts, Salted650 g",$7.99ea,,$1.23/ 100g,False
pantry,Tim Hortons,Chicken Noodle Soup,Tim HortonsChicken Noodle Soup540 ml,$4.59ea,,$0.85/ 100ml,False
pantry,,Punjabi Mix,Punjabi Mix,$1.99/125 g,,$1.59/ 100g,False
pantry,No Name,Poppy Seeds,No NamePoppy Seeds150 g,$3.99ea,,$2.66/ 100g,False
pantry,,Unsalted  Cranberry Cocktail  Trail Mix,Unsalted  Cranberry Cocktail  Trail Mix,$1.89/100 g,,$1.89/ 100g,False
pantry,Five Roses,White All Purpose Flour,Five RosesWhite All Purpose Flour2.5 kg,$7.99ea,,$0.32/ 100g,False
pantry,President's Choice,Pickled and Sliced Jalapeno Peppers,President's ChoicePickled and Sliced Jalapeno Peppers250 ml,$3.49ea,,$1.40/ 100ml,False
pantry,Campbell's,Garden Vegetable Minestrone Ready to Serve Soup,Campbell'sGarden Vegetable Minestrone Ready to Serve Soup515 ml,$3.59ea,,$0.70/ 100ml,False
pantry,President's Choice,Italian Seasoning,President's ChoiceItalian Seasoning30 g,$5.99ea,,$19.97/ 100g,False
pantry,Club House,Bay Leaves,Club HouseBay Leaves13 g,$7.49ea,,$57.62/ 100g,False
pantry,Renees,Caesar Dressing,ReneesCaesar Dressing355 ml,$6.49ea,,$1.83/ 100ml,False
pantry,Flourish,Protein Pancake & Waffle Mix Buttermilk,FlourishProtein Pancake & Waffle Mix Buttermilk430 g,$9.49ea,,$2.21/ 100g,False
pantry,,Cajun Sizzler  Snack Mix,Cajun Sizzler  Snack Mix,$1.79/100 g,,$1.79/ 100g,False
pantry,Strubs,Pickled Eggs,StrubsPickled Eggs500 ml,$6.49ea,,$1.30/ 100ml,False
pantry,,Roasted Salted  Peanuts,Roasted Salted  Peanuts,$2.38/200 g,,$1.19/ 100g,False
pantry,Hellmanns,Dressing salad for sandwiches and salads Classic Ranch made in Canada,HellmannsDressing salad for sandwiches and salads Classic Ranch made in Canada475 ml,$5.99ea,,$1.26/ 100ml,False
pantry,Knorr,Pasta Side Dish that's easy to prepare Creamy Parmesan ,KnorrPasta Side Dish that's easy to prepare Creamy Parmesan 133 g,$2.79ea,,$2.10/ 100g,False
pantry,Renees,Light Caesar Dressing,ReneesLight Caesar Dressing750 ml,$8.99ea,,$1.20/ 100ml,False
pantry,Barilla,Pasta Medium Shells N.393,BarillaPasta Medium Shells N.393410 g,$3.49ea,,$0.85/ 100g,False
pantry,Club House,Chili Powder,Club HouseChili Powder138 g,$7.99ea,,$5.79/ 100g,False
pantry,Club House,Paprika,Club HousePaprika119 g,$9.99ea,,$8.39/ 100g,False
pantry,Campbell's,Chicken Gumbo,Campbell'sChicken Gumbo284 ml,$2.99ea,,$1.05/ 100ml,False
pantry,Club House,Sea Salt Grinder,Club HouseSea Salt Grinder60 g,$4.49ea,,$7.48/ 100g,False
pantry,Club House,Curry Powder,Club HouseCurry Powder110 g,$9.99ea,,$9.08/ 100g,False
pantry,Lipton,Cup-a-Soup Instant Soup Mix Chicken Noodle low fat,LiptonCup-a-Soup Instant Soup Mix Chicken Noodle low fat58 g,$2.99ea,,$5.16/ 100g,False
pantry,Mr Noodles,Instant Noodles Curry Chicken Simulated Flavour,Mr NoodlesInstant Noodles Curry Chicken Simulated Flavour85 g,$0.79ea,,$0.93/ 100g,False
pantry,President's Choice,Chipotle Mayo Sandwich Spread,President's ChoiceChipotle Mayo Sandwich Spread300 ml,$4.49ea,,$1.50/ 100ml,False
pantry,Brunswick,"Sardines, Spring Water","BrunswickSardines, Spring Water106 g",$2.29ea,,$2.16/ 100g,False
pantry,Post,Shredded Wheat Big Biscuit Cereal,PostShredded Wheat Big Biscuit Cereal425 g,$5.99ea,,$1.41/ 100g,False
pantry,Barilla,Pasta Spaghettoni,BarillaPasta Spaghettoni410 g,$3.49ea,,$0.85/ 100g,False
pantry,Unico,"Manzanilla Olives, Stuffed","UnicoManzanilla Olives, Stuffed750 ml",$6.99ea,,$0.93/ 100ml,False
pantry,President's Choice,Hot Taco Seasoning Mix,President's ChoiceHot Taco Seasoning Mix24 g,$1.39ea,,$5.79/ 100g,False
pantry,Stubb's,Seasoning Beef Rub    ,Stubb'sSeasoning Beef Rub    151 g,$6.99ea,,$4.63/ 100g,False
pantry,Club House,Garlic Salt,Club HouseGarlic Salt220 g,$6.99ea,,$3.18/ 100g,False
pantry,Catelli,"SuperGreens, Spaghetti Pasta","CatelliSuperGreens, Spaghetti Pasta300 g",$3.79ea,,$1.26/ 100g,False
pantry,President's Choice,Everything Bagel Seasoning,President's ChoiceEverything Bagel Seasoning65 g,$6.49ea,,$9.98/ 100g,False
pantry,,Skittles  Candies,Skittles  Candies,$2.69/100 g,,$2.69/ 100g,False
pantry,Kelloggs,Cereal Maple Cinnamon Flavour,KelloggsCereal Maple Cinnamon Flavour435 g,$5.99ea,,$1.38/ 100g,False
pantry,Campbell's,Cream of Chicken Soup,Campbell'sCream of Chicken Soup284 ml,$2.99ea,,$1.05/ 100ml,False
pantry,,Bbq Flavored  Peanuts,Bbq Flavored  Peanuts,$1.29/100 g,,$1.29/ 100g,False
pantry,President's Choice,Parsley Leaves,President's ChoiceParsley Leaves8 g,$6.49ea,,$81.13/ 100g,False
pantry,,Milk Chocolate  Jujubes,Milk Chocolate  Jujubes,$1.49/100 g,,$1.49/ 100g,False
pantry,Campbell's,Classic Chicken Noodle Ready to Serve Soup,Campbell'sClassic Chicken Noodle Ready to Serve Soup515 ml,$3.59ea,,$0.70/ 100ml,False
pantry,Club House,Organic Crushed Red Pepper,Club HouseOrganic Crushed Red Pepper23 g,$3.79ea,,$16.48/ 100g,False
pantry,Clover Leaf,"Chunk Light Tuna, Skip Jack In Water","Clover LeafChunk Light Tuna, Skip Jack In Water170 g",$2.39ea,,$1.41/ 100g,False
pantry,President's Choice,Ground Chipotle Chili Pepper,President's ChoiceGround Chipotle Chili Pepper54 g,$6.49ea,,$12.02/ 100g,False
pantry,Jell-O,"Strawberry Jelly Powder, Gelatin Mix","Jell-OStrawberry Jelly Powder, Gelatin Mix85 g",$1.49ea,,$1.75/ 100g,False
pantry,President's Choice,Mixed Nuts with Sea Salt,President's ChoiceMixed Nuts with Sea Salt680 g,$13.99ea,,$2.06/ 100g,False
pantry,Club House,Organic Paprika,Club HouseOrganic Paprika40 g,$3.79ea,,$9.48/ 100g,False
pantry,President's Choice,Medium Curry Powder,President's ChoiceMedium Curry Powder42 g,$6.49ea,,$15.45/ 100g,False
pantry,,Raw  Hazelnuts,Raw  Hazelnuts,$3.49/100 g,,$3.49/ 100g,False
pantry,Watkins,Organic Garlic Salt Grinder,WatkinsOrganic Garlic Salt Grinder123 g,$8.99ea,,$7.31/ 100g,False
pantry,Strubs,Dill Pickles,StrubsDill Pickles1.5 l,$7.99ea,,$0.53/ 100ml,False
pantry,Sapporo,"Ichiban Japanese Style Noodles, Chicken","SapporoIchiban Japanese Style Noodles, Chicken100 g",$1.29ea,,$1.29/ 100g,False
pantry,President's Choice,Hearty Chicken Noodle Soup,President's ChoiceHearty Chicken Noodle Soup540 ml,$3.49ea,,$0.65/ 100ml,False
pantry,President's Choice,Raw Cashews,President's ChoiceRaw Cashews680 g,$13.99ea,,$2.06/ 100g,False
pantry,No Name,Pure White Vinegar ,No NamePure White Vinegar 4 l,$3.99ea,,$0.10/ 100ml,False
pantry,General Mills,Cinnamon Chex Family Size,General MillsCinnamon Chex Family Size542 g,$8.49ea,,$1.57/ 100g,False
pantry,Club House,Garlic Powder,Club HouseGarlic Powder165 g,$7.99ea,,$4.84/ 100g,False
pantry,President's Choice,Chorizo Taco Seasoning Mix,President's ChoiceChorizo Taco Seasoning Mix24 g,$1.39ea,,$5.79/ 100g,False
pantry,Ocean's Halo,Light Tuna Chunk in Water,Ocean's HaloLight Tuna Chunk in Water170 g,$2.19ea,,$1.29/ 100g,False
pantry,Smuckers,Pure Blueberry Jam,SmuckersPure Blueberry Jam250 ml,$4.49ea,,$1.80/ 100ml,False
pantry,Quaker,Oatmeal Chocolate Chip Muffin Mix,QuakerOatmeal Chocolate Chip Muffin Mix900 g,$5.99ea,,$0.67/ 100g,False
pantry,Old El Paso,Quesadilla Seasoning,Old El PasoQuesadilla Seasoning24 g,$1.99ea,,$8.29/ 100g,False
pantry,No Name,Chicken Flavour Instant Noodle Soup,No NameChicken Flavour Instant Noodle Soup85 g,$0.59ea,,$0.69/ 100g,False
pantry,Clover Leaf,"Crabmeat, 15% Leg Meat","Clover LeafCrabmeat, 15% Leg Meat120 g",$6.49ea,,$5.41/ 100g,False
pantry,President's Choice,World of Flavours Thai Chicken Soup,President's ChoiceWorld of Flavours Thai Chicken Soup540 ml,$3.49ea,,$0.65/ 100ml,False
pantry,Betty Crocker,Gluten Free Chocolate Chip Cookie Mix,Betty CrockerGluten Free Chocolate Chip Cookie Mix539 g,$7.99ea,,$1.48/ 100g,False
pantry,No Name,Pecan Pieces,No NamePecan Pieces100 g,$5.29ea,,$5.29/ 100g,False
pantry,No Name,Pure 100% Canadian Liquid Honey,No NamePure 100% Canadian Liquid Honey1 kg,$11.99ea,,$1.20/ 100g,False
pantry,No Name,Crushed Pineapple in Pineapple Juice,No NameCrushed Pineapple in Pineapple Juice540 ml,$2.59ea,,$0.48/ 100ml,False
pantry,President's Choice,Unsalted Mixed Nuts,President's ChoiceUnsalted Mixed Nuts300 g,$7.99ea,,$2.66/ 100g,False
pantry,Franks,Mild Wings Sauce,FranksMild Wings Sauce354 ml,$5.29ea,,$1.49/ 100ml,False
pantry,BeeMaid,Raw Honey     ,BeeMaidRaw Honey     500 g,$12.49ea,,$2.50/ 100g,False
pantry,PC Blue Menu,Soup Mix,PC Blue MenuSoup Mix900 g,$3.49ea,,$0.39/ 100g,False
pantry,No Name,Soy Sauce,No NameSoy Sauce450 ml,$2.49ea,$1.99ea,$0.44/ 100ml,True
pantry,McCormicks,"International Sauce Mix, Green Peppercorn","McCormicksInternational Sauce Mix, Green Peppercorn38 g",$2.49ea,,$6.55/ 100g,False
pantry,President's Choice,Bacon and Maple Barbecue Sauce,President's ChoiceBacon and Maple Barbecue Sauce500 ml,$3.99ea,,$0.80/ 100ml,False
pantry,Robin Hood,Whole Wheat All Purpose Flour,Robin HoodWhole Wheat All Purpose Flour2.5 kg,$7.99ea,,$0.32/ 100g,False
pantry,Kelloggs,Rice Krispies Cinnamon Cereal,KelloggsRice Krispies Cinnamon Cereal320 g,$5.99ea,,$1.87/ 100g,False
pantry,President's Choice,Sweetened Dried Mangoes,President's ChoiceSweetened Dried Mangoes120 g,$3.99ea,,$3.33/ 100g,False
pantry,No Name,Red Wine Vinegar,No NameRed Wine Vinegar500 ml,$3.49ea,,$0.70/ 100ml,False
pantry,No Name,"Breadsticks and Cheese, Processed Cheese Product","No NameBreadsticks and Cheese, Processed Cheese Product3x29.0 g",$1.49ea,,$1.71/ 100g,False
pantry,President's Choice,Pepperpot Cooking Sauce ,President's ChoicePepperpot Cooking Sauce 400 ml,$4.99ea,$3.79ea,$0.95/ 100ml,True
pantry,Betty Crocker,Brownies Mix - Frosted,Betty CrockerBrownies Mix - Frosted550 g,$4.99ea,,$0.91/ 100g,False
pantry,KFI,Butter Chicken Sauce,KFIButter Chicken Sauce375 ml,$5.79ea,,$1.54/ 100ml,False
pantry,Strubs,Baby Dill Pickles,StrubsBaby Dill Pickles1 l,$7.99ea,,$0.80/ 100ml,False
pantry,Indomie,Instant Mi Goreng Fried Noodles,IndomieInstant Mi Goreng Fried Noodles5x85.0 g,$3.49ea,,$0.82/ 100g,False
pantry,Clover Leaf,"Brisling Sardines, Olive Oil","Clover LeafBrisling Sardines, Olive Oil106 g",$3.69ea,,$3.48/ 100g,False
pantry,President's Choice,Red Enchilada Sauce,President's ChoiceRed Enchilada Sauce215 ml,$2.99ea,,$1.39/ 100ml,False
pantry,President's Choice,100% Pure Maple Syrup (Amber),President's Choice100% Pure Maple Syrup (Amber)500 ml,$14.99ea,,$3.00/ 100ml,False
pantry,Catelli,"Smart, Fettuccine Pasta","CatelliSmart, Fettuccine Pasta375 g",$3.29ea,,$0.88/ 100g,False
pantry,Clover Leaf,Solid White Tuna Low Sodium Albacore in Water,Clover LeafSolid White Tuna Low Sodium Albacore in Water170 g,$3.49ea,,$2.05/ 100g,False
pantry,Habitant,Pea Soup with Smoked Ham,HabitantPea Soup with Smoked Ham796 ml,$3.69ea,,$0.46/ 100ml,False
pantry,General Mills,Cheerios Cereal Apple Cinnamon Family Size,General MillsCheerios Cereal Apple Cinnamon Family Size778 g,$5.99ea,,$0.77/ 100g,False
pantry,No Name,Cavatappi Pasta,No NameCavatappi Pasta900 g,$2.49ea,,$0.28/ 100g,False
pantry,Club House,Celery Salt,Club HouseCelery Salt190 g,$9.29ea,,$4.89/ 100g,False
pantry,No Name,Extra Broad Egg Noodles,No NameExtra Broad Egg Noodles340 g,$2.99ea,,$0.88/ 100g,False
pantry,Knorr,Pasta Side Dish Butter & Herb ,KnorrPasta Side Dish Butter & Herb 133 g,$2.79ea,,$2.10/ 100g,False
pantry,No Name,Spaghetti Pasta,No NameSpaghetti Pasta900 g,$2.49ea,,$0.28/ 100g,False
pantry,Italpasta,"Shells, Large","ItalpastaShells, Large900 g",$3.79ea,,$0.42/ 100g,False
pantry,Unico,Elbows,UnicoElbows750 g,$3.29ea,,$0.44/ 100g,False
pantry,Mr Noodles,Instant Noodles Vegetable Flavour,Mr NoodlesInstant Noodles Vegetable Flavour85 g,$0.79ea,,$0.93/ 100g,False
pantry,President's Choice,"Wild Pacific Pink Salmon, Sustainably Sourced ","President's ChoiceWild Pacific Pink Salmon, Sustainably Sourced 170 g",$4.69ea,,$2.76/ 100g,False
pantry,Rio Mare,Tuna in Water,Rio MareTuna in Water3x80.0 g,$6.99ea,,$2.91/ 100g,False
pantry,PC Blue Menu,Caesar Salad Dressing,PC Blue MenuCaesar Salad Dressing475 ml,$3.99ea,,$0.84/ 100ml,False
pantry,Old El Paso,Chopped Green Chilies,Old El PasoChopped Green Chilies127 ml,$2.99ea,,$2.35/ 100ml,False
pantry,Dececco,Pasta Penne Rigate No. 41,DececcoPasta Penne Rigate No. 41450 g,$3.49ea,,$0.77/ 100g,False
pantry,PC Black Label,Garam Masala Spice Blend,PC Black LabelGaram Masala Spice Blend70 g,$6.49ea,,$9.27/ 100g,False
pantry,Dececco,Spaghetti,DececcoSpaghetti450 g,$3.49ea,,$0.77/ 100g,False
pantry,Campbell's,Condensed Soup Cheddar Cheese,Campbell'sCondensed Soup Cheddar Cheese284 ml,$2.99ea,,$1.05/ 100ml,False
pantry,,Gummi Wiggly Worms,Gummi Wiggly Worms,$1.29/100 g,,$1.29/ 100g,False
pantry,President's Choice,Cream of Mushroom Soup,President's ChoiceCream of Mushroom Soup540 ml,$3.49ea,,$0.65/ 100ml,False
pantry,PC Blue Menu,Bran Flakes Cereal,PC Blue MenuBran Flakes Cereal775 g,$5.99ea,,$0.77/ 100g,False
pantry,President's Choice,Fajita Seasoning Mix ,President's ChoiceFajita Seasoning Mix 24 g,$1.39ea,,$5.79/ 100g,False
pantry,Renees,Homestyle Ranch Dressing,ReneesHomestyle Ranch Dressing355 ml,$6.49ea,,$1.83/ 100ml,False
pantry,President's Choice,Ground Turmeric ,President's ChoiceGround Turmeric 43 g,$6.49ea,,$15.09/ 100g,False
pantry,Knorr,Pasta Side Dish Sour Cream & Chives ,KnorrPasta Side Dish Sour Cream & Chives 133 g,$2.79ea,,$2.10/ 100g,False
pantry,Unico,Spaghettini,UnicoSpaghettini750 g,$3.29ea,,$0.44/ 100g,False
pantry,Weber,Garlic Parmesan Seasoning,WeberGarlic Parmesan Seasoning122 g,$6.99ea,,$5.73/ 100g,False
pantry,Quaker,Harvest Crunch Canadian Maple Granola Cereal,QuakerHarvest Crunch Canadian Maple Granola Cereal475 g,$6.49ea,,$1.37/ 100g,False
pantry,Vlasic,"Pickles, Bread & Butter Chips","VlasicPickles, Bread & Butter Chips1 l",$6.49ea,,$0.65/ 100ml,False
pantry,Chef Boyardee,Beef Ravioli,Chef BoyardeeBeef Ravioli425 g,$2.49ea,,$0.59/ 100g,False
pantry,Shah,New Treasure Long Grain Parboiled Rice,ShahNew Treasure Long Grain Parboiled Rice8 kg,$14.99ea,,$0.19/ 100g,False
pantry,Weber,Flavour Bomb Seasoning,WeberFlavour Bomb Seasoning191 g,$6.99ea,,$3.66/ 100g,False
pantry,Club House,"Vanilla, Artificial","Club HouseVanilla, Artificial43 ml",$4.29ea,,$9.98/ 100ml,False
pantry,Hellmanns,"Vinaigrette for salads, grain bowls, and marinades Lemon Za’atar salad dressing","HellmannsVinaigrette for salads, grain bowls, and marinades Lemon Za’atar salad dressing475 ml",$5.99ea,,$1.26/ 100ml,False
pantry,Knorr,Rice Noodle Cup Vietnamese Beef Pho Low Fat ,KnorrRice Noodle Cup Vietnamese Beef Pho Low Fat 60 g,$3.49ea,,$5.82/ 100g,False
pantry,Quaker,Maple & Brown Sugar Flavour Instant Oatmeal,QuakerMaple & Brown Sugar Flavour Instant Oatmeal344 g,$4.79ea,,$1.39/ 100g,False
pantry,Jus' Better,Sour Neon Worms,Jus' BetterSour Neon Worms550 g,$4.99ea,,$0.91/ 100g,False
pantry,Club House,Pickling Spice (Pouch),Club HousePickling Spice (Pouch)110 g,$6.99ea,,$6.35/ 100g,False
pantry,,Jubes  Candy,Jubes  Candy,$0.99/100 g,,$0.99/ 100g,False
pantry,Kelloggs,Special K Red Berries Cereal,KelloggsSpecial K Red Berries Cereal320 g,$6.49ea,,$2.03/ 100g,False
pantry,President's Choice,The Decadent Semi-Sweet Chocolate Chips,President's ChoiceThe Decadent Semi-Sweet Chocolate Chips1.8 kg,$18.99ea,,$1.06/ 100g,False
pantry,ED Smith,"Pie Filling, Blueberry","ED SmithPie Filling, Blueberry540 ml",$7.49ea,,$1.39/ 100ml,False
pantry,No Name,Peach Slices in Water,No NamePeach Slices in Water398 ml,$2.79ea,,$0.70/ 100ml,False
pantry,Quaker,Peaches & Cream Flavour Instant Oatmeal,QuakerPeaches & Cream Flavour Instant Oatmeal264 g,$4.79ea,,$1.81/ 100g,False
pantry,No Name,Medium Salsa,No NameMedium Salsa430 ml,$3.99ea,,$0.93/ 100ml,False
pantry,President's Choice,Mild Seafood Sauce,President's ChoiceMild Seafood Sauce250 ml,$2.79ea,,$1.12/ 100ml,False
pantry,Yves,Organic Black Beans    ,YvesOrganic Black Beans    398 ml,$3.29ea,,$0.83/ 100ml,False
pantry,Dole,Sliced Peaches In Water,DoleSliced Peaches In Water540 ml,$4.29ea,,$0.79/ 100ml,False
pantry,PC Blue Menu,Apple Cinnamon Flavour Protein Pancake Mix,PC Blue MenuApple Cinnamon Flavour Protein Pancake Mix340 g,$4.49ea,,$1.32/ 100g,False
pantry,Kelloggs,Corn Flake Crumbs,KelloggsCorn Flake Crumbs575 g,$5.99ea,,$1.04/ 100g,False
pantry,St Hubert,Hot Chicken Sauce,St HubertHot Chicken Sauce398 ml,$2.99ea,,$0.75/ 100ml,False
pantry,No Name,Pickles Garlic,No NamePickles Garlic1 l,$5.49ea,,$0.55/ 100ml,False
pantry,Minute Rice,Whole Grain Brown Rice,Minute RiceWhole Grain Brown Rice600 g,$6.99ea,,$1.17/ 100g,False
pantry,Mr Noodles,"Instant Noodles, Beef","Mr NoodlesInstant Noodles, Beef12x85.0 g",$6.79ea,,$0.67/ 100g,False
pantry,President's Choice,Dulce de leche,President's ChoiceDulce de leche450 g,$3.79ea,,$0.84/ 100g,False
pantry,President's Choice,Couscous,President's ChoiceCouscous1.8 kg,$10.99ea,,$0.61/ 100g,False
pantry,Sunmaid,Yogurt Raisins,SunmaidYogurt Raisins200 g,$4.99ea,,$2.50/ 100g,False
pantry,President's Choice,Raw California Almonds,President's ChoiceRaw California Almonds400 g,$6.99ea,,$1.75/ 100g,False
pantry,Del Monte,Stewed Prunes,Del MonteStewed Prunes767 ml,$6.99ea,,$0.91/ 100ml,False
pantry,Wilton,White Ready-to-Use Icing Tube,WiltonWhite Ready-to-Use Icing Tube120 g,$4.19ea,,$3.49/ 100g,False
pantry,The Keg,BBQ Sauce Chicken Rib   ,The KegBBQ Sauce Chicken Rib   355 ml,$5.49ea,,$1.55/ 100ml,False
pantry,,Dates,Dates,$0.89/100 g,,$0.89/ 100g,False
pantry,The Spice Tailor,Medium Delhi Biryani Kit,The Spice TailorMedium Delhi Biryani Kit360 g,$6.99ea,,$1.94/ 100g,False
pantry,Knorr,Gravy Mix For A Rich Flavour Seasoned With Herbs Hunter No Artificial Flavours,KnorrGravy Mix For A Rich Flavour Seasoned With Herbs Hunter No Artificial Flavours32 g,$2.49ea,,$7.78/ 100g,False
pantry,General Mills,"Granola, Oats and Honey Flavoured","General MillsGranola, Oats and Honey Flavoured481 g",$10.49ea,,$2.18/ 100g,False
pantry,Bonne Maman,Mango & Peach Spread,Bonne MamanMango & Peach Spread280 ml,$7.49ea,,$2.68/ 100ml,False
pantry,Kuehne,Sundried Tomatoes,KuehneSundried Tomatoes375 ml,$7.99ea,,$2.13/ 100ml,False
pantry,KODIAK CAKES,Chocolate Chip Instant Oatmeal,KODIAK CAKESChocolate Chip Instant Oatmeal313 g,$6.99ea,,$2.23/ 100g,False
pantry,President's Choice,Orange Blossom Honey,President's ChoiceOrange Blossom Honey375 g,$3.99ea,,$1.06/ 100g,False
pantry,The Extreme Bean,"Extreme Bean, Sweet & Savoury","The Extreme BeanExtreme Bean, Sweet & Savoury500 ml",$6.49ea,,$1.30/ 100ml,False
pantry,Kraft,Baker's Premium 70% Dark Chocolate Baking Bar,KraftBaker's Premium 70% Dark Chocolate Baking Bar170 g,$5.99ea,,$3.52/ 100g,False
pantry,Wilton,"Silver Stars Sprinkles Pouch, 30 g","WiltonSilver Stars Sprinkles Pouch, 30 g32 g",$1.59ea,,$4.97/ 100g,False
pantry,Mutti,Tomato Paste     ,MuttiTomato Paste     156 ml,$3.99ea,,$2.56/ 100ml,False
pantry,Pam,Cooking Spray,PamCooking Spray170 g,$6.49ea,,$3.82/ 100g,False
pantry,Bens,Basmati,BensBasmati250 g,$3.99ea,,$1.60/ 100g,False
pantry,Bens,Tomato & Herb Flavour,BensTomato & Herb Flavour250 g,$3.99ea,,$1.60/ 100g,False
pantry,Bens,Jasmine,BensJasmine240 g,$3.99ea,,$1.66/ 100g,False
pantry,Bens,Cheddar & Jalapeno Flavour,BensCheddar & Jalapeno Flavour240 g,$3.99ea,,$1.66/ 100g,False
pantry,Bens,Sambal Chili Flavour,BensSambal Chili Flavour240 g,$3.99ea,,$1.66/ 100g,False
pantry,Bens,Jambalaya Style Rice,BensJambalaya Style Rice240 g,$3.99ea,,$1.66/ 100g,False
pantry,Prego,"Pasta Sauce, Mushroom & Green Pepper","PregoPasta Sauce, Mushroom & Green Pepper645 ml",$4.49ea,,$0.70/ 100ml,False
pantry,Unico,Lentils,UnicoLentils540 ml,$2.29ea,,$0.42/ 100ml,False
pantry,Campbell's,Blazin' Roadhouse Chili-Style Ready to Serve Soup,Campbell'sBlazin' Roadhouse Chili-Style Ready to Serve Soup515 ml,$3.49ea,,$0.68/ 100ml,False
pantry,Bens,Jasmine Rice Soy & Ginger Flavour,BensJasmine Rice Soy & Ginger Flavour240 g,$3.99ea,,$1.66/ 100g,False
pantry,No Name,Flaked Light Tuna,No NameFlaked Light Tuna170 g,$1.89ea,,$1.11/ 100g,False
pantry,Bens,Organic Brown Jasmine Rice Cilantro & Lime Flavour ,BensOrganic Brown Jasmine Rice Cilantro & Lime Flavour 240 g,$4.49ea,,$1.87/ 100g,False
pantry,Campbell's,Chunky Beef,Campbell'sChunky Beef515 ml,$3.49ea,,$0.68/ 100ml,False
pantry,Campbell's,Chunky Vegetable Beef,Campbell'sChunky Vegetable Beef515 ml,$3.49ea,,$0.68/ 100ml,False
pantry,Unico,Peeled Plum Tomatoes,UnicoPeeled Plum Tomatoes796 ml,$2.29ea,,$0.29/ 100ml,False
pantry,Kraft,"Rancher's Choice Dressing, Calorie Wise","KraftRancher's Choice Dressing, Calorie Wise475 ml",$4.49ea,,$0.95/ 100ml,False
pantry,Campbell's,Chunky Chicken Vegetable Pot Pie,Campbell'sChunky Chicken Vegetable Pot Pie515 ml,$3.49ea,,$0.68/ 100ml,False
pantry,Molisana,Passata Di Pomodoro Strained Tomatoes,MolisanaPassata Di Pomodoro Strained Tomatoes680 ml,$2.29ea,,$0.34/ 100ml,False
pantry,General Mills,Chex Honey Nut Cereal,General MillsChex Honey Nut Cereal395 g,$5.49ea,,$1.39/ 100g,False
pantry,Stove Top,Chicken Stuffing Mix,Stove TopChicken Stuffing Mix120 g,$2.79ea,,$2.33/ 100g,False
pantry,Kraft,Miracle Whip Calorie Wise Spread,KraftMiracle Whip Calorie Wise Spread890 ml,$7.99ea,,$0.90/ 100ml,False
pantry,Old El Paso,Tortilla Bowl Kit,Old El PasoTortilla Bowl Kit309 g,$4.99ea,,$1.61/ 100g,False
pantry,General Mills,Reese Puffs,General MillsReese Puffs326 g,$5.49ea,,$1.68/ 100g,False
pantry,General Mills,"Corn Chex Cereal, Gluten Free","General MillsCorn Chex Cereal, Gluten Free340 g",$5.49ea,,$1.61/ 100g,False
pantry,Kraft,Miracle Whip Olive Oil Spread,KraftMiracle Whip Olive Oil Spread890 ml,$7.99ea,,$0.90/ 100ml,False
pantry,Hershey's,"Chipits Milk Chocolate Chips, 835G","Hershey'sChipits Milk Chocolate Chips, 835G835 g",$13.99ea,,$1.68/ 100g,False
pantry,Lee Kum Kee,Panda Brand Oyster Sauce,Lee Kum KeePanda Brand Oyster Sauce510 ml,$3.79ea,,$0.74/ 100g,False
pantry,No Name,Vegetable Broth,No NameVegetable Broth900 ml,$1.50ea,$0.99ea,$0.11/ 100ml,True
pantry,Classico,Roasted Red Pepper Alfredo Spaghetti Pasta Sauce,ClassicoRoasted Red Pepper Alfredo Spaghetti Pasta Sauce410 ml,$4.99ea,,$1.22/ 100ml,False
pantry,President's Choice,Roasted Garlic Alfredo Pasta Sauce,President's ChoiceRoasted Garlic Alfredo Pasta Sauce410 ml,$4.00ea,,$0.98/ 100ml,False
pantry,Classico,Italian Sausage,ClassicoItalian Sausage650 ml,$4.99ea,,$0.77/ 100ml,False
pantry,President's Choice,Mild Salsa ,President's ChoiceMild Salsa 650 ml,$5.49ea,,$0.84/ 100ml,False
pantry,Heinz,Tomato Ketchup,HeinzTomato Ketchup1 l,$5.99ea,,$0.60/ 100ml,False
pantry,No Name,Diced Tomatoes,No NameDiced Tomatoes796 ml,$1.59ea,,$0.20/ 100ml,False
pantry,Classico,Traditional Pizza Sauce,ClassicoTraditional Pizza Sauce410 ml,$4.99ea,,$1.22/ 100ml,False
pantry,Post, Fruity Pebbles Cereal,Post Fruity Pebbles Cereal311 g,$5.49ea,,$1.77/ 100g,False
pantry,President's Choice,Mayonnaise,President's ChoiceMayonnaise890 ml,$6.99ea,,$0.79/ 100ml,False
pantry,President's Choice,Spinach & Cheese Pasta Sauce,President's ChoiceSpinach & Cheese Pasta Sauce650 ml,$4.00ea,,$0.62/ 100ml,False
pantry,No Name,Beef Broth,No NameBeef Broth900 ml,$1.50ea,$0.99ea,$0.11/ 100ml,True
pantry,Betty Crocker,SuperMoist Butter Pecan Cake Mix,Betty CrockerSuperMoist Butter Pecan Cake Mix432 g,$3.29ea,,$0.76/ 100g,False
pantry,President's Choice,Hot Salsa ,President's ChoiceHot Salsa 650 ml,$5.49ea,,$0.84/ 100ml,False
pantry,General Mills,Cinnamon Toast Crunch Rolls Cereal,General MillsCinnamon Toast Crunch Rolls Cereal303 g,$5.49ea,,$1.81/ 100g,False
pantry,President's Choice,Mayonnaise Made With Extra Virgin Olive Oil,President's ChoiceMayonnaise Made With Extra Virgin Olive Oil890 ml,$6.99ea,,$0.79/ 100ml,False
pantry,Betty Crocker,SuperMoist Carrot Cake Mix,Betty CrockerSuperMoist Carrot Cake Mix432 g,$3.29ea,,$0.76/ 100g,False
pantry,President's Choice,Mango & Lime Medium Salsa,President's ChoiceMango & Lime Medium Salsa430 ml,$4.99ea,,$1.16/ 100ml,False
pantry,General Mills,Trix Fruity Shapes Cereal,General MillsTrix Fruity Shapes Cereal303 g,$5.49ea,,$1.81/ 100g,False
pantry,Betty Crocker,SuperMoist Golden Cake Mix,Betty CrockerSuperMoist Golden Cake Mix432 g,$3.29ea,,$0.76/ 100g,False
pantry,Classico,Tomato & Basil Spaghetti Pasta Sauce,ClassicoTomato & Basil Spaghetti Pasta Sauce650 ml,$4.99ea,,$0.77/ 100ml,False
pantry,Clover Leaf,"Oysters, Smoked","Clover LeafOysters, Smoked85 g",$3.29ea,,$3.87/ 100g,False
pantry,President's Choice,Extra Chunky Mild Salsa,President's ChoiceExtra Chunky Mild Salsa650 ml,$5.49ea,,$0.84/ 100ml,False
pantry,President's Choice,Roasted Garlic Pasta Sauce,President's ChoiceRoasted Garlic Pasta Sauce650 ml,$4.00ea,,$0.62/ 100ml,False
pantry,Club House,Artificial Vanilla Extract,Club HouseArtificial Vanilla Extract125 ml,$6.29ea,,$5.03/ 100ml,False
pantry,No Name,Crushed Red Pepper ,No NameCrushed Red Pepper 60 g,$3.99ea,,$6.65/ 100g,False
pantry,Keens,Dry Mustard,KeensDry Mustard88 g,$6.79ea,,$7.72/ 100g,False
pantry,Windsor,Canning & Pickling Course Salt,WindsorCanning & Pickling Course Salt1.36 kg,$4.79ea,,$0.35/ 100g,False
pantry,Campbell's,Chicken Broth,Campbell'sChicken Broth900 ml,$3.49ea,,$0.39/ 100ml,False
pantry,No Name,Sesame Seeds,No NameSesame Seeds150 g,$3.99ea,,$2.66/ 100g,False
pantry,No Name,Black Peppercorns,No NameBlack Peppercorns125 g,$3.99ea,,$3.19/ 100g,False
pantry,Hereford,Corned Beef,HerefordCorned Beef340 g,$5.99ea,,$1.76/ 100g,False
pantry,G Hughes Smokehouse,"Sugar Free BBQ Sauce, Hickory","G Hughes SmokehouseSugar Free BBQ Sauce, Hickory490 ml",$6.99ea,,$1.43/ 100ml,False
pantry,No Name,Crunchy Peanut Butter,No NameCrunchy Peanut Butter1 kg,$4.79ea,,$0.48/ 100g,False
pantry,Bicks,50% Less Salt Garlic Dill Pickles,Bicks50% Less Salt Garlic Dill Pickles1 l,$6.49ea,,$0.65/ 100ml,False
pantry,Cullen's,Dark Red Kidney Beans,Cullen'sDark Red Kidney Beans540 ml,$4.49ea,,$0.83/ 100ml,False
pantry,President's Choice,"Memories Of Hong Kong Soy, Sesame & Ginger Sauce","President's ChoiceMemories Of Hong Kong Soy, Sesame & Ginger Sauce350 ml",$4.99ea,,$1.43/ 100ml,False
pantry,Club House,"Seasoning Mix, Taco, Less Salt","Club HouseSeasoning Mix, Taco, Less Salt35 g",$2.49ea,,$7.11/ 100g,False
pantry,President's Choice,Whole Grain Dijon Mustard,President's ChoiceWhole Grain Dijon Mustard250 ml,$2.79ea,,$1.12/ 100ml,False
pantry,Truvia,Calorie-Free Sweetener from the Stevia Leaf Sachets/Packets,TruviaCalorie-Free Sweetener from the Stevia Leaf Sachets/Packets280 g,$14.99ea,,$5.35/ 100g,False
pantry,Knorr,Concentrated Bouillon Vegetable Stock For Rich & Flavourful Dishes,KnorrConcentrated Bouillon Vegetable Stock For Rich & Flavourful Dishes250 ml,$7.79ea,,$3.12/ 100ml,False
pantry,Mutti,Strained Tomatoes with Basil,MuttiStrained Tomatoes with Basil398 ml,$3.49ea,,$0.88/ 100ml,False
pantry,No Name,Baked Beans in Tomato Sauce,No NameBaked Beans in Tomato Sauce12x398.0 ml,$16.49ea,,$0.35/ 100ml,False
pantry,Paesana,"Pasta Sauce, Sicilian Gravy","PaesanaPasta Sauce, Sicilian Gravy750 ml",$7.99ea,,$1.07/ 100ml,False
pantry,Jell-O,Chocolate Instant Pudding Mix,Jell-OChocolate Instant Pudding Mix170 g,$2.49ea,,$1.46/ 100g,False
pantry,President's Choice,Honey Hoisin Stir-Fry Sauce,President's ChoiceHoney Hoisin Stir-Fry Sauce350 ml,$3.79ea,,$1.08/ 100ml,False
pantry,Stock and Barrel,"Peanuts, BBQ","Stock and BarrelPeanuts, BBQ400 g",$5.99ea,,$1.50/ 100g,False
pantry,Minute Rice,Premium Long Grain Rice,Minute RicePremium Long Grain Rice700 g,$6.99ea,,$1.00/ 100g,False
pantry,No Name,Pickled Sliced Beets,No NamePickled Sliced Beets750 ml,$5.99ea,,$0.80/ 100ml,False
pantry,No Name,Pecan Halves,No NamePecan Halves400 g,$18.49ea,,$4.62/ 100g,False
pantry,Smuckers,Pure Apple Jelly,SmuckersPure Apple Jelly250 ml,$4.49ea,,$1.80/ 100ml,False
pantry,Robin Hood,Gluten Free All Purpose Flour Blend,Robin HoodGluten Free All Purpose Flour Blend907 g,$9.49ea,,$1.05/ 100g,False
pantry,Bicks,Sandwich Savers Yum Yum Sweet Pickles,BicksSandwich Savers Yum Yum Sweet Pickles500 ml,$5.49ea,,$1.10/ 100ml,False
pantry,Unico,"Kalamata Olives, Greek","UnicoKalamata Olives, Greek375 ml",$4.49ea,,$1.20/ 100ml,False
pantry,Betty Crocker,Gluten Free Chocolate Brownie Mix,Betty CrockerGluten Free Chocolate Brownie Mix454 g,$7.99ea,,$1.76/ 100g,False
pantry,No Name,"Olives, Salad","No NameOlives, Salad375 ml",$2.29ea,$1.99ea,$0.53/ 100ml,True
pantry,No Name,Fruit Cocktail In Water,No NameFruit Cocktail In Water398 ml,$2.79ea,,$0.70/ 100ml,False
pantry,Pataks,Tandoori Curry Paste,PataksTandoori Curry Paste284 ml,$6.49ea,,$2.29/ 100ml,False
pantry,VH,Stir-Fry Sauce - General Tao's,VHStir-Fry Sauce - General Tao's355 ml,$4.99ea,,$1.41/ 100ml,False
pantry,No Name,100% Pure Canola Oil,No Name100% Pure Canola Oil946 ml,$6.99ea,,$0.74/ 100ml,False
pantry,Dainty,Long Grain & Wild Rice,DaintyLong Grain & Wild Rice450 g,$4.99ea,,$1.11/ 100g,False
pantry,Bravos,Spaghetti Sauce,BravosSpaghetti Sauce680 ml,$3.29ea,,$0.48/ 100ml,False
pantry,Blue Dragon,Broccoli Beef Stir Fry Sauce,Blue DragonBroccoli Beef Stir Fry Sauce140 ml,$2.39ea,,$1.71/ 100ml,False
pantry,President's Choice,Smokin' Stampede Beer and Chipotle Barbecue Sauce,President's ChoiceSmokin' Stampede Beer and Chipotle Barbecue Sauce1 l,$5.99ea,,$0.60/ 100ml,False
pantry,Club House,"La Grille, Southern-Style BBQ Seasoning","Club HouseLa Grille, Southern-Style BBQ Seasoning125 g",$7.49ea,,$5.99/ 100g,False
pantry,Club House,"Dry Sauce Mix, Pork Gravy","Club HouseDry Sauce Mix, Pork Gravy24 g",$2.49ea,,$10.37/ 100g,False
pantry,Pataks,Korma Curry Paste,PataksKorma Curry Paste284 ml,$6.49ea,,$2.29/ 100ml,False
pantry,Jell-O,No Bake Classic Cheesecake Dessert Kit,Jell-ONo Bake Classic Cheesecake Dessert Kit314 g,$5.49ea,,$1.75/ 100g,False
pantry,PC Blue Menu,Baby Dill Pickles With Garlic,PC Blue MenuBaby Dill Pickles With Garlic1 l,$5.99ea,,$0.60/ 100ml,False
pantry,Smuckers,No Sugar Added Strawberry Spread,SmuckersNo Sugar Added Strawberry Spread310 ml,$5.99ea,,$1.93/ 100ml,False
pantry,Hellmanns,Classic Burger Sauce,HellmannsClassic Burger Sauce325 ml,$5.49ea,,$1.69/ 100ml,False
pantry,Aurora,Gluten-Free Bread Crumbs,AuroraGluten-Free Bread Crumbs454 g,$5.99ea,,$1.32/ 100g,False
pantry,PC Black Label,"Pasta Sauce, Arrabbiata","PC Black LabelPasta Sauce, Arrabbiata650 ml",$6.79ea,$6.29ea,$0.97/ 100ml,True
pantry,,Salted Plantain Chips,Salted Plantain Chips,$2.79/100 g,,$2.79/ 100g,False
pantry,Mutti,Finely Chopped Tomatoes,MuttiFinely Chopped Tomatoes796 ml,$4.49ea,,$0.56/ 100ml,False
pantry,Stock and Barrel,"Toasted Corn Nuts, Salted","Stock and BarrelToasted Corn Nuts, Salted250 g",$4.99ea,,$2.00/ 100g,False
pantry,Wilton,"Icing Colours, Primary Colours Set","WiltonIcing Colours, Primary Colours Set4 ea",$7.49ea,,$1.87/ 1ea,False
pantry,Kraft,Tartar Sauce,KraftTartar Sauce355 ml,$5.99ea,,$1.69/ 100ml,False
pantry,Jus' Better,Fruit Slices,Jus' BetterFruit Slices650 g,$4.99ea,,$0.77/ 100g,False
pantry,G Hughes Smokehouse,Sugar Free Thai Chili Wing Sauce,G Hughes SmokehouseSugar Free Thai Chili Wing Sauce355 ml,$6.99ea,,$1.97/ 100ml,False
pantry,Peace River Honey,Hot Honey,Peace River HoneyHot Honey375 g,$10.99ea,$8.99ea,$2.40/ 100g,True
pantry,Al Fez,Moroccan Meatball,Al FezMoroccan Meatball400 ml,$5.99ea,,$1.50/ 100ml,False
pantry,Urban Slicer,Neapolitan Style Pizza Dough ,Urban SlicerNeapolitan Style Pizza Dough 380 g,$13.99ea,,$3.68/ 100g,False
pantry,President's Choice,Creamy Horseradish Sauce,President's ChoiceCreamy Horseradish Sauce250 ml,$4.29ea,,$1.72/ 100ml,False
pantry,Windsor,Grinder Refill Sea Salt Extra Coarse,WindsorGrinder Refill Sea Salt Extra Coarse255 g,$4.79ea,,$1.88/ 100g,False
pantry,PC Blue Menu,Mushroom & Garlic Pasta Sauce,PC Blue MenuMushroom & Garlic Pasta Sauce700 ml,$5.49ea,,$0.78/ 100ml,False
pantry,Neal Brothers Foods,Roasted Garlic Pasta Sauce,Neal Brothers FoodsRoasted Garlic Pasta Sauce680 ml,$8.99ea,,$1.32/ 100ml,False
pantry,PC Splendido,3 Leaf Balsamic Vinegar of Modena,PC Splendido3 Leaf Balsamic Vinegar of Modena500 ml,$6.99ea,,$1.40/ 100ml,False
pantry,Robin Hood,100% Whole Grains Quick Oats,Robin Hood100% Whole Grains Quick Oats1 kg,$4.79ea,,$0.48/ 100g,False
pantry,PC Black Label,Soft Wheat Pizza Flour,PC Black LabelSoft Wheat Pizza Flour1 kg,$5.99ea,,$0.60/ 100g,False
pantry,PC Blue Menu,Protein & Chocolate Granola Boost Cereal,PC Blue MenuProtein & Chocolate Granola Boost Cereal325 g,$3.79ea,,$1.17/ 100g,False
pantry,Kraft,Macaroni & Cheese Alphabet Shapes,KraftMacaroni & Cheese Alphabet Shapes156 g,$3.59ea,,$2.30/ 100g,False
pantry,Minute Rice,"Ready To Serve, Long Grain & Wild Rice Chicken","Minute RiceReady To Serve, Long Grain & Wild Rice Chicken250 g",$3.99ea,,$1.60/ 100g,False
pantry,Bicks,Squeeze Sweet Green Relish,BicksSqueeze Sweet Green Relish500 ml,$4.99ea,,$1.00/ 100ml,False
pantry,Unico,Vegetable Oil     ,UnicoVegetable Oil     3 l,$13.99ea,,$0.47/ 100ml,False
pantry,PC Blue Menu,Just Almonds Smooth Almond Butter,PC Blue MenuJust Almonds Smooth Almond Butter340 g,$8.99ea,,$2.64/ 100g,False
pantry,Tilda,Rice Basmati,TildaRice Basmati4.54 kg,$18.99ea,,$0.42/ 100g,False
pantry,President's Choice,Peaches and Cream Flavour Instant Oatmeal,President's ChoicePeaches and Cream Flavour Instant Oatmeal325 g,$4.19ea,,$1.29/ 100g,False
pantry,No Name,Prepared Yellow Mustard,No NamePrepared Yellow Mustard550 ml,$2.79ea,,$0.51/ 100ml,False
pantry,President's Choice,Chicken & Ribs Barbecue Sauce,President's ChoiceChicken & Ribs Barbecue Sauce1 l,$4.99ea,,$0.50/ 100ml,False
pantry,No Name,Whole Artichoke Hearts,No NameWhole Artichoke Hearts398 ml,$4.99ea,,$1.25/ 100ml,False
pantry,Yves,Organic Pinto Beans,YvesOrganic Pinto Beans398 ml,$3.29ea,,$0.83/ 100ml,False
pantry,Unico,"Olives, Stuffed with Jalapeno","UnicoOlives, Stuffed with Jalapeno375 ml",$3.99ea,,$1.06/ 100ml,False
pantry,PC Splendido,Cold-Extracted Extra Virgin Olive Oil,PC SplendidoCold-Extracted Extra Virgin Olive Oil1 l,$11.49ea,$8.99ea,$0.90/ 100ml,True
pantry,No Name,Corn Syrup,No NameCorn Syrup1 l,$6.29ea,,$0.63/ 100ml,False
pantry,No Name,100% Canadian Pure Creamed Honey,No Name100% Canadian Pure Creamed Honey500 g,$7.99ea,,$1.60/ 100g,False
pantry,Kelloggs,Apple Jacks Cereal,KelloggsApple Jacks Cereal345 g,$5.99ea,,$1.74/ 100g,False
pantry,President's Choice,Unsalted Dry Roasted California Almonds,President's ChoiceUnsalted Dry Roasted California Almonds375 g,$7.99ea,,$2.13/ 100g,False
pantry,No Name,Pear Halves in Water,No NamePear Halves in Water398 ml,$2.79ea,,$0.70/ 100ml,False
pantry,President's Choice,Chocolate Hazelnut Spread,President's ChoiceChocolate Hazelnut Spread725 g,$7.49ea,,$1.03/ 100g,False
pantry,President's Choice,Long Grain Instant Rice,President's ChoiceLong Grain Instant Rice700 g,$6.99ea,,$1.00/ 100g,False
pantry,Franks,"Hot Sauce, Original Cayenne Pepper","FranksHot Sauce, Original Cayenne Pepper680 ml",$8.29ea,,$1.22/ 100ml,False
pantry,PC Blue Menu,Tomato Basil Pasta Sauce,PC Blue MenuTomato Basil Pasta Sauce700 ml,$5.49ea,,$0.78/ 100ml,False
pantry,Bens,Homestyle Chicken Flavour & Wild Rice,BensHomestyle Chicken Flavour & Wild Rice132 g,$2.99ea,,$2.27/ 100g,False
pantry,PC Black Label,Pizza Sauce,PC Black LabelPizza Sauce350 ml,$4.69ea,,$1.34/ 100ml,False
pantry,PC Blue Menu,Red Kidney Beans ,PC Blue MenuRed Kidney Beans 900 g,$3.49ea,,$0.39/ 100g,False
pantry,Betty Crocker,Confetti Cake Mix,Betty CrockerConfetti Cake Mix430 g,$4.99ea,,$1.16/ 100g,False
pantry,President's Choice,Bread & Butter Sweet Pickles,President's ChoiceBread & Butter Sweet Pickles1 l,$5.99ea,,$0.60/ 100ml,False
pantry,Bull's-Eye,Hickory BBQ Sauce,Bull's-EyeHickory BBQ Sauce425 ml,$4.49ea,,$1.06/ 100ml,False
pantry,President's Choice,Pure Orange Marmalade,President's ChoicePure Orange Marmalade500 ml,$5.49ea,,$1.10/ 100ml,False
pantry,Rooster,Extra Fancy Long Grain Rice,RoosterExtra Fancy Long Grain Rice8 kg,$18.99ea,,$0.24/ 100g,False
pantry,Jell-O,Pistachio Instant Pudding Mix,Jell-OPistachio Instant Pudding Mix99 g,$2.29ea,,$2.31/ 100g,False
pantry,Dececco,"Pesto with Basil, Pine Nuts and Extra Virgin Olive Oil Pasta Sauce","DececcoPesto with Basil, Pine Nuts and Extra Virgin Olive Oil Pasta Sauce190 g",$4.99ea,,$2.63/ 100g,False
pantry,Hershey's,"Chipits White Creme Baking Chips, 835G","Hershey'sChipits White Creme Baking Chips, 835G835 g",$13.99ea,,$1.68/ 100g,False
pantry,Minute Rice,"Ready To Serve, Long Grain & Wild Rice Fine Herbs","Minute RiceReady To Serve, Long Grain & Wild Rice Fine Herbs250 g",$3.99ea,,$1.60/ 100g,False
pantry,PC Blue Menu,Great Northern Beans ,PC Blue MenuGreat Northern Beans 900 g,$3.49ea,,$0.39/ 100g,False
pantry,Ho-Ya,Chicken Flavoured Ramen,Ho-YaChicken Flavoured Ramen70 g,$1.59ea,,$2.27/ 100g,False
pantry,No Name,Sliced Carrots,No NameSliced Carrots398 ml,$1.59ea,,$0.40/ 100ml,False
pantry,President's Choice,Chili & Lime Flavoured Tortilla Strips,President's ChoiceChili & Lime Flavoured Tortilla Strips99 g,$3.79ea,,$3.83/ 100g,False
pantry,Kraft,Three Cheese Ranch Salad Dressing,KraftThree Cheese Ranch Salad Dressing475 ml,$4.49ea,,$0.95/ 100ml,False
pantry,Unico,Rice Superfino Arborio,UnicoRice Superfino Arborio750 g,$4.79ea,,$0.64/ 100g,False
pantry,Nonna Pia's Gourmet Sauces,Balsamic Glaze Strawberry Fig,Nonna Pia's Gourmet SaucesBalsamic Glaze Strawberry Fig250 ml,$9.99ea,$8.99ea,$3.60/ 100ml,True
pantry,Carapelli,Oro Verde Extra Virgin Olive Oil,CarapelliOro Verde Extra Virgin Olive Oil500 ml,$9.99ea,,$2.00/ 100ml,False
pantry,Lepoque,Pure Maple Syrup,LepoquePure Maple Syrup375 ml,$9.99ea,,$2.66/ 100ml,False
pantry,The Spice Tailor,Punjabi Chickpea Masala Medium,The Spice TailorPunjabi Chickpea Masala Medium375 ml,$6.99ea,,$1.86/ 100ml,False
pantry,Jus' Better,Red Berries,Jus' BetterRed Berries650 g,$4.99ea,,$0.77/ 100g,False
pantry,Wilton,Color Flame Birthday Candles,WiltonColor Flame Birthday Candles12 ea,$3.99ea,,$0.33/ 1ea,False
pantry,Haiku,Won Ton Soup,HaikuWon Ton Soup398 ml,$4.49ea,,$1.13/ 100ml,False
pantry,President's Choice,Pink Unicorn Sprinkles,President's ChoicePink Unicorn Sprinkles120 g,$5.99ea,,$4.99/ 100g,False
pantry,PC Black Label,"Fruit Spread, Quebec Wild Blueberry","PC Black LabelFruit Spread, Quebec Wild Blueberry370 ml",$7.49ea,,$2.02/ 100ml,False
pantry,A Spice Affair,Tuscan Dip Mix,A Spice AffairTuscan Dip Mix60 g,$11.99ea,,$19.98/ 100g,False
pantry,Maple Joe, Maple Syrup,Maple Joe Maple Syrup340 ml,$6.79ea,$6.49ea,$1.91/ 100ml,True
pantry,Guy Fieri,Bourbon Brown Sugar BBQ Sauce,Guy FieriBourbon Brown Sugar BBQ Sauce494 ml,$6.99ea,,$1.41/ 100ml,False
pantry,PC Black Label,Porcini Mushroom Pasta Sauce,PC Black LabelPorcini Mushroom Pasta Sauce650 ml,$6.79ea,$6.29ea,$0.97/ 100ml,True
pantry,President's Choice,Tropical Habanero Hot Sauce,President's ChoiceTropical Habanero Hot Sauce255 ml,$3.49ea,,$1.37/ 100ml,False
pantry,Ocean Spray,Craisins Sweetened Dried Cranberries ,Ocean SprayCraisins Sweetened Dried Cranberries 170 g,$3.29ea,,$1.94/ 100g,False
pantry,Lee Kum Kee,Brown Braising Sauce 410 ml,Lee Kum KeeBrown Braising Sauce 410 ml410 ml,$3.99ea,,$0.97/ 100ml,False
pantry,O Olive Oil,Vinegar California Yuzu Rice,O Olive OilVinegar California Yuzu Rice300 ml,$16.99ea,,$5.66/ 100ml,False
pantry,Frenchs,Worcestershire Sauce,FrenchsWorcestershire Sauce295 ml,$4.79ea,,$1.62/ 100ml,False
pantry,Natursource,Uncrouton Vegan Caesar,NatursourceUncrouton Vegan Caesar375 g,$12.99ea,,$3.46/ 100g,False
pantry,President's Choice,Green Chili Hot Sauce,President's ChoiceGreen Chili Hot Sauce255 ml,$3.49ea,,$1.37/ 100ml,False
pantry,President's Choice,Smokin Habanero Barbecue Sauce,President's ChoiceSmokin Habanero Barbecue Sauce500 ml,$3.99ea,,$0.80/ 100ml,False
pantry,Swiss Chalet,Dipping Sauce Mix 25% Less Salt,Swiss ChaletDipping Sauce Mix 25% Less Salt36 g,$2.99ea,,$8.31/ 100g,False
pantry,No Name,"Honey Graham Crumbs, Club Size","No NameHoney Graham Crumbs, Club Size1 kg",$5.79ea,,$0.58/ 100g,False
pantry,Yves,Organic Kidney Beans,YvesOrganic Kidney Beans398 ml,$3.29ea,,$0.83/ 100ml,False
pantry,,White Cooking Wine,White Cooking Wine500 ml,$5.99ea,,$1.20/ 100ml,False
pantry,Puratos,Puritan Beef Stew,PuratosPuritan Beef Stew410 g,$3.29ea,,$0.80/ 100g,False
pantry,No Name,All-Purpose Flour,No NameAll-Purpose Flour10 kg,$14.99ea,,$0.15/ 100g,False
pantry,No Name,Dill Chips Pickles ,No NameDill Chips Pickles 1 l,$5.49ea,,$0.55/ 100ml,False
pantry,Primo,"Pizza Squeeze, Original","PrimoPizza Squeeze, Original375 ml",$2.79ea,,$0.74/ 100ml,False
pantry,Crofter's,Organic Raspberry Spread,Crofter'sOrganic Raspberry Spread383 ml,$6.49ea,,$1.69/ 100ml,False
pantry,PC Blue Menu,Pot Barley,PC Blue MenuPot Barley450 g,$2.99ea,,$0.66/ 100g,False
pantry,Weber,"Just Add Juice Marinade Mix, Lemon Pepper","WeberJust Add Juice Marinade Mix, Lemon Pepper32 g",$2.79ea,,$8.72/ 100g,False
pantry,Cake Mate,"Décor Mix, Teddy's Picnic","Cake MateDécor Mix, Teddy's Picnic79 g",$6.49ea,,$8.22/ 100g,False
pantry,Unico,"Pizza Sauce, Garlic & Basil","UnicoPizza Sauce, Garlic & Basil213 ml",$1.79ea,,$0.84/ 100ml,False
pantry,Quaker,Quick Oats,QuakerQuick Oats1 kg,$5.99ea,$4.00ea,$0.40/ 100g,True
pantry,Kraft,French Dressing,KraftFrench Dressing475 ml,$4.49ea,,$0.95/ 100ml,False
pantry,Rogers,Wheat Bran,RogersWheat Bran450 g,$2.69ea,,$0.60/ 100g,False
pantry,Bonne Maman,Cherry Jam,Bonne MamanCherry Jam250 ml,$7.49ea,,$3.00/ 100ml,False
pantry,Minute Rice,Premium Long Grain Rice,Minute RicePremium Long Grain Rice1.4 kg,$8.99ea,,$0.64/ 100g,False
pantry,Kelloggs,Confetti Cake Bites,KelloggsConfetti Cake Bites400 g,$6.49ea,$5.99ea,$1.50/ 100g,True
pantry,Swift,Cooked Canned Ham,SwiftCooked Canned Ham454 g,$7.49ea,,$1.65/ 100g,False
pantry,Suraj,Aged Basmati Rice,SurajAged Basmati Rice3.63 kg,$11.49ea,,$0.32/ 100g,False
pantry,Bisto,Rich Brown Gravy Mix,BistoRich Brown Gravy Mix227 g,$5.49ea,,$2.42/ 100g,False
pantry,A1,Original Steak Sauce,A1Original Steak Sauce400 ml,$6.49ea,,$1.62/ 100ml,False
pantry,Bertolli,Red Wine Vinegar,BertolliRed Wine Vinegar500 ml,$4.29ea,$3.49ea,$0.70/ 100ml,True
pantry,Diana,Sauce Maple,DianaSauce Maple500 ml,$4.49ea,,$0.90/ 100ml,False
pantry,Cora,Crepe Mix Plain,CoraCrepe Mix Plain700 g,$7.49ea,,$1.07/ 100g,False
pantry,PC Splendido,"Vinegar, Raspberry Flavoured Condiment with Balsamic  of Modena","PC SplendidoVinegar, Raspberry Flavoured Condiment with Balsamic  of Modena250 ml",$4.99ea,,$2.00/ 100ml,False
pantry,VH,Stir-Fry Sauce - General Tao's,VHStir-Fry Sauce - General Tao's355 ml,$4.99ea,,$1.41/ 100ml,False
pantry,No Name,100% Pure Canola Oil,No Name100% Pure Canola Oil946 ml,$6.99ea,,$0.74/ 100ml,False
pantry,Dainty,Long Grain & Wild Rice,DaintyLong Grain & Wild Rice450 g,$4.99ea,,$1.11/ 100g,False
pantry,Bravos,Spaghetti Sauce,BravosSpaghetti Sauce680 ml,$3.29ea,,$0.48/ 100ml,False
pantry,Blue Dragon,Broccoli Beef Stir Fry Sauce,Blue DragonBroccoli Beef Stir Fry Sauce140 ml,$2.39ea,,$1.71/ 100ml,False
pantry,President's Choice,Smokin' Stampede Beer and Chipotle Barbecue Sauce,President's ChoiceSmokin' Stampede Beer and Chipotle Barbecue Sauce1 l,$5.99ea,,$0.60/ 100ml,False
pantry,Club House,"La Grille, Southern-Style BBQ Seasoning","Club HouseLa Grille, Southern-Style BBQ Seasoning125 g",$7.49ea,,$5.99/ 100g,False
pantry,Club House,"Dry Sauce Mix, Pork Gravy","Club HouseDry Sauce Mix, Pork Gravy24 g",$2.49ea,,$10.37/ 100g,False
pantry,Pataks,Korma Curry Paste,PataksKorma Curry Paste284 ml,$6.49ea,,$2.29/ 100ml,False
pantry,Jell-O,No Bake Classic Cheesecake Dessert Kit,Jell-ONo Bake Classic Cheesecake Dessert Kit314 g,$5.49ea,,$1.75/ 100g,False
pantry,PC Blue Menu,Baby Dill Pickles With Garlic,PC Blue MenuBaby Dill Pickles With Garlic1 l,$5.99ea,,$0.60/ 100ml,False
pantry,Smuckers,No Sugar Added Strawberry Spread,SmuckersNo Sugar Added Strawberry Spread310 ml,$5.99ea,,$1.93/ 100ml,False
pantry,Hellmanns,Classic Burger Sauce,HellmannsClassic Burger Sauce325 ml,$5.49ea,,$1.69/ 100ml,False
pantry,No Name,Extra Large Pitted Ripe Olives,No NameExtra Large Pitted Ripe Olives398 ml,$2.49ea,,$0.63/ 100ml,False
pantry,Quaker,Low Fat Carrot Muffin Mix,QuakerLow Fat Carrot Muffin Mix900 g,$5.99ea,,$0.67/ 100g,False
pantry,Bicks,Garlic Baby Dill Pickles,BicksGarlic Baby Dill Pickles1 l,$6.49ea,,$0.65/ 100ml,False
pantry,Sunmaid,California Sun-Dried Organic Raisin,SunmaidCalifornia Sun-Dried Organic Raisin400 g,$8.49ea,,$2.12/ 100g,False
pantry,President's Choice,Couscous,President's ChoiceCouscous340 g,$3.99ea,,$1.17/ 100g,False
pantry,President's Choice,Cayenne & Scotch Bonnet Scorching Wing Sauce,President's ChoiceCayenne & Scotch Bonnet Scorching Wing Sauce350 ml,$4.49ea,,$1.28/ 100ml,False
pantry,No Name,Sweet & Zesty Tomato Chili Sauce,No NameSweet & Zesty Tomato Chili Sauce455 ml,$5.99ea,,$1.32/ 100ml,False
pantry,BeeMaid,Premium Liquid Honey,BeeMaidPremium Liquid Honey500 g,$12.49ea,,$2.50/ 100g,False
pantry,No Name,Chopped Walnuts,No NameChopped Walnuts100 g,$4.49ea,,$4.49/ 100g,False
pantry,PC Blue Menu,Diced Tomatoes,PC Blue MenuDiced Tomatoes796 ml,$1.99ea,,$0.25/ 100ml,False
pantry,Hunt's,"Tomato Sauce, No Salt","Hunt'sTomato Sauce, No Salt398 ml",$2.59ea,,$0.65/ 100ml,False
pantry,No Name,100% Pure Corn Starch,No Name100% Pure Corn Starch454 g,$4.29ea,,$0.94/ 100g,False
pantry,Bonne Maman,Strawberry Jam,Bonne MamanStrawberry Jam250 ml,$7.49ea,,$3.00/ 100ml,False
pantry,President's Choice,Not-So-Secret Spread And Dip,President's ChoiceNot-So-Secret Spread And Dip300 ml,$4.99ea,,$1.66/ 100ml,False
pantry,Kraft,Poppy Seed Calorie Wise Salad Dressing,KraftPoppy Seed Calorie Wise Salad Dressing475 ml,$4.49ea,,$0.95/ 100ml,False
pantry,No Name,Dried Apricots ,No NameDried Apricots 500 g,$12.99ea,,$2.60/ 100g,False
pantry,Hershey's,"Chipits 70% Dark Chocolate Chunks, 200G","Hershey'sChipits 70% Dark Chocolate Chunks, 200G200 g",$4.99ea,,$2.50/ 100g,False
pantry,Stubb's,"Legendary BBQ Sauce, Original","Stubb'sLegendary BBQ Sauce, Original450 ml",$5.49ea,,$1.22/ 100ml,False
pantry,Club House,English Style Fish & Chips Batter Mix,Club HouseEnglish Style Fish & Chips Batter Mix284 g,$3.79ea,,$1.33/ 100g,False
pantry,A Spice Affair,Roasted Garlic & Sundried Tomato,A Spice AffairRoasted Garlic & Sundried Tomato120 g,$11.99ea,,$9.99/ 100g,False
pantry,Nando's,"Peri Peri Sauce, Lemon","Nando'sPeri Peri Sauce, Lemon250 ml",$7.49ea,,$3.00/ 100ml,False
pantry,No Name,Golden Seedless Raisins,No NameGolden Seedless Raisins375 g,$5.49ea,,$1.46/ 100g,False
pantry,President's Choice,Roasted Sunflower Seeds,President's ChoiceRoasted Sunflower Seeds350 g,$2.99ea,,$0.85/ 100g,False
pantry,The Spice Tailor,Punjabi Chickpea Masala Medium,The Spice TailorPunjabi Chickpea Masala Medium375 ml,$6.99ea,,$1.86/ 100ml,False
pantry,Jus' Better,Red Berries,Jus' BetterRed Berries650 g,$4.99ea,,$0.77/ 100g,False
pantry,PC Blue Menu,Plum Sauce,PC Blue MenuPlum Sauce350 ml,$5.29ea,$3.79ea,$1.08/ 100ml,True
pantry,Betty Crocker,Chocolate Chip Cookie Mix ,Betty CrockerChocolate Chip Cookie Mix 496 g,$4.99ea,,$1.01/ 100g,False
pantry,President's Choice,Mixed-Berry Trail Mix,President's ChoiceMixed-Berry Trail Mix275 g,$4.99ea,,$1.81/ 100g,False
pantry,Wilton,"Royal Blue Ready-to-Use Icing Tube, 4.25 oz.","WiltonRoyal Blue Ready-to-Use Icing Tube, 4.25 oz.120 g",$4.19ea,,$3.49/ 100g,False
pantry,Heartbeat Hot Sauce Co.,Louisiana Style Hot Sauce,Heartbeat Hot Sauce Co.Louisiana Style Hot Sauce177 ml,$12.99ea,,$7.34/ 100ml,False
pantry,A Spice Affair,Tuscan Dip Mix,A Spice AffairTuscan Dip Mix60 g,$11.99ea,,$19.98/ 100g,False
pantry,President's Choice,Ruby Melting Wafers,President's ChoiceRuby Melting Wafers168 g,$4.99ea,,$2.97/ 100g,False
pantry,Yawdi's,Jerk Marinade Sauce,Yawdi'sJerk Marinade Sauce250 ml,$7.99ea,,$3.20/ 100ml,False
pantry,Wilton,White Cookie Icing,WiltonWhite Cookie Icing255 g,$7.19ea,,$2.82/ 100g,False
pantry,PC Black Label,Porcini Mushroom Pasta Sauce,PC Black LabelPorcini Mushroom Pasta Sauce650 ml,$6.79ea,$6.29ea,$0.97/ 100ml,True
pantry,PC Splendido,"Vinegar, Raspberry Flavoured Condiment with Balsamic  of Modena","PC SplendidoVinegar, Raspberry Flavoured Condiment with Balsamic  of Modena250 ml",$4.99ea,,$2.00/ 100ml,False
pantry,Paesana,"Pasta Sauce, Sicilian Gravy","PaesanaPasta Sauce, Sicilian Gravy750 ml",$7.99ea,,$1.07/ 100ml,False
pantry,Stock and Barrel,"Peanuts, BBQ","Stock and BarrelPeanuts, BBQ400 g",$5.99ea,,$1.50/ 100g,False
pantry,Ocean Spray,Craisins Sweetened Dried Cranberries ,Ocean SprayCraisins Sweetened Dried Cranberries 170 g,$3.29ea,,$1.94/ 100g,False
pantry,Lee Kum Kee,Brown Braising Sauce 410 ml,Lee Kum KeeBrown Braising Sauce 410 ml410 ml,$3.99ea,,$0.97/ 100ml,False
pantry,Jell-O,Chocolate Instant Pudding Mix,Jell-OChocolate Instant Pudding Mix170 g,$2.49ea,,$1.46/ 100g,False
pantry,President's Choice,Honey Hoisin Stir-Fry Sauce,President's ChoiceHoney Hoisin Stir-Fry Sauce350 ml,$3.79ea,,$1.08/ 100ml,False
pantry,President's Choice,Whole Grain Dijon Mustard,President's ChoiceWhole Grain Dijon Mustard250 ml,$2.79ea,,$1.12/ 100ml,False
pantry,Be Sweet,Honey Spread,Be SweetHoney Spread1 kg,$6.99ea,,$0.70/ 100g,False
pantry,Truvia,Calorie-Free Sweetener from the Stevia Leaf Sachets/Packets,TruviaCalorie-Free Sweetener from the Stevia Leaf Sachets/Packets280 g,$14.99ea,,$5.35/ 100g,False
pantry,No Name,Baked Beans in Tomato Sauce,No NameBaked Beans in Tomato Sauce12x398.0 ml,$16.49ea,,$0.35/ 100ml,False
pantry,President's Choice,Smokin Habanero Barbecue Sauce,President's ChoiceSmokin Habanero Barbecue Sauce500 ml,$3.99ea,,$0.80/ 100ml,False
pantry,Swiss Chalet,Dipping Sauce Mix 25% Less Salt,Swiss ChaletDipping Sauce Mix 25% Less Salt36 g,$2.99ea,,$8.31/ 100g,False
pantry,No Name,"Honey Graham Crumbs, Club Size","No NameHoney Graham Crumbs, Club Size1 kg",$5.79ea,,$0.58/ 100g,False
pantry,Yves,Organic Kidney Beans,YvesOrganic Kidney Beans398 ml,$3.29ea,,$0.83/ 100ml,False
pantry,,White Cooking Wine,White Cooking Wine500 ml,$5.99ea,,$1.20/ 100ml,False
pantry,Puratos,Puritan Beef Stew,PuratosPuritan Beef Stew410 g,$3.29ea,,$0.80/ 100g,False
pantry,No Name,All-Purpose Flour,No NameAll-Purpose Flour10 kg,$14.99ea,,$0.15/ 100g,False
pantry,No Name,Dill Chips Pickles ,No NameDill Chips Pickles 1 l,$5.49ea,,$0.55/ 100ml,False
pantry,Primo,"Pizza Squeeze, Original","PrimoPizza Squeeze, Original375 ml",$2.79ea,,$0.74/ 100ml,False
pantry,Crofter's,Organic Raspberry Spread,Crofter'sOrganic Raspberry Spread383 ml,$6.49ea,,$1.69/ 100ml,False
pantry,PC Blue Menu,Pot Barley,PC Blue MenuPot Barley450 g,$2.99ea,,$0.66/ 100g,False
pantry,Weber,"Just Add Juice Marinade Mix, Lemon Pepper","WeberJust Add Juice Marinade Mix, Lemon Pepper32 g",$2.79ea,,$8.72/ 100g,False
pantry,Cake Mate,"Décor Mix, Teddy's Picnic","Cake MateDécor Mix, Teddy's Picnic79 g",$6.49ea,,$8.22/ 100g,False
pantry,Unico,"Pizza Sauce, Garlic & Basil","UnicoPizza Sauce, Garlic & Basil213 ml",$1.79ea,,$0.84/ 100ml,False
pantry,Quaker,Quick Oats,QuakerQuick Oats1 kg,$5.99ea,$4.00ea,$0.40/ 100g,True
pantry,Kraft,French Dressing,KraftFrench Dressing475 ml,$4.49ea,,$0.95/ 100ml,False
pantry,Rogers,Wheat Bran,RogersWheat Bran450 g,$2.69ea,,$0.60/ 100g,False
pantry,Bonne Maman,Cherry Jam,Bonne MamanCherry Jam250 ml,$7.49ea,,$3.00/ 100ml,False
pantry,Minute Rice,Premium Long Grain Rice,Minute RicePremium Long Grain Rice1.4 kg,$8.99ea,,$0.64/ 100g,False
pantry,G Hughes Smokehouse,Sugar Free Teriyaki Marinade,G Hughes SmokehouseSugar Free Teriyaki Marinade367 g,$6.99ea,,$1.90/ 100g,False
pantry,President's Choice,Green Chili Hot Sauce,President's ChoiceGreen Chili Hot Sauce255 ml,$3.49ea,,$1.37/ 100ml,False
pantry,Wilton,Silver Edible Glitter Spray Food Colour Mixture,WiltonSilver Edible Glitter Spray Food Colour Mixture10 g,$8.49ea,,$84.90/ 100g,False
pantry,Wilton,Foil Baking Cups,WiltonFoil Baking Cups72 ea,$6.49ea,,$0.09/ 1ea,False
pantry,Bioitalia,Organic Basil Sauce,BioitaliaOrganic Basil Sauce358 ml,$6.49ea,,$1.81/ 100ml,False
pantry,VH,Simmering Sauce - Mango Curry,VHSimmering Sauce - Mango Curry341 ml,$4.99ea,,$1.46/ 100ml,False
pantry,VH,Marinade -  Pineapple Sauce,VHMarinade -  Pineapple Sauce341 ml,$4.99ea,,$1.46/ 100ml,False
pantry,McCormicks,"Dry Sauce Mix, Hollandaise","McCormicksDry Sauce Mix, Hollandaise56 g",$2.49ea,,$4.45/ 100g,False
pantry,Bertolli,Balsamic Vinegar of Modena,BertolliBalsamic Vinegar of Modena500 ml,$6.49ea,$5.99ea,$1.20/ 100ml,True
pantry,La Bomba Italiana,Bomba Italiana,La Bomba ItalianaBomba Italiana314 ml,$6.99ea,,$2.23/ 100ml,False
pantry,President's Choice,Gourmet Barbecue Sauce,President's ChoiceGourmet Barbecue Sauce1 l,$4.99ea,,$0.50/ 100ml,False
pantry,President's Choice,Pure Fancy Molasses,President's ChoicePure Fancy Molasses675 g,$4.29ea,,$0.64/ 100g,False
pantry,President's Choice,Garlic and Butter Flavour Sourdough Style Croutons,President's ChoiceGarlic and Butter Flavour Sourdough Style Croutons140 g,$3.99ea,,$2.85/ 100g,False
pantry,PC Blue Menu,Buttermilk Protein Pancake,PC Blue MenuButtermilk Protein Pancake340 g,$4.49ea,,$1.32/ 100g,False
pantry,No Name,Dill Pickles,No NameDill Pickles1 l,$5.49ea,,$0.55/ 100ml,False
pantry,PC Black Label,Nduja Spread,PC Black LabelNduja Spread180 g,$6.99ea,,$3.88/ 100g,False
pantry,Cache Cuisine,Pancake & Waffle Mix Premium Buttermilk Complete Value Pack,Cache CuisinePancake & Waffle Mix Premium Buttermilk Complete Value Pack908 g,$5.99ea,,$0.66/ 100g,False
pantry,PC Black Label,White Truffle Infused Extra Virgin Olive Oil,PC Black LabelWhite Truffle Infused Extra Virgin Olive Oil150 ml,$15.99ea,,$10.66/ 100ml,False
pantry,PC Blue Menu,Buttermilk Protein Pancake,PC Blue MenuButtermilk Protein Pancake340 g,$4.49ea,,$1.32/ 100g,False
pantry,No Name,Dill Pickles,No NameDill Pickles1 l,$5.49ea,,$0.55/ 100ml,False
pantry,Wilton,White Wafer Roses,WiltonWhite Wafer Roses9 g,$8.49ea,,$94.33/ 100g,False
pantry,No Name,Extra Large Pitted Ripe Olives,No NameExtra Large Pitted Ripe Olives398 ml,$2.49ea,,$0.63/ 100ml,False
pantry,Splenda,Granular Sweetner,SplendaGranular Sweetner275 g,$13.49ea,,$4.91/ 100g,False
pantry,President's Choice,Ground Cumin ,President's ChoiceGround Cumin 42 g,$6.49ea,,$15.45/ 100g,False
pantry,Basse,Bassé Cranberry Trek Mix,BasseBassé Cranberry Trek Mix550 g,$6.99ea,$6.49ea,$1.18/ 100g,True
pantry,Nong Shim,"Cup Noodle, Oolongmen Beef","Nong ShimCup Noodle, Oolongmen Beef75 g",$1.59ea,,$2.12/ 100g,False
pantry,President's Choice,Thyme Leaves,President's ChoiceThyme Leaves24 g,$6.49ea,,$27.04/ 100g,False
pantry,,Milk Chocolate  Malt Balls,Milk Chocolate  Malt Balls,$2.59/100 g,,$2.59/ 100g,False
pantry,President's Choice,Vidalia Onion Dressing,President's ChoiceVidalia Onion Dressing475 ml,$3.99ea,,$0.84/ 100ml,False
pantry,PC Blue Menu,Blue Menu Just Peanuts Crunchy Peanut Butter,PC Blue MenuBlue Menu Just Peanuts Crunchy Peanut Butter750 g,$4.49ea,,$0.60/ 100g,False
pantry,Kelloggs,Cereal Special Edition Cinnamon Pecan,KelloggsCereal Special Edition Cinnamon Pecan343 g,$6.49ea,,$1.89/ 100g,False
pantry,Post,Tim Hortons Flavoured Cereal Chocolate Glazed,PostTim Hortons Flavoured Cereal Chocolate Glazed326 g,$5.49ea,,$1.68/ 100g,False
pantry,Barilla,Orzo Pasta,BarillaOrzo Pasta340 g,$3.49ea,,$1.03/ 100g,False
pantry,Campbell's,Savoury Beef & Onion Rich & Thick Stock ,Campbell'sSavoury Beef & Onion Rich & Thick Stock 500 ml,$4.59ea,,$0.92/ 100ml,False
pantry,,Roasted Salted  Almonds,Roasted Salted  Almonds,$2.99/100 g,$2.89/100 g,$2.89/ 100g,True
pantry,Sir Kensington's,Mayonnaise Avocado Oil,Sir Kensington'sMayonnaise Avocado Oil354 ml,$10.99ea,,$3.10/ 100ml,False
pantry,Bicks,No Garlic Dill Pickles,BicksNo Garlic Dill Pickles1 l,$6.49ea,,$0.65/ 100ml,False
pantry,Tim Hortons,Chicken and Rice Soup,Tim HortonsChicken and Rice Soup540 ml,$4.59ea,,$0.85/ 100ml,False
pantry,Robin Hood,Original All Purpose Flour,Robin HoodOriginal All Purpose Flour5 kg,$13.99ea,,$0.28/ 100g,False
pantry,Bicks,Sweet Mix Pickles,BicksSweet Mix Pickles1 l,$6.49ea,,$0.65/ 100ml,False
pantry,Old El Paso,"Soft Tortillas Large, 8 Tortillas","Old El PasoSoft Tortillas Large, 8 Tortillas334 g",$3.99ea,,$1.19/ 100g,False
pantry,Catelli,"Smart, Linguine Pasta","CatelliSmart, Linguine Pasta375 g",$3.29ea,,$0.88/ 100g,False
pantry,Better Than Bouillon,Better Than Bouillon Chicken Base,Better Than BouillonBetter Than Bouillon Chicken Base227 g,$7.99ea,,$3.52/ 100g,False
pantry,Knorr,"Concentrated Bouillon Rich Flavour Beef Gluten Free, No Added Preservatives","KnorrConcentrated Bouillon Rich Flavour Beef Gluten Free, No Added Preservatives250 ml",$7.79ea,,$3.12/ 100ml,False
pantry,President's Choice,Mexican Style Rice,President's ChoiceMexican Style Rice250 g,$2.49ea,,$1.00/ 100g,False
pantry,Splenda,Brown Sugar Blend,SplendaBrown Sugar Blend454 g,$8.79ea,,$1.94/ 100g,False
pantry,President's Choice,Ground Coriander ,President's ChoiceGround Coriander 36 g,$6.49ea,,$18.03/ 100g,False
pantry,General Mills,Oat Crunch Almond Cereal,General MillsOat Crunch Almond Cereal515 g,$5.99ea,,$1.16/ 100g,False
pantry,Derlea,"Garlic, Puree","DerleaGarlic, Puree125 g",$3.29ea,,$2.63/ 100g,False
pantry,Tim Hortons,Ready To Serve Soup Potato Bacon,Tim HortonsReady To Serve Soup Potato Bacon540 ml,$4.59ea,,$0.85/ 100ml,False
pantry,Italpasta,Manicotti,ItalpastaManicotti225 g,$3.79ea,,$1.68/ 100g,False
pantry,Clover Leaf,"Chunk Light Yellowfin Tuna, In Water","Clover LeafChunk Light Yellowfin Tuna, In Water142 g",$3.29ea,,$2.32/ 100g,False
pantry,The Maple Treat,Pure Maple Shaker Pancakes ,The Maple TreatPure Maple Shaker Pancakes 150 g,$2.99ea,,$1.99/ 100g,False
pantry,Baxters, Chicken & Vegetable Soup,Baxters Chicken & Vegetable Soup540 ml,$3.99ea,,$0.74/ 100ml,False
pantry,,Milk Chocolate  Peanuts,Milk Chocolate  Peanuts,$1.69/100 g,,$1.69/ 100g,False
pantry,Watkins,Pure Almond Extract,WatkinsPure Almond Extract59 ml,$7.79ea,,$13.20/ 100ml,False
pantry,,Roasted Unsalted  Peanuts,Roasted Unsalted  Peanuts,$1.19/100 g,,$1.19/ 100g,False
pantry,Campbell's,"Everyday Gourmet, Golden Butternut Squash","Campbell'sEveryday Gourmet, Golden Butternut Squash500 ml",$3.99ea,$3.69ea,$0.74/ 100ml,True
pantry,President's Choice,Salsa Verde ,President's ChoiceSalsa Verde 215 ml,$2.99ea,,$1.39/ 100ml,False
pantry,Knorr,Bovril Concentrated Liquid Stock flavour Beef in a practical bottle ,KnorrBovril Concentrated Liquid Stock flavour Beef in a practical bottle 250 ml,$6.49ea,,$2.60/ 100ml,False
pantry,Kelloggs,Vector Meal Replacement Cereal,KelloggsVector Meal Replacement Cereal850 g,$10.99ea,,$1.29/ 100g,False
pantry,Catelli,"Gluten Free, Penne Rigate Pasta","CatelliGluten Free, Penne Rigate Pasta340 g",$3.79ea,,$1.11/ 100g,False
pantry,,Sesame Sticks  Regular,Sesame Sticks  Regular,$2.19/100 g,,$2.19/ 100g,False
pantry,PC Black Label,Habanero Aioli,PC Black LabelHabanero Aioli250 ml,$5.99ea,,$2.40/ 100g,False
pantry,Kraft,Sun Dried Tomato and Oregano Salad Dressing,KraftSun Dried Tomato and Oregano Salad Dressing475 ml,$4.49ea,,$0.95/ 100ml,False
pantry,Campbell's,Condensed Soup Chicken Noodle,Campbell'sCondensed Soup Chicken Noodle284 ml,$2.29ea,,$0.81/ 100ml,False
pantry,President's Choice,Medium Flour Tortillas,President's ChoiceMedium Flour Tortillas297 g,$3.29ea,,$1.11/ 100g,False
pantry,Habitant,Garden Style Vegetable Soup,HabitantGarden Style Vegetable Soup796 ml,$3.69ea,,$0.46/ 100ml,False
pantry,Knorr,Broth Mix  Vegetable Cubes  ,KnorrBroth Mix  Vegetable Cubes  69 g,$3.29ea,$3.09ea,$4.48/ 100g,True
pantry,Tostitos,Salsa - Mild 418ml,TostitosSalsa - Mild 418ml418 ml,$5.79ea,,$1.39/ 100ml,False
pantry,Mutti,Passata      ,MuttiPassata      688 ml,$4.29ea,,$0.63/ 100ml,False
pantry,Brunswick,"Sardines, Soy Oil","BrunswickSardines, Soy Oil106 g",$2.29ea,,$2.16/ 100g,False
pantry,Mr Noodles,"Noodles in a Bowl, Spicy Chicken","Mr NoodlesNoodles in a Bowl, Spicy Chicken110 g",$2.39ea,,$2.17/ 100g,False
pantry,No Name,Condensed Soup Cream Of Celery,No NameCondensed Soup Cream Of Celery284 ml,$1.49ea,,$0.52/ 100ml,False
pantry,President's Choice,Sweet Mixed Pickles,President's ChoiceSweet Mixed Pickles1 l,$5.99ea,,$0.60/ 100ml,False
pantry,President's Choice,Spaghetti Pasta,President's ChoiceSpaghetti Pasta454 g,$2.79ea,,$0.61/ 100g,False
pantry,PC Blue Menu,Chicken Broth,PC Blue MenuChicken Broth900 ml,$2.29ea,,$0.25/ 100ml,False
pantry,Jell-O,"Lemon Jelly Powder, Gelatin Mix","Jell-OLemon Jelly Powder, Gelatin Mix85 g",$1.49ea,,$1.75/ 100g,False
pantry,Kelloggs,Cereal Family Size Red Berries,KelloggsCereal Family Size Red Berries480 g,$7.99ea,,$1.66/ 100g,False
pantry,Unico,"Tuna, Light Solid in Oil","UnicoTuna, Light Solid in Oil99 g",$1.49ea,,$1.51/ 100g,False
pantry,Knorr,Rice Side Dish for a quick rice dish Cheddar & Broccoli ,KnorrRice Side Dish for a quick rice dish Cheddar & Broccoli 133 g,$2.79ea,,$2.10/ 100g,False
pantry,No Name,Ranch Dressing,No NameRanch Dressing475 ml,$3.49ea,,$0.73/ 100ml,False
pantry,No Name,"Horseradish, Extra Hot","No NameHorseradish, Extra Hot250 ml",$1.99ea,,$0.80/ 100ml,False
pantry,Club House,Black Peppercorn Grinder,Club HouseBlack Peppercorn Grinder35 g,$4.49ea,,$12.83/ 100g,False
pantry,Knorr,"Classic Soup Tomato Vegetable Dry Soup Mix, No Artificial Flavours & Low Fat","KnorrClassic Soup Tomato Vegetable Dry Soup Mix, No Artificial Flavours & Low Fat145 g",$2.99ea,,$2.06/ 100g,False
pantry,President's Choice,Dry Roasted Cashews,President's ChoiceDry Roasted Cashews680 g,$13.99ea,,$2.06/ 100g,False
pantry,Hellmanns,"Vinaigrette Salad Dressing, No Artificial Colours Or Flavours","HellmannsVinaigrette Salad Dressing, No Artificial Colours Or Flavours475 ml",$5.99ea,,$1.26/ 100ml,False
pantry,Clover Leaf,"Tuna Salad Kit, Spicy Thai Chili ","Clover LeafTuna Salad Kit, Spicy Thai Chili 90 g",$2.79ea,,$3.10/ 100g,False
pantry,Campbell's,Cream of Mushroom Condensed Soup,Campbell'sCream of Mushroom Condensed Soup284 ml,$2.29ea,,$0.81/ 100ml,False
pantry,Knorr,Soup Mix with a Flavour Boost Cream Of Vegetable ,KnorrSoup Mix with a Flavour Boost Cream Of Vegetable 83 g,$2.39ea,,$2.88/ 100g,False
pantry,No Name,Ground Thyme,No NameGround Thyme80 g,$3.99ea,,$4.99/ 100g,False
pantry,President's Choice,Ground Cinnamon,President's ChoiceGround Cinnamon51 g,$6.49ea,,$12.73/ 100g,False
pantry,Kelloggs,"Mini-Wheats Cereal, Original","KelloggsMini-Wheats Cereal, Original510 g",$6.49ea,,$1.27/ 100g,False
pantry,Knorr,Bouillon for adding rich deep flavour to soups and stews Beef Sachets ,KnorrBouillon for adding rich deep flavour to soups and stews Beef Sachets 72 g,$3.99ea,,$5.54/ 100g,False
pantry,Windsor,Himalayan Pink Salt Grinder,WindsorHimalayan Pink Salt Grinder70 g,$4.99ea,,$7.13/ 100g,False
pantry,President's Choice,Chili Powder ,President's ChoiceChili Powder 54 g,$6.49ea,,$12.02/ 100g,False
pantry,President's Choice,Horseradish Mayo Sandwich Spread,President's ChoiceHorseradish Mayo Sandwich Spread300 ml,$4.49ea,,$1.50/ 100ml,False
pantry,President's Choice,Mole Poblano Simmer Sauce,President's ChoiceMole Poblano Simmer Sauce236 ml,$2.99ea,,$1.27/ 100ml,False
pantry,President's Choice,Smoked Whole Responsibly Farmed Oysters In Sunflower Oil,President's ChoiceSmoked Whole Responsibly Farmed Oysters In Sunflower Oil85 g,$2.49ea,,$2.93/ 100g,False
pantry,Campbell's,Vegetable Broth,Campbell'sVegetable Broth900 ml,$3.49ea,,$0.39/ 100ml,False
pantry,Kraft,Fat Free Italian Salad Dressing,KraftFat Free Italian Salad Dressing475 ml,$4.49ea,,$0.95/ 100ml,False
pantry,Kraft,"BBQ Sauce, Original","KraftBBQ Sauce, Original455 ml",$3.79ea,,$0.83/ 100ml,False
pantry,No Name,Pork Coating Mix,No NamePork Coating Mix162 g,$2.49ea,,$1.54/ 100g,False
pantry,Lipton,Recipe Soup Mix for a great flavour Onion no artificial flavours,LiptonRecipe Soup Mix for a great flavour Onion no artificial flavours113 g,$3.99ea,,$3.53/ 100g,False
pantry,Knorr,Dry Soup Mix Chicken Noodle low fat and no artificial flavours,KnorrDry Soup Mix Chicken Noodle low fat and no artificial flavours166 g,$2.99ea,,$1.80/ 100g,False
pantry,,Roasted Salted  Sunflower Kernels,Roasted Salted  Sunflower Kernels,$1.29/100 g,,$1.29/ 100g,False
pantry,Mr Noodles,Instant Noodles Chicken Simulated Flavour,Mr NoodlesInstant Noodles Chicken Simulated Flavour85 g,$0.79ea,,$0.93/ 100g,False
pantry,Knorr,Sidekicks Parmesan Pesto Pasta Side Dish,KnorrSidekicks Parmesan Pesto Pasta Side Dish133 g,$2.79ea,,$2.10/ 100g,False
pantry,,Blanched Slivered  Almonds,Blanched Slivered  Almonds,$2.99/100 g,$2.89/100 g,$2.89/ 100g,True
pantry,,Cranberry Fitness Trail Mix,Cranberry Fitness Trail Mix,$1.89/100 g,,$1.89/ 100g,False
pantry,Jus' Better,Sour Cherries,Jus' BetterSour Cherries550 g,$4.99ea,,$0.91/ 100g,False
pantry,Ocean's Halo,Flaked White Tuna,Ocean's HaloFlaked White Tuna170 g,$4.29ea,,$2.52/ 100g,False
pantry,PC Blue Menu,Taco Seasoning Mix,PC Blue MenuTaco Seasoning Mix24 g,$1.39ea,,$5.79/ 100g,False
pantry,Knorr,Pasta Side Dish for a quick meal Homestyle Cheddar ,KnorrPasta Side Dish for a quick meal Homestyle Cheddar 131 g,$2.79ea,,$2.13/ 100g,False
pantry,Knorr,Soup Mix with a Flavour Boost Cream Of Vegetable ,KnorrSoup Mix with a Flavour Boost Cream Of Vegetable 83 g,$2.39ea,,$2.88/ 100g,False
pantry,No Name,Ground Thyme,No NameGround Thyme80 g,$3.99ea,,$4.99/ 100g,False
pantry,President's Choice,Ground Cinnamon,President's ChoiceGround Cinnamon51 g,$6.49ea,,$12.73/ 100g,False
pantry,Kelloggs,"Mini-Wheats Cereal, Original","KelloggsMini-Wheats Cereal, Original510 g",$6.49ea,,$1.27/ 100g,False
pantry,Knorr,Bouillon for adding rich deep flavour to soups and stews Beef Sachets ,KnorrBouillon for adding rich deep flavour to soups and stews Beef Sachets 72 g,$3.99ea,,$5.54/ 100g,False
pantry,Windsor,Himalayan Pink Salt Grinder,WindsorHimalayan Pink Salt Grinder70 g,$4.99ea,,$7.13/ 100g,False
pantry,President's Choice,Chili Powder ,President's ChoiceChili Powder 54 g,$6.49ea,,$12.02/ 100g,False
pantry,President's Choice,Horseradish Mayo Sandwich Spread,President's ChoiceHorseradish Mayo Sandwich Spread300 ml,$4.49ea,,$1.50/ 100ml,False
pantry,President's Choice,Mole Poblano Simmer Sauce,President's ChoiceMole Poblano Simmer Sauce236 ml,$2.99ea,,$1.27/ 100ml,False
pantry,Mr Noodles,Instant Noodles Chicken Simulated Flavour,Mr NoodlesInstant Noodles Chicken Simulated Flavour85 g,$0.79ea,,$0.93/ 100g,False
pantry,Knorr,Sidekicks Parmesan Pesto Pasta Side Dish,KnorrSidekicks Parmesan Pesto Pasta Side Dish133 g,$2.79ea,,$2.10/ 100g,False
pantry,President's Choice,Ground Cumin ,President's ChoiceGround Cumin 42 g,$6.49ea,,$15.45/ 100g,False
pantry,Basse,Bassé Cranberry Trek Mix,BasseBassé Cranberry Trek Mix550 g,$6.99ea,$6.49ea,$1.18/ 100g,True
pantry,Nong Shim,"Cup Noodle, Oolongmen Beef","Nong ShimCup Noodle, Oolongmen Beef75 g",$1.59ea,,$2.12/ 100g,False
pantry,President's Choice,Thyme Leaves,President's ChoiceThyme Leaves24 g,$6.49ea,,$27.04/ 100g,False
pantry,,Milk Chocolate  Malt Balls,Milk Chocolate  Malt Balls,$2.59/100 g,,$2.59/ 100g,False
pantry,President's Choice,Vidalia Onion Dressing,President's ChoiceVidalia Onion Dressing475 ml,$3.99ea,,$0.84/ 100ml,False
pantry,PC Blue Menu,Blue Menu Just Peanuts Crunchy Peanut Butter,PC Blue MenuBlue Menu Just Peanuts Crunchy Peanut Butter750 g,$4.49ea,,$0.60/ 100g,False
pantry,Kelloggs,Cereal Special Edition Cinnamon Pecan,KelloggsCereal Special Edition Cinnamon Pecan343 g,$6.49ea,,$1.89/ 100g,False
pantry,Post,Tim Hortons Flavoured Cereal Chocolate Glazed,PostTim Hortons Flavoured Cereal Chocolate Glazed326 g,$5.49ea,,$1.68/ 100g,False
pantry,Barilla,Orzo Pasta,BarillaOrzo Pasta340 g,$3.49ea,,$1.03/ 100g,False
pantry,Campbell's,Savoury Beef & Onion Rich & Thick Stock ,Campbell'sSavoury Beef & Onion Rich & Thick Stock 500 ml,$4.59ea,,$0.92/ 100ml,False
pantry,,Roasted Salted  Almonds,Roasted Salted  Almonds,$2.99/100 g,$2.89/100 g,$2.89/ 100g,True
pantry,Sir Kensington's,Mayonnaise Avocado Oil,Sir Kensington'sMayonnaise Avocado Oil354 ml,$10.99ea,,$3.10/ 100ml,False
pantry,Bicks,No Garlic Dill Pickles,BicksNo Garlic Dill Pickles1 l,$6.49ea,,$0.65/ 100ml,False
pantry,Tim Hortons,Chicken and Rice Soup,Tim HortonsChicken and Rice Soup540 ml,$4.59ea,,$0.85/ 100ml,False
pantry,Robin Hood,Original All Purpose Flour,Robin HoodOriginal All Purpose Flour5 kg,$13.99ea,,$0.28/ 100g,False
pantry,Bicks,Sweet Mix Pickles,BicksSweet Mix Pickles1 l,$6.49ea,,$0.65/ 100ml,False
pantry,Old El Paso,"Soft Tortillas Large, 8 Tortillas","Old El PasoSoft Tortillas Large, 8 Tortillas334 g",$3.99ea,,$1.19/ 100g,False
pantry,Catelli,"Smart, Linguine Pasta","CatelliSmart, Linguine Pasta375 g",$3.29ea,,$0.88/ 100g,False
pantry,Better Than Bouillon,Better Than Bouillon Chicken Base,Better Than BouillonBetter Than Bouillon Chicken Base227 g,$7.99ea,,$3.52/ 100g,False
pantry,Knorr,"Concentrated Bouillon Rich Flavour Beef Gluten Free, No Added Preservatives","KnorrConcentrated Bouillon Rich Flavour Beef Gluten Free, No Added Preservatives250 ml",$7.79ea,,$3.12/ 100ml,False
pantry,President's Choice,Mexican Style Rice,President's ChoiceMexican Style Rice250 g,$2.49ea,,$1.00/ 100g,False
pantry,Splenda,Brown Sugar Blend,SplendaBrown Sugar Blend454 g,$8.79ea,,$1.94/ 100g,False
pantry,President's Choice,Ground Coriander ,President's ChoiceGround Coriander 36 g,$6.49ea,,$18.03/ 100g,False
pantry,General Mills,Oat Crunch Almond Cereal,General MillsOat Crunch Almond Cereal515 g,$5.99ea,,$1.16/ 100g,False
pantry,Derlea,"Garlic, Puree","DerleaGarlic, Puree125 g",$3.29ea,,$2.63/ 100g,False
pantry,Tim Hortons,Ready To Serve Soup Potato Bacon,Tim HortonsReady To Serve Soup Potato Bacon540 ml,$4.59ea,,$0.85/ 100ml,False
pantry,Italpasta,Manicotti,ItalpastaManicotti225 g,$3.79ea,,$1.68/ 100g,False
pantry,Clover Leaf,"Chunk Light Yellowfin Tuna, In Water","Clover LeafChunk Light Yellowfin Tuna, In Water142 g",$3.29ea,,$2.32/ 100g,False
pantry,The Maple Treat,Pure Maple Shaker Pancakes ,The Maple TreatPure Maple Shaker Pancakes 150 g,$2.99ea,,$1.99/ 100g,False
pantry,Baxters, Chicken & Vegetable Soup,Baxters Chicken & Vegetable Soup540 ml,$3.99ea,,$0.74/ 100ml,False
pantry,,Milk Chocolate  Peanuts,Milk Chocolate  Peanuts,$1.69/100 g,,$1.69/ 100g,False
pantry,Watkins,Pure Almond Extract,WatkinsPure Almond Extract59 ml,$7.79ea,,$13.20/ 100ml,False
pantry,,Roasted Unsalted  Peanuts,Roasted Unsalted  Peanuts,$1.19/100 g,,$1.19/ 100g,False
pantry,Campbell's,"Everyday Gourmet, Golden Butternut Squash","Campbell'sEveryday Gourmet, Golden Butternut Squash500 ml",$3.99ea,$3.69ea,$0.74/ 100ml,True
pantry,President's Choice,Salsa Verde ,President's ChoiceSalsa Verde 215 ml,$2.99ea,,$1.39/ 100ml,False
pantry,Knorr,Bovril Concentrated Liquid Stock flavour Beef in a practical bottle ,KnorrBovril Concentrated Liquid Stock flavour Beef in a practical bottle 250 ml,$6.49ea,,$2.60/ 100ml,False
pantry,PC Blue Menu,Lemon & Herb Seasoning,PC Blue MenuLemon & Herb Seasoning100 g,$6.49ea,,$6.49/ 100g,False
pantry,Habitant,French-Canadian Pea Soup,HabitantFrench-Canadian Pea Soup796 ml,$3.69ea,,$0.46/ 100ml,False
pantry,Cordon Bleu,Meatballs in Gravy Original ,Cordon BleuMeatballs in Gravy Original 410 g,$5.29ea,,$1.29/ 100g,False
pantry,Knorr,Rice & Vermicelli Chicken Fried Rice side dish without artificial flavours,KnorrRice & Vermicelli Chicken Fried Rice side dish without artificial flavours133 g,$2.79ea,,$2.10/ 100g,False
pantry,Stock and Barrel,"Deluxe Roasted Mixed Nuts, Salted","Stock and BarrelDeluxe Roasted Mixed Nuts, Salted350 g",$12.99ea,,$3.71/ 100g,False
pantry,Flourish,Protein Pancake & Waffle Mix,FlourishProtein Pancake & Waffle Mix430 g,$9.49ea,,$2.21/ 100g,False
pantry,Mr Noodles,Spicy Beef Simulated Flavour Instant Noodles,Mr NoodlesSpicy Beef Simulated Flavour Instant Noodles85 g,$0.79ea,,$0.93/ 100g,False
pantry,Hidden Valley,"Original Ranch Salad Dressing & Topping, Gluten Free","Hidden ValleyOriginal Ranch Salad Dressing & Topping, Gluten Free473 ml",$6.29ea,,$1.33/ 100ml,False
pantry,Doritos,Dip Spicy Nacho 283g,DoritosDip Spicy Nacho 283g283 g,$5.79ea,,$2.05/ 100g,False
pantry,Clover Leaf,Pink Salmon Wild Pacific,Clover LeafPink Salmon Wild Pacific142 g,$3.99ea,,$2.81/ 100g,False
pantry,Watkins,Organic Black Pepper Grinder,WatkinsOrganic Black Pepper Grinder75 g,$8.99ea,,$11.99/ 100g,False
pantry,Campbell's,"Cream of Chicken Soup, Low Fat","Campbell'sCream of Chicken Soup, Low Fat284 ml",$2.99ea,,$1.05/ 100ml,False
pantry,Renees,Mediterranean Greek Dressing,ReneesMediterranean Greek Dressing350 ml,$6.49ea,,$1.85/ 100ml,False
pantry,No Name,Chopped Garlic,No NameChopped Garlic250 g,$4.29ea,,$1.72/ 100g,False
pantry,Knorr,Minestrone Soup Delicious Soup Mix  ,KnorrMinestrone Soup Delicious Soup Mix  83 g,$2.39ea,,$2.88/ 100g,False
pantry,Old El Paso,Taco Sauce,Old El PasoTaco Sauce243 ml,$3.99ea,,$1.64/ 100ml,False
pantry,Heinz,Spaghetti in Tomato Sauce with Cheese,HeinzSpaghetti in Tomato Sauce with Cheese398 ml,$2.79ea,,$0.70/ 100ml,False
pantry,Club House,"La Grille, Vegetable Seasoning","Club HouseLa Grille, Vegetable Seasoning148 g",$7.49ea,,$5.06/ 100g,False
pantry,Knorr,Instant Stock Mix for a great flavour Beef in a practical packaging ,KnorrInstant Stock Mix for a great flavour Beef in a practical packaging 175 g,$4.99ea,$4.79ea,$2.74/ 100g,True
pantry,Windsor,Grinder Refill Himalayan Pink Salt Extra Coarse,WindsorGrinder Refill Himalayan Pink Salt Extra Coarse255 g,$7.49ea,,$2.94/ 100g,False
pantry,Jakeman's,Pure Maple Syrup,Jakeman'sPure Maple Syrup1 l,$21.99ea,,$2.20/ 100ml,False
pantry,Catelli,"Smart Veggie, Spaghettini Pasta","CatelliSmart Veggie, Spaghettini Pasta340 g",$3.29ea,,$0.97/ 100g,False
pantry,President's Choice,Original Refried Pinto Beans,President's ChoiceOriginal Refried Pinto Beans398 ml,$4.79ea,,$1.20/ 100ml,False
pantry,Lawrys,Seasoned Salt,LawrysSeasoned Salt225 g,$5.79ea,,$2.57/ 100g,False
pantry,No Name,Condensed Cream of Chicken Soup,No NameCondensed Cream of Chicken Soup284 ml,$1.49ea,,$0.52/ 100ml,False
pantry,Natursource,Pecan Pie Flavoured Nut Mix,NatursourcePecan Pie Flavoured Nut Mix500 g,$16.99ea,,$3.40/ 100g,False
pantry,Italpasta,Capellini,ItalpastaCapellini900 g,$3.79ea,,$0.42/ 100g,False
pantry,Kelloggs,Rice Krispies Original,KelloggsRice Krispies Original560 g,$5.99ea,,$1.07/ 100g,False
pantry,,Chocolate Flavored  Buds,Chocolate Flavored  Buds,$1.29/100 g,,$1.29/ 100g,False
pantry,Club House,Pure Vanilla,Club HousePure Vanilla46 ml,$10.49ea,,$22.80/ 100ml,False
pantry,Sir Kensington's,Mayonnaise Classic,Sir Kensington'sMayonnaise Classic354 ml,$8.99ea,,$2.54/ 100ml,False
pantry,Italpasta,Rigatoni,ItalpastaRigatoni900 g,$3.79ea,,$0.42/ 100g,False
pantry,Italpasta,Lasagne,ItalpastaLasagne500 g,$3.79ea,$3.49ea,$0.70/ 100g,True
pantry,VH,Marinade - Medium Garlic,VHMarinade - Medium Garlic341 ml,$4.99ea,,$1.46/ 100ml,False
pantry,Jif,Dark Roast Creamy Peanut Butter,JifDark Roast Creamy Peanut Butter500 g,$5.49ea,,$1.10/ 100g,False
pantry,President's Choice,Roasted Garlic Mayo Sandwich Spread,President's ChoiceRoasted Garlic Mayo Sandwich Spread300 ml,$4.49ea,,$1.50/ 100ml,False
pantry,Derlea,"Ginger, Minced","DerleaGinger, Minced120 g",$3.49ea,,$2.91/ 100g,False
pantry,President's Choice,Ground All Spice ,President's ChoiceGround All Spice 42 g,$6.49ea,,$15.45/ 100g,False
pantry,Knorr,Cream of Mushroom Dry Soup Mix,KnorrCream of Mushroom Dry Soup Mix71 g,$2.39ea,,$3.37/ 100g,False
pantry,No Name,Elbow Macaroni Pasta,No NameElbow Macaroni Pasta2 kg,$5.49ea,,$0.27/ 100g,False
pantry,Club House,Organic Rosemary Leaves,Club HouseOrganic Rosemary Leaves14 g,$3.79ea,,$27.07/ 100g,False
pantry,Splenda,Monk Fruit Sweeterner,SplendaMonk Fruit Sweeterner540 g,$12.99ea,,$2.41/ 100g,False
pantry,,Salted  Toasted Corn,Salted  Toasted Corn,$2.11/125 g,,$1.69/ 100g,False
pantry,Campbell's,Bean with Bacon,Campbell'sBean with Bacon284 ml,$2.99ea,,$1.05/ 100ml,False
pantry,Robin Hood,Unbleached All Purpose Flour,Robin HoodUnbleached All Purpose Flour5 kg,$13.99ea,,$0.28/ 100g,False
pantry,PC Blue Menu,Red Lentil And Chickpea Orzo Rice-Shaped Pasta,PC Blue MenuRed Lentil And Chickpea Orzo Rice-Shaped Pasta225 g,$3.49ea,,$1.55/ 100g,False
pantry,Campbell's,No Salt Added Vegetable Broth,Campbell'sNo Salt Added Vegetable Broth900 ml,$3.49ea,,$0.39/ 100ml,False
pantry,Quaker,Instant Oatmeal 3 Flavour Variety Pack,QuakerInstant Oatmeal 3 Flavour Variety Pack314 g,$4.79ea,,$1.53/ 100g,False
pantry,Campbell's,Italian Wedding Ready to Serve Soup ,Campbell'sItalian Wedding Ready to Serve Soup 515 ml,$3.59ea,,$0.70/ 100ml,False
pantry,Clover Leaf,Bistro Bowls Mediterranean Pasta,Clover LeafBistro Bowls Mediterranean Pasta170 g,$4.29ea,,$2.52/ 100g,False
pantry,No Name,Elbow Macaroni Pasta,No NameElbow Macaroni Pasta900 g,$2.49ea,,$0.28/ 100g,False
pantry,Bens,Long Grain & Wild Rice Roasted Garlic Flavour,BensLong Grain & Wild Rice Roasted Garlic Flavour250 g,$3.99ea,,$1.60/ 100g,False
pantry,Ruffles,Onion Flavoured Dip,RufflesOnion Flavoured Dip425 g,$5.79ea,,$1.36/ 100g,False
pantry,Bens,White Basmati Rice Cilantro Lime Flavour,BensWhite Basmati Rice Cilantro Lime Flavour240 g,$3.99ea,,$1.66/ 100g,False
pantry,Bens,Broccoli & Cheddar Flavour Rice,BensBroccoli & Cheddar Flavour Rice240 g,$3.99ea,,$1.66/ 100g,False
pantry,Prego,"Pasta Sauce Tomato, Onion & Garlic","PregoPasta Sauce Tomato, Onion & Garlic645 ml",$4.49ea,,$0.70/ 100ml,False
pantry,Italpasta,Spaghetti,ItalpastaSpaghetti900 g,$3.79ea,,$0.42/ 100g,False
pantry,Bens,Organic Quinoa & Brown Rice With Garlic Flavour ,BensOrganic Quinoa & Brown Rice With Garlic Flavour 240 g,$4.49ea,,$1.87/ 100g,False
pantry,Unico,Red Kidney Beans,UnicoRed Kidney Beans540 ml,$2.29ea,,$0.42/ 100ml,False
pantry,Campbell's,Chunky Steak & Potatoes,Campbell'sChunky Steak & Potatoes515 ml,$3.49ea,,$0.68/ 100ml,False
pantry,Barilla,Pasta Cut Macaroni N.35,BarillaPasta Cut Macaroni N.35410 g,$3.49ea,,$0.85/ 100g,False
pantry,Aylmer,Accents Tomatoes Garlic Oil,AylmerAccents Tomatoes Garlic Oil540 ml,$2.99ea,,$0.55/ 100ml,False
pantry,Bens,Organic Brown & Red Rice with Chia & Kale ,BensOrganic Brown & Red Rice with Chia & Kale 240 g,$4.49ea,,$1.87/ 100g,False
pantry,Bens,Organic Rice Side Dish Basmati Rice ,BensOrganic Rice Side Dish Basmati Rice 240 g,$4.49ea,,$1.87/ 100g,False
pantry,Maggi,"Noodles, Masala","MaggiNoodles, Masala70 g",$0.49ea,,$0.70/ 100g,False
pantry,Bens,Organic Rice Side Dish Jasmine Rice ,BensOrganic Rice Side Dish Jasmine Rice 240 g,$4.49ea,,$1.87/ 100g,False
pantry,Hellmanns,"Mayonnaise for Sandwichs, Salads and hamburgers Real gluten-free","HellmannsMayonnaise for Sandwichs, Salads and hamburgers Real gluten-free890 ml",$7.99ea,,$0.90/ 100ml,False
pantry,Kraft,Original Macaroni & Cheese,KraftOriginal Macaroni & Cheese225 g,$1.99ea,,$0.88/ 100g,False
pantry,President's Choice,Mild Salsa,President's ChoiceMild Salsa430 ml,$4.99ea,,$1.16/ 100ml,False
pantry,Classico,Arrabbiata Spicy Red Pepper Spaghetti Pasta Sauce,ClassicoArrabbiata Spicy Red Pepper Spaghetti Pasta Sauce650 ml,$4.99ea,,$0.77/ 100ml,False
pantry,President's Choice,Quattro Formaggi Pasta Sauce,President's ChoiceQuattro Formaggi Pasta Sauce650 ml,$4.00ea,,$0.62/ 100ml,False
pantry,Clover Leaf,Smoked Oysters with Spicy Chili,Clover LeafSmoked Oysters with Spicy Chili85 g,$3.29ea,,$3.87/ 100g,False
pantry,President's Choice,Plant Based Mayo-Style Spread,President's ChoicePlant Based Mayo-Style Spread710 ml,$6.99ea,,$0.98/ 100ml,False
pantry,Betty Crocker,Creamy Deluxe French Vanilla Frosting ,Betty CrockerCreamy Deluxe French Vanilla Frosting 450 g,$3.29ea,,$0.73/ 100g,False
pantry,General Mills,Cheerios Cereal,General MillsCheerios Cereal350 g,$5.49ea,,$1.57/ 100g,False
pantry,Hellmanns,Dressing & Sandwich Spread Vegan gluten free and non-gmo condiment,HellmannsDressing & Sandwich Spread Vegan gluten free and non-gmo condiment710 ml,$7.99ea,,$1.13/ 100ml,False
pantry,Weetabix,Whole Grain Cereal    ,WeetabixWhole Grain Cereal    400 g,$5.49ea,,$1.37/ 100g,False
pantry,Old El Paso,Smart Fiesta Burrito Dinner Kit,Old El PasoSmart Fiesta Burrito Dinner Kit510 g,$4.99ea,,$0.98/ 100g,False
pantry,Classico,Mushroom Alfredo Spaghetti Pasta Sauce,ClassicoMushroom Alfredo Spaghetti Pasta Sauce410 ml,$4.99ea,,$1.22/ 100ml,False
pantry,No Name,Crushed Tomatoes,No NameCrushed Tomatoes796 ml,$1.59ea,,$0.20/ 100ml,False
pantry,General Mills,Golden Grahams Crunch Cereal,General MillsGolden Grahams Crunch Cereal331 g,$5.49ea,,$1.66/ 100g,False
pantry,Ocean Spray,"Cranberry Sauce, Whole Berry","Ocean SprayCranberry Sauce, Whole Berry348 ml",$3.49ea,,$1.00/ 100ml,False
pantry,President's Choice,Extra Chunky Medium Salsa,President's ChoiceExtra Chunky Medium Salsa650 ml,$5.49ea,,$0.84/ 100ml,False
pantry,President's Choice,Alfredo Pasta Sauce,President's ChoiceAlfredo Pasta Sauce410 ml,$4.00ea,,$0.98/ 100ml,False
pantry,General Mills,Chex,General MillsChex365 g,$5.49ea,,$1.50/ 100g,False
pantry,No Name,Chunk Light Tuna,No NameChunk Light Tuna170 g,$1.89ea,,$1.11/ 100g,False
pantry,Classico,Vodka Sauce Spaghetti Pasta Sauce,ClassicoVodka Sauce Spaghetti Pasta Sauce650 ml,$4.99ea,,$0.77/ 100ml,False
pantry,Classico,Fire Roasted Tomato & Garlic Spaghetti Pasta Sauce,ClassicoFire Roasted Tomato & Garlic Spaghetti Pasta Sauce650 ml,$4.99ea,,$0.77/ 100ml,False
pantry,Betty Crocker,Whipped Vanilla Frosting,Betty CrockerWhipped Vanilla Frosting340 g,$3.29ea,,$0.97/ 100g,False
pantry,PC Blue Menu,Blue Menu Alfredo Pasta Sauce,PC Blue MenuBlue Menu Alfredo Pasta Sauce410 ml,$4.00ea,,$0.98/ 100ml,False
pantry,Betty Crocker,SuperMoist French Vanilla Cake Mix,Betty CrockerSuperMoist French Vanilla Cake Mix432 g,$3.29ea,,$0.76/ 100g,False
pantry,President's Choice,Old-Fashioned Cake Donut Baking Mix,President's ChoiceOld-Fashioned Cake Donut Baking Mix500 g,$4.79ea,,$0.96/ 100g,False
pantry,No Name,Thyme Leaves,No NameThyme Leaves45 g,$3.99ea,,$8.87/ 100g,False
pantry,General Mills,"Oatmeal Crisp Almond Cereal, Family Size","General MillsOatmeal Crisp Almond Cereal, Family Size628 g",$7.99ea,,$1.27/ 100g,False
pantry,General Mills,"Oatmeal Crisp Triple Berry Cereal, Family Size","General MillsOatmeal Crisp Triple Berry Cereal, Family Size570 g",$7.99ea,,$1.40/ 100g,False
pantry,No Name,Ground Cumin,No NameGround Cumin97 g,$3.99ea,,$4.11/ 100g,False
pantry,No Name,Basil Leaves,No NameBasil Leaves40 g,$3.99ea,,$9.98/ 100g,False
pantry,No Name,Rosemary Leaves,No NameRosemary Leaves50 g,$3.99ea,,$7.98/ 100g,False
pantry,No Name,Thyme Leaves,No NameThyme Leaves45 g,$3.99ea,,$8.87/ 100g,False
pantry,No Name,Chili Powder,No NameChili Powder150 g,$3.99ea,,$2.66/ 100g,False
pantry,No Name,Ground Black Pepper,No NameGround Black Pepper540 g,$14.99ea,,$2.78/ 100g,False
pantry,No Name,Garlic Powder,No NameGarlic Powder700 g,$8.99ea,,$1.28/ 100g,False
pantry,Grace,"Jamaican Jerk Seasoning, Mild","GraceJamaican Jerk Seasoning, Mild284 g",$4.69ea,,$1.50/ 100g,False
pantry,No Name,Whole Tomatoes,No NameWhole Tomatoes796 ml,$1.59ea,,$0.20/ 100ml,False
pantry,Weber,"Just Add Juice BBQ Marinade, Garlic & Herb","WeberJust Add Juice BBQ Marinade, Garlic & Herb32 g",$2.79ea,,$8.72/ 100g,False
pantry,Schneider,Oktoberfest Original Mustard,SchneiderOktoberfest Original Mustard250 ml,$4.79ea,,$1.92/ 100ml,False
pantry,No Name,Pine Nuts,No NamePine Nuts100 g,$8.99ea,,$8.99/ 100g,False
pantry,Wilton,"Candy Melts, Bright White","WiltonCandy Melts, Bright White340 g",$4.99ea,,$1.47/ 100g,False
pantry,President's Choice,The Decadent Milk Chocolate Chips,President's ChoiceThe Decadent Milk Chocolate Chips270 g,$4.49ea,,$1.66/ 100g,False
pantry,Robin Hood,Best for Cake & Pastry Flour,Robin HoodBest for Cake & Pastry Flour2.5 kg,$7.99ea,,$0.32/ 100g,False
pantry,Club House,"Shepherd's Pie, 25% Less Sodium Seasoning Mix","Club HouseShepherd's Pie, 25% Less Sodium Seasoning Mix47 g",$2.49ea,,$5.30/ 100g,False
pantry,Club House,"Dry Sauce Mix, Turkey Gravy","Club HouseDry Sauce Mix, Turkey Gravy25 g",$2.49ea,,$9.96/ 100g,False
pantry,PC Organics,Organic Fruit Spread Strawberry,PC OrganicsOrganic Fruit Spread Strawberry545 ml,$6.99ea,$5.49ea,$1.01/ 100ml,True
pantry,No Name,Lentils,No NameLentils540 ml,$1.39ea,,$0.26/ 100ml,False
pantry,No Name,Peach Slices in Fruit Juice From Concentrate,No NamePeach Slices in Fruit Juice From Concentrate540 ml,$4.29ea,,$0.79/ 100ml,False
pantry,Chef Boyardee,Mini Bites,Chef BoyardeeMini Bites425 g,$2.49ea,,$0.59/ 100g,False
pantry,No Name,Marinated Quartered Artichoke Hearts,No NameMarinated Quartered Artichoke Hearts170 ml,$2.79ea,,$1.64/ 100ml,False
pantry,Green Giant,Peaches & Cream Corn,Green GiantPeaches & Cream Corn341 ml,$2.29ea,,$0.67/ 100ml,False
pantry,Dr Oetker,"Shirriff Pudding & Pie Filling, Butterscotch","Dr OetkerShirriff Pudding & Pie Filling, Butterscotch175 g",$2.79ea,,$1.59/ 100g,False
pantry,Maggi,So Juicy Roast Chkn Rmry  ,MaggiSo Juicy Roast Chkn Rmry  36 g,$2.99ea,,$8.31/ 100g,False
pantry,Kelloggs,Honey Nut Flavour Cereal,KelloggsHoney Nut Flavour Cereal435 g,$5.99ea,,$1.38/ 100g,False
pantry,Basse,Bassé Yogurt Mix,BasseBassé Yogurt Mix425 g,$6.99ea,$6.49ea,$1.53/ 100g,True
pantry,President's Choice,Plum Sauce Club Size,President's ChoicePlum Sauce Club Size750 ml,$7.29ea,,$0.97/ 100ml,False
pantry,No Name,Zesty Pasta Sauce,No NameZesty Pasta Sauce680 ml,$2.49ea,,$0.37/ 100ml,False
pantry,Bens,Fine Herb & Wild Rice,BensFine Herb & Wild Rice132 g,$2.99ea,,$2.27/ 100g,False
pantry,Green Giant,Summer Sweet Peas,Green GiantSummer Sweet Peas398 ml,$2.29ea,,$0.58/ 100ml,False
pantry,Crofter's,"Premium Spread, Strawberry","Crofter'sPremium Spread, Strawberry383 ml",$6.49ea,,$1.69/ 100ml,False
pantry,No Name,Whole Mushrooms,No NameWhole Mushrooms284 ml,$1.39ea,$1.29ea,$0.45/ 100ml,True
pantry,No Name,Worcestershire Sauce,No NameWorcestershire Sauce295 ml,$2.49ea,,$0.84/ 100ml,False
pantry,Manny's,Flour Tortillas Foldables,Manny'sFlour Tortillas Foldables376 g,$4.99ea,,$1.33/ 100g,False
pantry,KODIAK CAKES,Maple & Brown Sugar Flavour Instant Oatmeal,KODIAK CAKESMaple & Brown Sugar Flavour Instant Oatmeal313 g,$6.99ea,,$2.23/ 100g,False
pantry,Robin Hood,Best For Bread Homestyle White Flour,Robin HoodBest For Bread Homestyle White Flour5 kg,$13.99ea,,$0.28/ 100g,False
pantry,Wilton,"Blue, Yellow and Teal 6-Cell Sprinkle Mix, 6.77 oz.","WiltonBlue, Yellow and Teal 6-Cell Sprinkle Mix, 6.77 oz.192 g",$7.89ea,,$4.11/ 100g,False
pantry,Wilton,"Pink Nonpareils Sprinkles Pouch, 40 g","WiltonPink Nonpareils Sprinkles Pouch, 40 g40 g",$1.59ea,,$3.98/ 100g,False
pantry,Frontera,Red Chile Enchilada Sauce with Roasted Tomato + Garlic Mild,FronteraRed Chile Enchilada Sauce with Roasted Tomato + Garlic Mild226 g,$4.89ea,,$2.16/ 100g,False
pantry,Robertsons,"Orange Marmalade, Thick Cut","RobertsonsOrange Marmalade, Thick Cut250 ml",$4.79ea,,$1.92/ 100ml,False
pantry,Campbell's,"Chunky Chili, Homestyle","Campbell'sChunky Chili, Homestyle425 g",$4.39ea,,$1.03/ 100g,False
pantry,Habitant,Red Tomato Chow Chow,HabitantRed Tomato Chow Chow500 ml,$6.99ea,,$1.40/ 100ml,False
pantry,H and H,Golden Apricot,H and HGolden Apricot454 g,$8.99ea,,$1.98/ 100g,False
pantry,Stock and Barrel,Walnut Halves & Pieces,Stock and BarrelWalnut Halves & Pieces125 g,$6.99ea,,$5.59/ 100g,False
pantry,Blue Dragon,Penang Curry Cooking Sauce Kit 3 Step,Blue DragonPenang Curry Cooking Sauce Kit 3 Step271 g,$5.00ea,$4.49ea,$1.66/ 100g,True
pantry,Wilton,"Unicorn Sprinkles Mix, 10 oz.","WiltonUnicorn Sprinkles Mix, 10 oz.285 g",$13.49ea,,$4.73/ 100g,False
pantry,PC Black Label,Spanish Paella Rice,PC Black LabelSpanish Paella Rice340 g,$5.49ea,,$1.61/ 100g,False
pantry,President's Choice,Plant Based Golden Cake Baking Mix,President's ChoicePlant Based Golden Cake Baking Mix454 g,$7.99ea,,$1.76/ 100g,False
pantry,No Name,Rich & Chunky Vegetable with Pasta Soup,No NameRich & Chunky Vegetable with Pasta Soup540 ml,$2.99ea,$2.59ea,$0.48/ 100ml,True
pantry,Blue Dragon,Thai Green Curry Paste,Blue DragonThai Green Curry Paste270 ml,$4.99ea,$4.49ea,$1.66/ 100ml,True
pantry,Kraft,Smooth Peanut Butter,KraftSmooth Peanut Butter1 kg,$7.49ea,,$0.75/ 100g,False
pantry,Pataks,Butter Chicken Cooking Sauce for 2,PataksButter Chicken Cooking Sauce for 2200 ml,$3.59ea,,$1.80/ 100ml,False
pantry,President's Choice,Extra Chunky Mild Salsa,President's ChoiceExtra Chunky Mild Salsa1.85 l,$11.49ea,,$0.62/ 100ml,False
pantry,Green Giant,Cut Green Beans,Green GiantCut Green Beans398 ml,$2.29ea,,$0.58/ 100ml,False
pantry,Fleischmanns,Quick Rise Yeast,FleischmannsQuick Rise Yeast24 g,$2.99ea,,$12.46/ 100g,False
pantry,PC Blue Menu,Bulgur & Quinoa Blend,PC Blue MenuBulgur & Quinoa Blend225 g,$3.39ea,,$1.51/ 100g,False
pantry,PC Black Label,Peperoncini Chopped Hot Chili Peppers In Oil,PC Black LabelPeperoncini Chopped Hot Chili Peppers In Oil270 g,$7.99ea,,$2.96/ 100g,False
pantry,Smuckers,No Sugar Added Raspberry Spread,SmuckersNo Sugar Added Raspberry Spread310 ml,$7.99ea,,$2.58/ 100ml,False
pantry,Cake Mate,"Décors, Star","Cake MateDécors, Star82 g",$3.59ea,,$4.38/ 100g,False
pantry,No Name,Sour Picked Onions,No NameSour Picked Onions375 ml,$3.99ea,,$1.06/ 100ml,False
pantry,Kraft,Triple Cheese Macaroni & Cheese Snack Cup,KraftTriple Cheese Macaroni & Cheese Snack Cup58 g,$2.79ea,,$4.81/ 100g,False
pantry,PC Blue Menu,Navy Beans,PC Blue MenuNavy Beans900 g,$3.49ea,,$0.39/ 100g,False
pantry,Heinz,Sauce Hanch ,HeinzSauce Hanch 362 ml,$5.99ea,,$1.65/ 100ml,False
pantry,No Name,100% Extra Virgin Olive Oil,No Name100% Extra Virgin Olive Oil750 ml,$8.99ea,,$1.20/ 100ml,False
pantry,Nupak,Brown Lentils,NupakBrown Lentils900 g,$4.79ea,,$0.53/ 100g,False
pantry,No Name,Honey Garlic Sauce,No NameHoney Garlic Sauce350 ml,$3.49ea,,$1.00/ 100ml,False
pantry,Habitant,Red Tomato Chow Chow,HabitantRed Tomato Chow Chow500 ml,$6.99ea,,$1.40/ 100ml,False
pantry,Stock and Barrel,Walnut Halves & Pieces,Stock and BarrelWalnut Halves & Pieces125 g,$6.99ea,,$5.59/ 100g,False
pantry,Blue Dragon,Penang Curry Cooking Sauce Kit 3 Step,Blue DragonPenang Curry Cooking Sauce Kit 3 Step271 g,$5.00ea,$4.49ea,$1.66/ 100g,True
pantry,Cullen's,Organic Canned Black Beans,Cullen'sOrganic Canned Black Beans540 ml,$4.49ea,,$0.83/ 100ml,False
pantry,H and H,Golden Apricot,H and HGolden Apricot454 g,$8.99ea,,$1.98/ 100g,False
pantry,Betty Crocker,Sugar Cookie Mix,Betty CrockerSugar Cookie Mix496 g,$4.99ea,,$1.01/ 100g,False
pantry,Hunt's,Tomato Paste,Hunt'sTomato Paste369 ml,$2.69ea,,$0.73/ 100ml,False
pantry,Mutti,Peeled Tomatoes,MuttiPeeled Tomatoes800 g,$4.49ea,,$0.56/ 100g,False
pantry,Kraft,Extra Creamy Peanut Butter,KraftExtra Creamy Peanut Butter1 kg,$7.49ea,,$0.75/ 100g,False
pantry,Heinz,Tartar Sauce,HeinzTartar Sauce354 ml,$5.99ea,,$1.69/ 100ml,False
pantry,President's Choice,Whole Grain Instant Brown Rice,President's ChoiceWhole Grain Instant Brown Rice600 g,$6.99ea,,$1.17/ 100g,False
pantry,Better Than Bouillon,Roasted Garlic Base,Better Than BouillonRoasted Garlic Base227 g,$7.99ea,,$3.52/ 100g,False
pantry,President's Choice,Caesar Dressing,President's ChoiceCaesar Dressing355 ml,$4.99ea,,$1.41/ 100ml,False
pantry,President's Choice,The Decadent Milk Chocolate Chips,President's ChoiceThe Decadent Milk Chocolate Chips775 g,$12.99ea,,$1.68/ 100g,False
pantry,President's Choice,Glaze with Balsamic Vinegar of Modena,President's ChoiceGlaze with Balsamic Vinegar of Modena250 ml,$4.79ea,,$1.92/ 100ml,False
pantry,The Extreme Bean,Matt & Steve's The Asparagoos Garlic & Dill Pickled Asparagus,The Extreme BeanMatt & Steve's The Asparagoos Garlic & Dill Pickled Asparagus500 ml,$7.99ea,,$1.60/ 100ml,False
pantry,Bull's-Eye,Bold Original BBQ Sauce,Bull's-EyeBold Original BBQ Sauce425 ml,$4.49ea,,$1.06/ 100ml,False
pantry,President's Choice,Lemon Square Baking Mix,President's ChoiceLemon Square Baking Mix500 g,$4.79ea,,$0.96/ 100g,False
pantry,PC Blue Menu,Chickpeas,PC Blue MenuChickpeas540 ml,$1.89ea,,$0.35/ 100ml,False
pantry,No Name,Apple Cider Vinegar,No NameApple Cider Vinegar1 l,$2.49ea,,$0.25/ 100ml,False
pantry,Club House,"Seasoning Mix, Sloppy Joe","Club HouseSeasoning Mix, Sloppy Joe37 g",$2.49ea,,$6.73/ 100g,False
pantry,Kraft,Miracle Whip Original Spread,KraftMiracle Whip Original Spread1.5 l,$11.99ea,,$0.80/ 100ml,False
pantry,PC Splendido,Cold-Extracted Extra Virgin Olive Oil,PC SplendidoCold-Extracted Extra Virgin Olive Oil500 ml,$7.99ea,,$1.60/ 100ml,False
pantry,No Name,Whole Plum Tomatoes,No NameWhole Plum Tomatoes796 ml,$1.59ea,,$0.20/ 100ml,False
pantry,ED Smith,"Pie Filling, Raspberry","ED SmithPie Filling, Raspberry540 ml",$7.49ea,,$1.39/ 100ml,False
pantry,Club House,Ground Cinnamon,Club HouseGround Cinnamon125 g,$7.99ea,,$6.39/ 100g,False
pantry,Hellmanns,Spicy Mayonnaise Real Sriracha Chili Peppers Squeezable Bottle,HellmannsSpicy Mayonnaise Real Sriracha Chili Peppers Squeezable Bottle340 ml,$6.49ea,,$1.91/ 100ml,False
pantry,Campbell's,Tomato Rice Soup,Campbell'sTomato Rice Soup284 ml,$2.99ea,,$1.05/ 100ml,False
pantry,Club House,"La Grille, Montreal Steak Spice Seasoning","Club HouseLa Grille, Montreal Steak Spice Seasoning188 g",$7.49ea,,$3.98/ 100g,False
pantry,Smuckers,Pure Strawberry Jelly,SmuckersPure Strawberry Jelly250 ml,$4.49ea,,$1.80/ 100ml,False
pantry,President's Choice,Glaze with Balsamic Vinegar of Modena,President's ChoiceGlaze with Balsamic Vinegar of Modena250 ml,$4.79ea,,$1.92/ 100ml,False
pantry,The Extreme Bean,Matt & Steve's The Asparagoos Garlic & Dill Pickled Asparagus,The Extreme BeanMatt & Steve's The Asparagoos Garlic & Dill Pickled Asparagus500 ml,$7.99ea,,$1.60/ 100ml,False
pantry,Bull's-Eye,Bold Original BBQ Sauce,Bull's-EyeBold Original BBQ Sauce425 ml,$4.49ea,,$1.06/ 100ml,False
pantry,President's Choice,Lemon Square Baking Mix,President's ChoiceLemon Square Baking Mix500 g,$4.79ea,,$0.96/ 100g,False
pantry,PC Blue Menu,Chickpeas,PC Blue MenuChickpeas540 ml,$1.89ea,,$0.35/ 100ml,False
pantry,No Name,Apple Cider Vinegar,No NameApple Cider Vinegar1 l,$2.49ea,,$0.25/ 100ml,False
pantry,Club House,"Seasoning Mix, Sloppy Joe","Club HouseSeasoning Mix, Sloppy Joe37 g",$2.49ea,,$6.73/ 100g,False
pantry,Kraft,Miracle Whip Original Spread,KraftMiracle Whip Original Spread1.5 l,$11.99ea,,$0.80/ 100ml,False
pantry,H and H,Golden Apricot,H and HGolden Apricot454 g,$8.99ea,,$1.98/ 100g,False
pantry,Stock and Barrel,Walnut Halves & Pieces,Stock and BarrelWalnut Halves & Pieces125 g,$6.99ea,,$5.59/ 100g,False
pantry,David Rocco,Pasta Sauce Ricotta & Pecorino,David RoccoPasta Sauce Ricotta & Pecorino650 ml,$8.99ea,,$1.38/ 100ml,False
pantry,No Name,"Peas, Assorted Sizes ","No NamePeas, Assorted Sizes 398 ml",$1.59ea,,$0.40/ 100ml,False
pantry,Bush's Best,Bush Brown Sugar Hickory,Bush's BestBush Brown Sugar Hickory398 ml,$2.99ea,$2.69ea,$0.68/ 100ml,True
pantry,4C,"Japanese Style Bread Crumbs, Seasoned","4CJapanese Style Bread Crumbs, Seasoned227 g",$3.99ea,,$1.76/ 100g,False
pantry,No Name,Cream-Style Corn,No NameCream-Style Corn398 ml,$1.59ea,,$0.40/ 100ml,False
pantry,Kelloggs,Pop Tarts Frosted Smore   ,KelloggsPop Tarts Frosted Smore   384 g,$4.49ea,,$1.17/ 100g,False
pantry,Stefano Faita,Marinara Tomato Sauce,Stefano FaitaMarinara Tomato Sauce648 ml,$7.99ea,,$1.23/ 100ml,False
pantry,President's Choice,Crunchy Chocolate Hazelnut Spread,President's ChoiceCrunchy Chocolate Hazelnut Spread375 g,$3.79ea,,$1.01/ 100g,False
pantry,Bush's Best,Original Baked Beans,Bush's BestOriginal Baked Beans398 ml,$2.99ea,$2.69ea,$0.68/ 100ml,True
pantry,President's Choice,Caribbean Curry Cooking Sauce,President's ChoiceCaribbean Curry Cooking Sauce400 ml,$4.99ea,$3.79ea,$0.95/ 100ml,True
pantry,Stock and Barrel,Sliced Natural Almonds,Stock and BarrelSliced Natural Almonds125 g,$6.99ea,,$5.59/ 100g,False
pantry,No Name,100% Pure Canola Oil,No Name100% Pure Canola Oil3 l,$12.49ea,,$0.42/ 100ml,False
pantry,Matt & Steve's,Hot and Spicy Pickle Spears,Matt & Steve'sHot and Spicy Pickle Spears750 ml,$5.99ea,,$0.80/ 100ml,False
pantry,Basse,Bassé Classic Trail Mix,BasseBassé Classic Trail Mix600 g,$6.99ea,$6.49ea,$1.08/ 100g,True
pantry,President's Choice,Raw California Walnut Halves,President's ChoiceRaw California Walnut Halves300 g,$6.99ea,,$2.33/ 100g,False
pantry,Nonna Pia's Gourmet Sauces,Balsamic Glaze Cabernet Merlot,Nonna Pia's Gourmet SaucesBalsamic Glaze Cabernet Merlot250 ml,$9.99ea,$8.99ea,$3.60/ 100ml,True
pantry,A Spice Affair,Guacamole Dip Mix,A Spice AffairGuacamole Dip Mix75 g,$11.99ea,,$15.99/ 100g,False
pantry,Pataks,Pasanda Cooking Sauce,PataksPasanda Cooking Sauce400 ml,$6.49ea,,$1.62/ 100ml,False
pantry,Litehouse,"Dressing & Dip Homestyle Ranch, Family Size","LitehouseDressing & Dip Homestyle Ranch, Family Size591 ml",$6.99ea,,$1.18/ 100ml,False
pantry,Wilton,"Pink Ready-to-Use Icing Tube, 120 g","WiltonPink Ready-to-Use Icing Tube, 120 g120 g",$4.19ea,,$3.49/ 100g,False
pantry,Twinkle Baker Decor,Blue & Yellow Buttery Cream Flavour Swirled Frosting,Twinkle Baker DecorBlue & Yellow Buttery Cream Flavour Swirled Frosting160 g,$8.49ea,,$5.31/ 100g,False
pantry,President's Choice,Refrigerated Greek Vinaigrette,President's ChoiceRefrigerated Greek Vinaigrette350 ml,$4.99ea,,$1.43/ 100ml,False
pantry,Hershey's,"Chipits  Toffee Bits Baking Candy, 200G","Hershey'sChipits  Toffee Bits Baking Candy, 200G200 g",$4.99ea,,$2.50/ 100g,False
pantry,No Name,Pecan Halves,No NamePecan Halves100 g,$5.29ea,,$5.29/ 100g,False
pantry,Bens,Broccoli & Cheddar Flavour Rice,BensBroccoli & Cheddar Flavour Rice132 g,$2.99ea,,$2.27/ 100g,False
pantry,No Name,Chickpeas,No NameChickpeas540 ml,$1.39ea,,$0.26/ 100ml,False
pantry,No Name,Sliced Pineapple in Pineapple Juice,No NameSliced Pineapple in Pineapple Juice540 ml,$2.59ea,,$0.48/ 100ml,False
pantry,PC Organics,"Organic Pasta Sauce, Roasted Garlic & Herb","PC OrganicsOrganic Pasta Sauce, Roasted Garlic & Herb700 ml",$5.99ea,,$0.86/ 100ml,False
pantry,Lantic,Icing Sugar,LanticIcing Sugar500 g,$2.19ea,,$0.44/ 100g,False
pantry,Club House,"Dry Sauce Mix, Poutine Gravy","Club HouseDry Sauce Mix, Poutine Gravy42 g",$2.49ea,,$5.93/ 100g,False
pantry,Kraft,Baker's 100% Pure Unsweetened Chocolate Baking Bar,KraftBaker's 100% Pure Unsweetened Chocolate Baking Bar225 g,$5.99ea,,$2.66/ 100g,False
pantry,No Name,"Smooth Peanut Butter, Club Size","No NameSmooth Peanut Butter, Club Size2 kg",$8.49ea,,$0.42/ 100g,False
pantry,Quaker,Apples & Cinnamon Instant Oatmeal,QuakerApples & Cinnamon Instant Oatmeal264 g,$4.79ea,,$1.81/ 100g,False
pantry,PC Blue Menu,Marinara Pasta Sauce ,PC Blue MenuMarinara Pasta Sauce 700 ml,$5.49ea,,$0.78/ 100ml,False
pantry,President's Choice,Old-Fashioned Dijon Mustard,President's ChoiceOld-Fashioned Dijon Mustard325 ml,$3.29ea,,$1.01/ 100ml,False
pantry,No Name,Sliced Pears in Fruit Juice from Concentrate,No NameSliced Pears in Fruit Juice from Concentrate540 ml,$4.29ea,,$0.79/ 100ml,False
pantry,President's Choice,Decadent Mini White Chips,President's ChoiceDecadent Mini White Chips226 g,$4.49ea,,$1.99/ 100g,False
pantry,Betty Crocker,Salted Caramel Brownies Mix,Betty CrockerSalted Caramel Brownies Mix521 g,$4.99ea,,$0.96/ 100g,False
pantry,Fleischmanns,Traditional Yeast,FleischmannsTraditional Yeast113 g,$5.99ea,,$5.30/ 100g,False
pantry,No Name,Kosher Salt,No NameKosher Salt1.36 kg,$6.49ea,,$0.48/ 100g,False
pantry,Grace,"Hot Pepper Sauce, Large","GraceHot Pepper Sauce, Large170 ml",$2.49ea,$2.29ea,$1.35/ 100ml,True
pantry,President's Choice,Dijon Mustard,President's ChoiceDijon Mustard550 ml,$5.49ea,,$1.10/ 100ml,False
pantry,No Name,Beef Bouillon Concentrate,No NameBeef Bouillon Concentrate500 ml,$6.99ea,,$1.40/ 100ml,False
pantry,Irini,Extra Virgin Olive Oil,IriniExtra Virgin Olive Oil750 ml,$11.99ea,,$1.60/ 100ml,False
pantry,Thompson,White Beans,ThompsonWhite Beans454 g,$2.59ea,,$0.57/ 100g,False
pantry,President's Choice,White Condiment with Balsamic Vinegar of Modena,President's ChoiceWhite Condiment with Balsamic Vinegar of Modena500 ml,$4.99ea,,$1.00/ 100ml,False
pantry,Neal Brothers Foods,Pasta Sauce,Neal Brothers FoodsPasta Sauce680 ml,$8.99ea,,$1.32/ 100ml,False
pantry,McCormicks,"International Sauce Mix, Three Cheese","McCormicksInternational Sauce Mix, Three Cheese38 g",$2.49ea,,$6.55/ 100g,False
pantry,No Name,Golden Seedless Raisins,No NameGolden Seedless Raisins750 g,$7.49ea,$6.49ea,$0.87/ 100g,True
pantry,No Name,100% Pure Vegetable Oil,No Name100% Pure Vegetable Oil3 l,$11.99ea,,$0.40/ 100ml,False
pantry,Del Monte,Peach Halves in Juice Fruit Juice,Del MontePeach Halves in Juice Fruit Juice398 ml,$3.49ea,,$0.88/ 100ml,False
pantry,PC Splendido,Basil Pesto,PC SplendidoBasil Pesto270 ml,$4.49ea,,$1.66/ 100ml,False
pantry,Brunswick,Sardine Filets,BrunswickSardine Filets100 g,$2.29ea,,$2.29/ 100g,False
pantry,No Name,Sweet Gherkins Pickles ,No NameSweet Gherkins Pickles 375 ml,$3.99ea,,$1.06/ 100ml,False
pantry,No Name,Sweetened Dried Cranberries ,No NameSweetened Dried Cranberries 750 g,$7.99ea,$6.99ea,$0.93/ 100g,True
pantry,Franks,"Hot Sauce, Buffalo Wings Sauce","FranksHot Sauce, Buffalo Wings Sauce354 ml",$5.29ea,,$1.49/ 100ml,False
pantry,Bicks,50% Less Salt Sandwich Savers Pickles,Bicks50% Less Salt Sandwich Savers Pickles500 ml,$5.49ea,,$1.10/ 100ml,False
pantry,President's Choice,Seasoned Rice Vinegar,President's ChoiceSeasoned Rice Vinegar500 ml,$5.79ea,,$1.16/ 100ml,False
pantry,Club House,Himalayan Pink Salt With Black Pepper And Garlic,Club HouseHimalayan Pink Salt With Black Pepper And Garlic181 g,$7.49ea,,$4.14/ 100g,False
pantry,No Name,Tomato Sauce    ,No NameTomato Sauce    680 ml,$2.79ea,,$0.41/ 100ml,False
pantry,Pataks,Tikka Masala Cooking Sauce,PataksTikka Masala Cooking Sauce400 ml,$6.49ea,,$1.62/ 100ml,False
pantry,St Hubert,Brown Gravy,St HubertBrown Gravy398 ml,$2.99ea,,$0.75/ 100ml,False
pantry,Wilton,Meringue Powder,WiltonMeringue Powder113 g,$5.49ea,,$4.86/ 100g,False
pantry,Gallo,Extra Virgin Olive Oil,GalloExtra Virgin Olive Oil1 l,$12.99ea,,$1.30/ 100ml,False
pantry,Unico,"Pizza Sauce, Regular","UnicoPizza Sauce, Regular213 ml",$1.79ea,,$0.84/ 100ml,False
pantry,No Name,Whole Wheat Flour,No NameWhole Wheat Flour2.5 kg,$4.99ea,,$0.20/ 100g,False
pantry,President's Choice,Authentic Louisiana Hot Sauce,President's ChoiceAuthentic Louisiana Hot Sauce177 ml,$2.49ea,,$1.41/ 100ml,False
pantry,PC Organics,Black Beans,PC OrganicsBlack Beans398 ml,$1.99ea,,$0.50/ 100ml,False
pantry,G Hughes Smokehouse,"Sugar Free BBQ Sauce, Original","G Hughes SmokehouseSugar Free BBQ Sauce, Original490 ml",$6.99ea,,$1.43/ 100ml,False
pantry,PC Blue Menu,Fibre First Multi-Bran Cereal,PC Blue MenuFibre First Multi-Bran Cereal525 g,$4.99ea,,$0.95/ 100g,False
pantry,Mastro,Extra Virgin Olive Oil,MastroExtra Virgin Olive Oil1 l,$13.99ea,,$1.40/ 100ml,False
pantry,Cake Mate,"Décors, Red","Cake MateDécors, Red113 g",$3.59ea,,$3.18/ 100g,False
pantry,Unico,"Black Olives, Sliced","UnicoBlack Olives, Sliced375 ml",$3.69ea,,$0.98/ 100ml,False
pantry,The Extreme Bean,"Pickled Beans, Hot & Spicy","The Extreme BeanPickled Beans, Hot & Spicy500 ml",$6.49ea,,$1.30/ 100ml,False
pantry,No Name,Lime Jelly Powder,No NameLime Jelly Powder85 g,$1.29ea,,$1.52/ 100g,False
pantry,Bisto,Savoury Gravy for Poultry Mix,BistoSavoury Gravy for Poultry Mix227 g,$5.49ea,,$2.42/ 100g,False
pantry,VH,Simmering Sauce - Red Curry,VHSimmering Sauce - Red Curry341 ml,$4.99ea,,$1.46/ 100ml,False
pantry,No Name,Chocolate Deluxe Cake Mix,No NameChocolate Deluxe Cake Mix432 g,$3.29ea,,$0.76/ 100g,False
pantry,No Name,Dessert Topping Mix 4 Pouches,No NameDessert Topping Mix 4 Pouches170 g,$3.99ea,,$2.35/ 100g,False
pantry,Quaker,Dino Eggs Instant Oatmeal,QuakerDino Eggs Instant Oatmeal304 g,$4.79ea,,$1.58/ 100g,False
pantry,Club House,Fries Seasoning Mix Garlic Parmesan,Club HouseFries Seasoning Mix Garlic Parmesan27 g,$2.49ea,,$9.22/ 100g,False
pantry,Lee Kum Kee,Soy Sauce Premium,Lee Kum KeeSoy Sauce Premium500 ml,$3.99ea,,$0.80/ 100ml,False
pantry,Franks,Honey Garlic Sauce,FranksHoney Garlic Sauce354 ml,$5.29ea,,$1.49/ 100ml,False
pantry,President's Choice,Sticky Rice,President's ChoiceSticky Rice750 g,$4.59ea,,$0.61/ 100g,False
pantry,Blue Dragon,Honey Teriyaki Stir Fry Sauce,Blue DragonHoney Teriyaki Stir Fry Sauce140 ml,$2.39ea,,$1.71/ 100ml,False
pantry,President's Choice,Basmati Rice,President's ChoiceBasmati Rice4.54 kg,$18.99ea,,$0.42/ 100g,False
pantry,President's Choice,Mammoth Stuffed Queen Olives,President's ChoiceMammoth Stuffed Queen Olives750 ml,$6.99ea,,$0.93/ 100ml,False
pantry,Weber,Cowboy Seasoning & Rub,WeberCowboy Seasoning & Rub159 g,$6.99ea,,$4.40/ 100g,False
pantry,Campbell's,Cream of Mushroom and Garlic,Campbell'sCream of Mushroom and Garlic284 ml,$2.99ea,,$1.05/ 100ml,False
pantry,Clover Leaf,"Tuna Salad Kit, Classic","Clover LeafTuna Salad Kit, Classic90 g",$2.79ea,,$3.10/ 100g,False
pantry,Knorr,"Sidekicks Pasta Side Dish, Creamy Bacon Carbonara No Artificial Flavours","KnorrSidekicks Pasta Side Dish, Creamy Bacon Carbonara No Artificial Flavours134 g",$2.79ea,,$2.08/ 100g,False
pantry,Bechtle,Broad Pasta Noodles,BechtleBroad Pasta Noodles500 g,$4.29ea,,$0.86/ 100g,False
pantry,Post,Honey Bunches Of Oat Honey Roasted Cereal,PostHoney Bunches Of Oat Honey Roasted Cereal340 g,$5.49ea,,$1.61/ 100g,False
pantry,No Name,Fully Cooked Real Bacon Bits,No NameFully Cooked Real Bacon Bits85 g,$6.99ea,,$8.22/ 100g,False
pantry,Club House,Mustard Seed,Club HouseMustard Seed165 g,$9.99ea,,$6.05/ 100g,False
pantry,Heinz,Zoodles Animal Shaped Pasta With Tomato Sauce,HeinzZoodles Animal Shaped Pasta With Tomato Sauce398 ml,$2.79ea,,$0.70/ 100ml,False
pantry,Frenchs,100% Canadian Tomato Ketchup,Frenchs100% Canadian Tomato Ketchup1 l,$4.49ea,$3.99ea,$0.40/ 100ml,True
pantry,Dececco,Pasta Farfalle No. 93,DececcoPasta Farfalle No. 93450 g,$3.49ea,,$0.77/ 100g,False
pantry,Swiss Chalet,Chicken Rice Soup,Swiss ChaletChicken Rice Soup540 ml,$4.29ea,,$0.79/ 100ml,False
pantry,Grenache,Caramel Spread,GrenacheCaramel Spread400 g,$2.49ea,,$0.62/ 100g,False
pantry,Delverde,Spaghetti,DelverdeSpaghetti450 g,$4.49ea,,$1.00/ 100g,False
pantry,Kelloggs,All-Bran Buds Cereal,KelloggsAll-Bran Buds Cereal500 g,$5.99ea,,$1.20/ 100g,False
pantry,General Mills,Cheerios Oat Crunch Oats 'N Honey Cereal,General MillsCheerios Oat Crunch Oats 'N Honey Cereal516 g,$5.99ea,,$1.16/ 100g,False
pantry,No Name,Onion Recipe and Soup Mix,No NameOnion Recipe and Soup Mix28 g,$1.69ea,,$6.04/ 100g,False
pantry,Hellmanns,Honey Dijon Salad Dressing Gluten-Free ,HellmannsHoney Dijon Salad Dressing Gluten-Free 475 ml,$5.99ea,,$1.26/ 100ml,False
pantry,President's Choice,Whole Grain Whole Wheat Large Tortillas,President's ChoiceWhole Grain Whole Wheat Large Tortillas334 g,$3.29ea,,$0.99/ 100g,False
pantry,General Mills,Cheerios Cereal Family Size,General MillsCheerios Cereal Family Size570 g,$5.99ea,,$1.05/ 100g,False
pantry,Barilla,Pasta Penne Rigati,BarillaPasta Penne Rigati410 g,$3.49ea,,$0.85/ 100g,False
pantry,General Mills,"Cheerios Honey Nut Cereal, Jumbo","General MillsCheerios Honey Nut Cereal, Jumbo1300 g",$11.99ea,,$0.92/ 100g,False
pantry,The Keg,Chicken & Rib Seasoning,The KegChicken & Rib Seasoning168 g,$5.49ea,,$3.27/ 100g,False
pantry,Better Than Bouillon,Better Than Bouillon Beef Base,Better Than BouillonBetter Than Bouillon Beef Base227 g,$7.99ea,,$3.52/ 100g,False
pantry,Mrs Dash,Seasoning Blend Original,Mrs DashSeasoning Blend Original70 g,$5.99ea,,$8.56/ 100g,False
pantry,Knorr,OXO Sachets Rich Deep Flavour Low Salt Chicken Flavour ,KnorrOXO Sachets Rich Deep Flavour Low Salt Chicken Flavour 72 g,$3.99ea,,$5.54/ 100g,False
pantry,,Hot Chicken Flavor Ramen Stir-Fried Noodle,Hot Chicken Flavor Ramen Stir-Fried Noodle5x140.0 g,$7.99c05,,$1.14/ 100g,False
pantry,Basse,Mountain Peak Mix    ,BasseMountain Peak Mix    600 g,$6.99ea,$6.49ea,$1.08/ 100g,True
pantry,No Name,Beef Broth Condensed,No NameBeef Broth Condensed284 ml,$1.49ea,,$0.52/ 100ml,False
pantry,Nong Shim,Shin Noodles With Soup Mix Gourmet Spicy,Nong ShimShin Noodles With Soup Mix Gourmet Spicy120 g,$1.49ea,,$1.24/ 100g,False
pantry,Campbell's,"Cream of Celery Soup, Low Fat","Campbell'sCream of Celery Soup, Low Fat284 ml",$2.99ea,,$1.05/ 100ml,False
pantry,President's Choice,Korean Barbeque Taco Seasoning Mix,President's ChoiceKorean Barbeque Taco Seasoning Mix24 g,$1.39ea,,$5.79/ 100g,False
pantry,Chef Woo,Thai Lemongrass Ramen Cups,Chef WooThai Lemongrass Ramen Cups71 g,$2.49ea,,$3.51/ 100g,False
pantry,Smuckers,Pure Peach Jam,SmuckersPure Peach Jam250 ml,$4.49ea,,$1.80/ 100ml,False
pantry,General Mills,Cinnamon Toast Crunch Jumbo,General MillsCinnamon Toast Crunch Jumbo830 g,$10.49ea,,$1.26/ 100g,False
pantry,Knorr,Soup Mix Chicken Noodle,KnorrSoup Mix Chicken Noodle71 g,$2.39ea,,$3.37/ 100g,False
pantry,President's Choice,Seafood Taco Seasoning Mix,President's ChoiceSeafood Taco Seasoning Mix24 g,$1.39ea,,$5.79/ 100g,False
pantry,Natursource,Crunch Sriracha Salad Topper   ,NatursourceCrunch Sriracha Salad Topper   575 g,$12.99ea,,$2.26/ 100g,False
pantry,No Name,Onion Recipe and Soup Mix,No NameOnion Recipe and Soup Mix28 g,$2.59ea,$1.79ea,$6.39/ 100g,True
pantry,President's Choice,Cold-Pressed Extra Virgin Olive Oil Spray,President's ChoiceCold-Pressed Extra Virgin Olive Oil Spray155 ml,$4.49ea,,$2.90/ 100ml,False
pantry,PC Black Label,Honeycomb in Wildflower Honey,PC Black LabelHoneycomb in Wildflower Honey400 g,$8.99ea,,$2.25/ 100g,False
pantry,ED Smith,Pumpkin Pie Filling,ED SmithPumpkin Pie Filling540 ml,$7.49ea,,$1.39/ 100ml,False
pantry,Classico,Pesto di Genova Basil,ClassicoPesto di Genova Basil218 ml,$4.99ea,,$2.29/ 100ml,False
pantry,Prana,Brazil Nuts Raw,PranaBrazil Nuts Raw200 g,$13.99ea,,$7.00/ 100g,False
pantry,Twinkle Baker Decor,Pink & White Buttery Cream Flavour Swirled Frosting,Twinkle Baker DecorPink & White Buttery Cream Flavour Swirled Frosting160 g,$8.49ea,,$5.31/ 100g,False
pantry,Fish Crisp,Beer Batter Seasoned Coating Mix,Fish CrispBeer Batter Seasoned Coating Mix230 g,$6.49ea,,$2.82/ 100g,False
pantry,Club House,"Dry Sauce Mix, Chicken Gravy, Less Salt","Club HouseDry Sauce Mix, Chicken Gravy, Less Salt25 g",$2.49ea,,$9.96/ 100g,False
pantry,No Yolks,Broad Noodle,No YolksBroad Noodle340 g,$2.79ea,,$0.82/ 100g,False
pantry,No Name,"Soup Cups, Beef","No NameSoup Cups, Beef65 g",$1.39ea,,$2.14/ 100g,False
pantry,President's Choice,New England-Style Clam Chowder,President's ChoiceNew England-Style Clam Chowder540 ml,$3.49ea,,$0.65/ 100ml,False
pantry,Mrs Dash,Seasoning Blend Garlic & Herb,Mrs DashSeasoning Blend Garlic & Herb70 g,$5.99ea,,$8.56/ 100g,False
pantry,President's Choice,Ground Red Cayenne Pepper ,President's ChoiceGround Red Cayenne Pepper 41 g,$6.49ea,,$15.83/ 100g,False
pantry,Club House,La Grille All Purpose Seasoning Smoked Paprika & Onion With Garlic & Pepper,Club HouseLa Grille All Purpose Seasoning Smoked Paprika & Onion With Garlic & Pepper171 g,$7.49ea,,$4.38/ 100g,False
pantry,Campbell's,Everyday Gourmet Roasted Potato and Spring Leek,Campbell'sEveryday Gourmet Roasted Potato and Spring Leek500 ml,$3.99ea,$3.69ea,$0.74/ 100ml,True
pantry,Jakeman's,Premium Buttermilk Pancake Mix Pouch Bag,Jakeman'sPremium Buttermilk Pancake Mix Pouch Bag500 g,$5.29ea,,$1.06/ 100g,False
pantry,Catelli,"Express, Lasagne Pasta","CatelliExpress, Lasagne Pasta375 g",$3.99ea,,$1.06/ 100g,False
pantry,Club House,Pure Peppermint & Mint Extract,Club HousePure Peppermint & Mint Extract43 ml,$4.49ea,,$10.44/ 100ml,False
pantry,No Name,Bay Leaves,No NameBay Leaves20 g,$3.99ea,,$19.95/ 100g,False
pantry,Barilla,Pasta Farfalle,BarillaPasta Farfalle410 g,$3.49ea,,$0.85/ 100g,False
pantry,Chef Boyardee,"Beef Ravioli, Overstuffed","Chef BoyardeeBeef Ravioli, Overstuffed425 g",$2.49ea,,$0.59/ 100g,False
pantry,Truvia,Sweet Complete Calorie-Free All-Purpose Sweetener from the Stevia Leaf,TruviaSweet Complete Calorie-Free All-Purpose Sweetener from the Stevia Leaf454 g,$10.99ea,,$2.42/ 100g,False
pantry,Italpasta,Small Shells,ItalpastaSmall Shells900 g,$3.79ea,,$0.42/ 100g,False
pantry,Campbell's,Everyday Gourmet Fire Roasted Sweet Pepper and Tomato    ,Campbell'sEveryday Gourmet Fire Roasted Sweet Pepper and Tomato    500 ml,$3.99ea,$3.69ea,$0.74/ 100ml,True
pantry,Campbell's,Tomato Rice Soup,Campbell'sTomato Rice Soup284 ml,$2.99ea,,$1.05/ 100ml,False
pantry,Club House,"La Grille, Montreal Steak Spice Seasoning","Club HouseLa Grille, Montreal Steak Spice Seasoning188 g",$7.49ea,,$3.98/ 100g,False
pantry,Smuckers,Pure Strawberry Jelly,SmuckersPure Strawberry Jelly250 ml,$4.49ea,,$1.80/ 100ml,False
pantry,Bonne Maman,Wild Blueberry Jam,Bonne MamanWild Blueberry Jam250 ml,$7.49ea,,$3.00/ 100ml,False
pantry,Natursource,Gourmet Selection Dark Chocolate & Salted Caramel,NatursourceGourmet Selection Dark Chocolate & Salted Caramel500 g,$16.99ea,,$3.40/ 100g,False
pantry,Tilda,"Rice, Pure Steamed Basmati","TildaRice, Pure Steamed Basmati250 g",$3.89ea,,$1.56/ 100g,False
pantry,,Roasted Salted  Pumpkin Seeds,Roasted Salted  Pumpkin Seeds,$1.99/100 g,,$1.99/ 100g,False
pantry,Kelloggs,Special K Cereal Whole Blueberries ,KelloggsSpecial K Cereal Whole Blueberries 317 g,$6.49ea,,$2.05/ 100g,False
pantry,Frenchs,Classic Yellow Mustard,FrenchsClassic Yellow Mustard400 ml,$2.99ea,$2.79ea,$0.70/ 100ml,True
pantry,Campbell's,"Broth, Beef","Campbell'sBroth, Beef284 ml",$2.99ea,,$1.05/ 100ml,False
pantry,Stock and Barrel,"Raw Almonds, Unblanched","Stock and BarrelRaw Almonds, Unblanched400 g",$13.99ea,,$3.50/ 100g,False
pantry,President's Choice,Extra-Fluffy Buttermilk Pancake & Waffle Mix,President's ChoiceExtra-Fluffy Buttermilk Pancake & Waffle Mix905 g,$4.79ea,,$0.53/ 100g,False
pantry,PC Black Label,Orginial Salsa,PC Black LabelOrginial Salsa430 ml,$4.99ea,$3.49ea,$0.81/ 100ml,True
pantry,La Dee Da,Moroccan Lentil Soup,La Dee DaMoroccan Lentil Soup475 ml,$6.99ea,,$1.47/ 100ml,False
pantry,,Raw  Almonds,Raw  Almonds,$2.99/100 g,,$2.99/ 100g,False
pantry,Unico,Peperoncini Pepper,UnicoPeperoncini Pepper750 ml,$4.49ea,,$0.60/ 100ml,False
pantry,Campbell's,Condensed Soup Vegetable,Campbell'sCondensed Soup Vegetable284 ml,$2.29ea,,$0.81/ 100ml,False
pantry,Campbell's,Beef Broth,Campbell'sBeef Broth900 ml,$3.49ea,,$0.39/ 100ml,False
pantry,President's Choice,"Syrup, Butter Flavoured","President's ChoiceSyrup, Butter Flavoured750 ml",$5.49ea,,$0.73/ 100ml,False
pantry,,Big Foot,Big Foot,$1.29/100 g,,$1.29/ 100g,False
pantry,Ocean's Halo,Snack Kit Light Tuna ,Ocean's HaloSnack Kit Light Tuna 103 g,$3.19ea,,$3.36/ 100g,False
pantry,Campbell's,Condensed Soup Tomato,Campbell'sCondensed Soup Tomato284 ml,$2.29ea,,$0.81/ 100ml,False
pantry,Brunswick,"Sardines, Hot Peppers","BrunswickSardines, Hot Peppers106 g",$2.29ea,,$2.16/ 100g,False
pantry,Italpasta,"Pasta, Elbows","ItalpastaPasta, Elbows450 g",$2.19ea,,$0.49/ 100g,False
pantry,Sir Kensington's,Chipotle Mayonnaise,Sir Kensington'sChipotle Mayonnaise354 ml,$8.99ea,,$2.54/ 100ml,False
pantry,PC Black Label,Lemon Curd,PC Black LabelLemon Curd250 ml,$5.49ea,,$2.20/ 100ml,False
pantry,Kelloggs,Vector Meal Replacement Cereal,KelloggsVector Meal Replacement Cereal400 g,$6.49ea,,$1.62/ 100g,False
pantry,Dececco,Pasta Seme Di Melone No. 80,DececcoPasta Seme Di Melone No. 80454 g,$3.49ea,,$0.77/ 100g,False
pantry,President's Choice,Boneless & Skinless Sustainably Sourced Wild Pacific Sockeye Salmon ,President's ChoiceBoneless & Skinless Sustainably Sourced Wild Pacific Sockeye Salmon 170 g,$6.29ea,,$3.70/ 100g,False
pantry,Quaker,Harvest Crunch Original Granola Cereal,QuakerHarvest Crunch Original Granola Cereal475 g,$6.49ea,,$1.37/ 100g,False
pantry,Et Tu,"Salad Kits, Caesar Original","Et TuSalad Kits, Caesar Original132 g",$3.99ea,,$3.02/ 100g,False
pantry,Old El Paso,"Restaurante Picante Salsa, Medium","Old El PasoRestaurante Picante Salsa, Medium650 ml",$5.49ea,,$0.84/ 100ml,False
pantry,Bisto,Savoury Gravy for Poultry Mix,BistoSavoury Gravy for Poultry Mix227 g,$5.49ea,,$2.42/ 100g,False
pantry,VH,Simmering Sauce - Red Curry,VHSimmering Sauce - Red Curry341 ml,$4.99ea,,$1.46/ 100ml,False
pantry,No Name,Chocolate Deluxe Cake Mix,No NameChocolate Deluxe Cake Mix432 g,$3.29ea,,$0.76/ 100g,False
pantry,No Name,Dessert Topping Mix 4 Pouches,No NameDessert Topping Mix 4 Pouches170 g,$3.99ea,,$2.35/ 100g,False
pantry,Quaker,Dino Eggs Instant Oatmeal,QuakerDino Eggs Instant Oatmeal304 g,$4.79ea,,$1.58/ 100g,False
pantry,Club House,Fries Seasoning Mix Garlic Parmesan,Club HouseFries Seasoning Mix Garlic Parmesan27 g,$2.49ea,,$9.22/ 100g,False
pantry,Lee Kum Kee,Soy Sauce Premium,Lee Kum KeeSoy Sauce Premium500 ml,$3.99ea,,$0.80/ 100ml,False
pantry,Franks,Honey Garlic Sauce,FranksHoney Garlic Sauce354 ml,$5.29ea,,$1.49/ 100ml,False
pantry,T&T,Sushi Nori Roasted Seaweed Sheets,T&TSushi Nori Roasted Seaweed Sheets27 g,$3.99ea,,$14.78/ 100g,False
pantry,No Name,Golden Deluxe Cake Mix,No NameGolden Deluxe Cake Mix432 g,$3.29ea,,$0.76/ 100g,False
pantry,No Name,Pizza Sauce,No NamePizza Sauce213 ml,$1.79ea,,$0.84/ 100ml,False
pantry,Kraft,Only Peanuts All Natural Peanut Butter with Honey,KraftOnly Peanuts All Natural Peanut Butter with Honey750 g,$7.49ea,,$1.00/ 100g,False
pantry,Pataks,Major Grey Chutney,PataksMajor Grey Chutney250 ml,$6.49ea,,$2.60/ 100ml,False
pantry,President's Choice,Sweet with Heat Mustard,President's ChoiceSweet with Heat Mustard325 ml,$3.29ea,,$1.01/ 100ml,False
pantry,President's Choice,Sticky Rice,President's ChoiceSticky Rice750 g,$4.59ea,,$0.61/ 100g,False
pantry,Blue Dragon,Honey Teriyaki Stir Fry Sauce,Blue DragonHoney Teriyaki Stir Fry Sauce140 ml,$2.39ea,,$1.71/ 100ml,False
pantry,President's Choice,Basmati Rice,President's ChoiceBasmati Rice4.54 kg,$18.99ea,,$0.42/ 100g,False
pantry,Tenderflake,Pure Lard,TenderflakePure Lard454 g,$5.49ea,,$1.21/ 100g,False
pantry,No Name,Clingstone Peach Halves in Juice From Concentrate,No NameClingstone Peach Halves in Juice From Concentrate398 ml,$2.79ea,,$0.70/ 100ml,False
pantry,No Name,Beans Navy,No NameBeans Navy540 ml,$1.39ea,,$0.26/ 100ml,False
pantry,PC Splendido,4 Leaf Balsamic Vinegar Of Modena,PC Splendido4 Leaf Balsamic Vinegar Of Modena250 ml,$15.79ea,,$6.32/ 100ml,False
pantry,Betty Crocker,Hamburger Helper Stroganoff,Betty CrockerHamburger Helper Stroganoff158 g,$3.19ea,,$2.02/ 100g,False
pantry,Heinz,Wasabioli,HeinzWasabioli362 ml,$5.99ea,,$1.65/ 100ml,False
pantry,Dole,Pear Halves In Water,DolePear Halves In Water540 ml,$4.29ea,,$0.79/ 100ml,False
pantry,Flying Goose,Sriracha Hot Chili Sauce Original,Flying GooseSriracha Hot Chili Sauce Original730 ml,$8.49ea,,$1.16/ 100ml,False
pantry,VH,Korean BBQ Sauce,VHKorean BBQ Sauce355 ml,$4.99ea,,$1.41/ 100ml,False
pantry,Mazola,Vegetable Oil,MazolaVegetable Oil1.18 l,$11.99ea,,$1.02/ 100ml,False
pantry,No Name,Dessert Topping Mix,No NameDessert Topping Mix85 g,$2.99ea,,$3.52/ 100g,False
pantry,Swiss Chalet,SwissChalet Sauce Beef Gravy,Swiss ChaletSwissChalet Sauce Beef Gravy284 ml,$2.39ea,,$0.84/ 100ml,False
pantry,No Name,Dark Red Kidney Beans,No NameDark Red Kidney Beans540 ml,$1.39ea,,$0.26/ 100ml,False
pantry,No Name,Romano Beans,No NameRomano Beans540 ml,$1.39ea,,$0.26/ 100ml,False
pantry,No Name,Chicken Concentrate,No NameChicken Concentrate250 ml,$4.99ea,,$2.00/ 100ml,False
pantry,Unico,Italian Style Rice,UnicoItalian Style Rice750 g,$2.99ea,,$0.40/ 100g,False
pantry,President's Choice,Memories of Argentina Chimichurri Sauce,President's ChoiceMemories of Argentina Chimichurri Sauce350 ml,$4.99ea,,$1.43/ 100ml,False
pantry,No Name,Mandarin Orange Segments in Fruit Juice from Concentrate,No NameMandarin Orange Segments in Fruit Juice from Concentrate540 ml,$4.29ea,,$0.79/ 100ml,False
pantry,Unico,"Olives, Pizza Style","UnicoOlives, Pizza Style375 ml",$3.99ea,,$1.06/ 100ml,False
pantry,No Name,Mini Marshmallows,No NameMini Marshmallows400 g,$3.49ea,,$0.87/ 100g,False
pantry,Bicks,Pickled Sliced Beets,BicksPickled Sliced Beets750 ml,$6.49ea,,$0.87/ 100ml,False
pantry,No Name,Malt Vinegar,No NameMalt Vinegar500 ml,$2.49ea,,$0.50/ 100ml,False
pantry,PC Organics,Chickpeas,PC OrganicsChickpeas398 ml,$1.99ea,,$0.50/ 100ml,False
pantry,Rogers,Cube Sugar,RogersCube Sugar500 g,$3.99ea,,$0.80/ 100g,False
pantry,PC Blue Menu,Pad Thaï Cooking Sauce,PC Blue MenuPad Thaï Cooking Sauce400 ml,$5.99ea,,$1.50/ 100ml,False
pantry,President's Choice,Memories of Korea Korean Barbecue Sauce,President's ChoiceMemories of Korea Korean Barbecue Sauce350 ml,$4.99ea,,$1.43/ 100ml,False
pantry,Club House,"Dry Sauce Mix, Alfredo","Club HouseDry Sauce Mix, Alfredo30 g",$2.49ea,,$8.30/ 100g,False
pantry,No Name,Cake & Pastry Flour,No NameCake & Pastry Flour2.5 kg,$4.99ea,,$0.20/ 100g,False
pantry,Betty Crocker,Hamburger Helper Beef Noodle,Betty CrockerHamburger Helper Beef Noodle200 g,$3.19ea,,$1.60/ 100g,False
pantry,Kelloggs,Strawberry Bites,KelloggsStrawberry Bites400 g,$6.49ea,$5.99ea,$1.50/ 100g,True
pantry,No Name,Black Beans,No NameBlack Beans540 ml,$1.39ea,,$0.26/ 100ml,False
pantry,PC Blue Menu,Black-Eyed Beans,PC Blue MenuBlack-Eyed Beans900 g,$3.49ea,,$0.39/ 100g,False
pantry,PC Splendido,Sun-Dried Tomatoes In Seasoned Oil,PC SplendidoSun-Dried Tomatoes In Seasoned Oil270 ml,$5.49ea,,$2.03/ 100ml,False
pantry,President's Choice,The Decadent Triple Chocolate Brownie Baking Mix,President's ChoiceThe Decadent Triple Chocolate Brownie Baking Mix535 g,$4.79ea,,$0.90/ 100g,False
pantry,Betty Crocker,Red Velvet Cupcakes with Cream Cheese Flavoured Frosting,Betty CrockerRed Velvet Cupcakes with Cream Cheese Flavoured Frosting465 g,$4.99ea,,$1.07/ 100g,False
pantry,President's Choice,Plant Based Brownie Baking Mix,President's ChoicePlant Based Brownie Baking Mix500 g,$8.99ea,,$1.80/ 100g,False
pantry,PC Blue Menu,Regular Steel Cut Oats,PC Blue MenuRegular Steel Cut Oats360 g,$3.99ea,,$1.11/ 100g,False
pantry,President's Choice,Mushroom Pasta Sauce,President's ChoiceMushroom Pasta Sauce1.8 l,$8.99ea,,$0.50/ 100ml,False
pantry,No Name,Bran Muffin Mix,No NameBran Muffin Mix900 g,$4.49ea,,$0.50/ 100g,False
pantry,Smuckers,Pure Seedless Raspberry Jam,SmuckersPure Seedless Raspberry Jam250 ml,$5.49ea,,$2.20/ 100ml,False
pantry,Betty Crocker,Roasted Garlic Mashed Potatoes,Betty CrockerRoasted Garlic Mashed Potatoes215 g,$2.99ea,,$1.39/ 100g,False
pantry,President's Choice,Extra-Fluffy Buttermilk Pancake & Waffle Mix,President's ChoiceExtra-Fluffy Buttermilk Pancake & Waffle Mix905 g,$4.79ea,,$0.53/ 100g,False
pantry,PC Black Label,Orginial Salsa,PC Black LabelOrginial Salsa430 ml,$4.99ea,$3.49ea,$0.81/ 100ml,True
pantry,La Dee Da,Moroccan Lentil Soup,La Dee DaMoroccan Lentil Soup475 ml,$6.99ea,,$1.47/ 100ml,False
pantry,,Raw  Almonds,Raw  Almonds,$2.99/100 g,,$2.99/ 100g,False
pantry,Unico,Peperoncini Pepper,UnicoPeperoncini Pepper750 ml,$4.49ea,,$0.60/ 100ml,False
pantry,Campbell's,Condensed Soup Vegetable,Campbell'sCondensed Soup Vegetable284 ml,$2.29ea,,$0.81/ 100ml,False
pantry,Campbell's,Beef Broth,Campbell'sBeef Broth900 ml,$3.49ea,,$0.39/ 100ml,False
pantry,President's Choice,"Syrup, Butter Flavoured","President's ChoiceSyrup, Butter Flavoured750 ml",$5.49ea,,$0.73/ 100ml,False
pantry,,Big Foot,Big Foot,$1.29/100 g,,$1.29/ 100g,False
pantry,Ocean's Halo,Snack Kit Light Tuna ,Ocean's HaloSnack Kit Light Tuna 103 g,$3.19ea,,$3.36/ 100g,False
pantry,Campbell's,Condensed Soup Tomato,Campbell'sCondensed Soup Tomato284 ml,$2.29ea,,$0.81/ 100ml,False
pantry,Brunswick,"Sardines, Hot Peppers","BrunswickSardines, Hot Peppers106 g",$2.29ea,,$2.16/ 100g,False
pantry,Italpasta,"Pasta, Elbows","ItalpastaPasta, Elbows450 g",$2.19ea,,$0.49/ 100g,False
pantry,Sir Kensington's,Chipotle Mayonnaise,Sir Kensington'sChipotle Mayonnaise354 ml,$8.99ea,,$2.54/ 100ml,False
pantry,PC Black Label,Lemon Curd,PC Black LabelLemon Curd250 ml,$5.49ea,,$2.20/ 100ml,False
pantry,Kelloggs,Vector Meal Replacement Cereal,KelloggsVector Meal Replacement Cereal400 g,$6.49ea,,$1.62/ 100g,False
pantry,Dececco,Pasta Seme Di Melone No. 80,DececcoPasta Seme Di Melone No. 80454 g,$3.49ea,,$0.77/ 100g,False
pantry,President's Choice,Boneless & Skinless Sustainably Sourced Wild Pacific Sockeye Salmon ,President's ChoiceBoneless & Skinless Sustainably Sourced Wild Pacific Sockeye Salmon 170 g,$6.29ea,,$3.70/ 100g,False
pantry,Quaker,Harvest Crunch Original Granola Cereal,QuakerHarvest Crunch Original Granola Cereal475 g,$6.49ea,,$1.37/ 100g,False
pantry,Et Tu,"Salad Kits, Caesar Original","Et TuSalad Kits, Caesar Original132 g",$3.99ea,,$3.02/ 100g,False
pantry,Old El Paso,"Restaurante Picante Salsa, Medium","Old El PasoRestaurante Picante Salsa, Medium650 ml",$5.49ea,,$0.84/ 100ml,False
pantry,,Chocolate Flavored  Macaroons,Chocolate Flavored  Macaroons,$1.29/100 g,,$1.29/ 100g,False
pantry,Gallo,"Olive Oil, Extra Light","GalloOlive Oil, Extra Light1 l",$12.99ea,,$1.30/ 100ml,False
pantry,Lantic,Brilliant Yellow Sugar,LanticBrilliant Yellow Sugar1 kg,$3.79ea,,$0.38/ 100g,False
pantry,,Thompson Raisins,Thompson Raisins,$1.29/100 g,,$1.29/ 100g,False
pantry,Kelloggs,All-Bran Flakes Cereal,KelloggsAll-Bran Flakes Cereal450 g,$5.99ea,,$1.33/ 100g,False
pantry,Campbell's,30% Less Sodium Chicken Broth,Campbell's30% Less Sodium Chicken Broth900 ml,$3.49ea,,$0.39/ 100ml,False
pantry,No Yolks,Broad Noodle,No YolksBroad Noodle340 g,$2.79ea,,$0.82/ 100g,False
pantry,No Name,"Soup Cups, Beef","No NameSoup Cups, Beef65 g",$1.39ea,,$2.14/ 100g,False
pantry,President's Choice,New England-Style Clam Chowder,President's ChoiceNew England-Style Clam Chowder540 ml,$3.49ea,,$0.65/ 100ml,False
pantry,Mrs Dash,Seasoning Blend Garlic & Herb,Mrs DashSeasoning Blend Garlic & Herb70 g,$5.99ea,,$8.56/ 100g,False
pantry,President's Choice,Ground Red Cayenne Pepper ,President's ChoiceGround Red Cayenne Pepper 41 g,$6.49ea,,$15.83/ 100g,False
pantry,Club House,La Grille All Purpose Seasoning Smoked Paprika & Onion With Garlic & Pepper,Club HouseLa Grille All Purpose Seasoning Smoked Paprika & Onion With Garlic & Pepper171 g,$7.49ea,,$4.38/ 100g,False
pantry,Campbell's,Everyday Gourmet Roasted Potato and Spring Leek,Campbell'sEveryday Gourmet Roasted Potato and Spring Leek500 ml,$3.99ea,$3.69ea,$0.74/ 100ml,True
pantry,Jakeman's,Premium Buttermilk Pancake Mix Pouch Bag,Jakeman'sPremium Buttermilk Pancake Mix Pouch Bag500 g,$5.29ea,,$1.06/ 100g,False
pantry,Catelli,"Express, Lasagne Pasta","CatelliExpress, Lasagne Pasta375 g",$3.99ea,,$1.06/ 100g,False
pantry,Club House,Pure Peppermint & Mint Extract,Club HousePure Peppermint & Mint Extract43 ml,$4.49ea,,$10.44/ 100ml,False
pantry,No Name,Bay Leaves,No NameBay Leaves20 g,$3.99ea,,$19.95/ 100g,False
pantry,La Dee Da,Moroccan Lentil Soup,La Dee DaMoroccan Lentil Soup475 ml,$6.99ea,,$1.47/ 100ml,False
pantry,,Raw  Almonds,Raw  Almonds,$2.99/100 g,,$2.99/ 100g,False
pantry,Unico,Peperoncini Pepper,UnicoPeperoncini Pepper750 ml,$4.49ea,,$0.60/ 100ml,False
pantry,Campbell's,Condensed Soup Vegetable,Campbell'sCondensed Soup Vegetable284 ml,$2.29ea,,$0.81/ 100ml,False
pantry,Campbell's,Beef Broth,Campbell'sBeef Broth900 ml,$3.49ea,,$0.39/ 100ml,False
pantry,President's Choice,"Syrup, Butter Flavoured","President's ChoiceSyrup, Butter Flavoured750 ml",$5.49ea,,$0.73/ 100ml,False
pantry,,Big Foot,Big Foot,$1.29/100 g,,$1.29/ 100g,False
pantry,Ocean's Halo,Snack Kit Light Tuna ,Ocean's HaloSnack Kit Light Tuna 103 g,$3.19ea,,$3.36/ 100g,False
pantry,President's Choice,Thaï Red Curry Cooking Sauce,President's ChoiceThaï Red Curry Cooking Sauce400 ml,$4.99ea,$3.79ea,$0.95/ 100ml,True
pantry,,Sour  Ju Jubes Candy,Sour  Ju Jubes Candy,$0.89/100 g,,$0.89/ 100g,False
pantry,President's Choice,Butter Chicken Cooking Sauce,President's ChoiceButter Chicken Cooking Sauce400 ml,$4.99ea,$3.79ea,$0.95/ 100ml,True
pantry,Stock and Barrel,Sliced Natural Almonds,Stock and BarrelSliced Natural Almonds125 g,$6.99ea,,$5.59/ 100g,False
pantry,President's Choice,Memories of Korea Korean Barbecue Sauce,President's ChoiceMemories of Korea Korean Barbecue Sauce350 ml,$4.99ea,,$1.43/ 100ml,False
pantry,Club House,"Dry Sauce Mix, Alfredo","Club HouseDry Sauce Mix, Alfredo30 g",$2.49ea,,$8.30/ 100g,False
pantry,Bens,Wholegrain Brown Rice Roasted Chicken Flavour,BensWholegrain Brown Rice Roasted Chicken Flavour250 g,$3.99ea,,$1.60/ 100g,False
pantry,Italpasta,Elbows,ItalpastaElbows900 g,$3.79ea,,$0.42/ 100g,False
pantry,Bens,Long Grain & Wild Rice Roasted Chicken,BensLong Grain & Wild Rice Roasted Chicken250 g,$3.99ea,,$1.60/ 100g,False
pantry,Bens,Black Bean Lime & Cilantro Flavour,BensBlack Bean Lime & Cilantro Flavour240 g,$3.99ea,,$1.66/ 100g,False
pantry,Bens,White Basmati Coconut Rice,BensWhite Basmati Coconut Rice240 g,$3.99ea,,$1.66/ 100g,False
pantry,Bens,Converted Rice,BensConverted Rice250 g,$3.99ea,,$1.60/ 100g,False
pantry,Bens,Wholegrain Brown Rice,BensWholegrain Brown Rice250 g,$3.99ea,,$1.60/ 100g,False
pantry,Bens,Southwest Style Brown Rice & Black Beans,BensSouthwest Style Brown Rice & Black Beans240 g,$3.99ea,,$1.66/ 100g,False
pantry,Bens,Brown Basmati Rice Rice Side Dish,BensBrown Basmati Rice Rice Side Dish240 g,$3.99ea,,$1.66/ 100g,False
pantry,Italpasta,Penne Rigate,ItalpastaPenne Rigate900 g,$3.79ea,,$0.42/ 100g,False
pantry,Bens,Mexican Style Rice,BensMexican Style Rice250 g,$3.99ea,,$1.60/ 100g,False
pantry,No Name,100% Pure Canola Oil,No Name100% Pure Canola Oil3 l,$12.49ea,,$0.42/ 100ml,False
pantry,Matt & Steve's,Hot and Spicy Pickle Spears,Matt & Steve'sHot and Spicy Pickle Spears750 ml,$5.99ea,,$0.80/ 100ml,False
pantry,Basse,Bassé Classic Trail Mix,BasseBassé Classic Trail Mix600 g,$6.99ea,$6.49ea,$1.08/ 100g,True
pantry,Hunt's,Tomato Paste,Hunt'sTomato Paste369 ml,$2.69ea,,$0.73/ 100ml,False
pantry,Kraft,Extra Creamy Peanut Butter,KraftExtra Creamy Peanut Butter1 kg,$7.49ea,,$0.75/ 100g,False
pantry,Heinz,Tartar Sauce,HeinzTartar Sauce354 ml,$5.99ea,,$1.69/ 100ml,False
pantry,President's Choice,Whole Grain Instant Brown Rice,President's ChoiceWhole Grain Instant Brown Rice600 g,$6.99ea,,$1.17/ 100g,False
pantry,Bens,Rice Side Dish Organic Quinoa & Brown Rice with Sea Salt ,BensRice Side Dish Organic Quinoa & Brown Rice with Sea Salt 240 g,$4.49ea,,$1.87/ 100g,False
pantry,Bertolli,Mild Taste-Extra Virgin Olive Oil,BertolliMild Taste-Extra Virgin Olive Oil1 l,$9.99ea,,$1.00/ 100ml,False
pantry,Blue Dragon,Sweet & Sour Stir Fry Sauce,Blue DragonSweet & Sour Stir Fry Sauce140 ml,$2.39ea,,$1.71/ 100ml,False
pantry,Nonna Pia's Gourmet Sauces,Balsamic Glaze Classic,Nonna Pia's Gourmet SaucesBalsamic Glaze Classic250 ml,$9.99ea,$8.99ea,$3.60/ 100ml,True
pantry,Nonna Pia's Gourmet Sauces,Organic Apple Cider Vinegar,Nonna Pia's Gourmet SaucesOrganic Apple Cider Vinegar500 ml,$5.49ea,,$1.10/ 100ml,False
pantry,Blue Dragon,Hoisin Sauce,Blue DragonHoisin Sauce200 ml,$4.59ea,$4.19ea,$2.10/ 100ml,True
pantry,No Name,Seasoning Salt,No NameSeasoning Salt225 g,$3.79ea,,$1.68/ 100g,False
pantry,Tostitos,Salsa - Mild 645ml,TostitosSalsa - Mild 645ml645 ml,$7.29ea,,$1.13/ 100ml,False
pantry,Bens,Korean BBQ Flavour,BensKorean BBQ Flavour240 g,$3.99ea,,$1.66/ 100g,False
pantry,Bens,White Jasmine Rice Coconut Flavour,BensWhite Jasmine Rice Coconut Flavour240 g,$3.99ea,,$1.66/ 100g,False
pantry,Prego,Pasta Sauce Fresh Mushrooms ,PregoPasta Sauce Fresh Mushrooms 645 ml,$4.49ea,,$0.70/ 100ml,False
pantry,Bens,Long Grain & Wild Rice Mushroom Flavour,BensLong Grain & Wild Rice Mushroom Flavour250 g,$3.99ea,,$1.60/ 100g,False
pantry,President's Choice,Pure Vanilla Extract,President's ChoicePure Vanilla Extract46 ml,$8.99ea,,$19.54/ 100ml,False
pantry,No Name,Ground Ginger,No NameGround Ginger100 g,$3.99ea,,$3.99/ 100g,False
pantry,No Name,Ground White Pepper,No NameGround White Pepper110 g,$3.99ea,,$3.63/ 100g,False
pantry,Club House,Paprika,Club HousePaprika540 g,$10.99ea,,$2.04/ 100g,False
pantry,Windsor,Iodized Table Salt,WindsorIodized Table Salt1 kg,$2.79ea,,$0.28/ 100g,False
pantry,Hellmanns,Mayonnaise Olive Oil,HellmannsMayonnaise Olive Oil750 ml,$7.99ea,,$1.07/ 100ml,False
pantry,Kraft,Miracle Whip Original Spread,KraftMiracle Whip Original Spread650 ml,$7.99ea,,$1.23/ 100ml,False
pantry,President's Choice,Italian Sausage Pasta Sauce,President's ChoiceItalian Sausage Pasta Sauce650 ml,$4.00ea,,$0.62/ 100ml,False
pantry,President's Choice,Bread & Butter Deli Sliced Sweet Pickles,President's ChoiceBread & Butter Deli Sliced Sweet Pickles500 ml,$4.49ea,,$0.90/ 100ml,False
pantry,President's Choice,Medium Salsa,President's ChoiceMedium Salsa650 ml,$5.49ea,,$0.84/ 100ml,False
pantry,President's Choice,Zesty Garlic Deli Sliced Dill Pickles,President's ChoiceZesty Garlic Deli Sliced Dill Pickles500 ml,$4.49ea,,$0.90/ 100ml,False
pantry,Old El Paso,Caribbean Jerk Inspired World Taco Kit,Old El PasoCaribbean Jerk Inspired World Taco Kit331 g,$4.99ea,,$1.51/ 100g,False
pantry,General Mills,Cinnamon Toast Crunch Cereal,General MillsCinnamon Toast Crunch Cereal354 g,$5.49ea,,$1.55/ 100g,False
pantry,President's Choice,Roasted Portobello Mushroom Pasta Sauce,President's ChoiceRoasted Portobello Mushroom Pasta Sauce650 ml,$4.00ea,,$0.62/ 100ml,False
pantry,Post,Shreddies Original Cereals,PostShreddies Original Cereals440 g,$5.49ea,,$1.25/ 100g,False
pantry,Betty Crocker,SuperMoist Chocolate Fudge Cake Mix,Betty CrockerSuperMoist Chocolate Fudge Cake Mix432 g,$3.29ea,,$0.76/ 100g,False
pantry,Kraft,Miracle Whip Original Spread,KraftMiracle Whip Original Spread890 ml,$7.99ea,,$0.90/ 100ml,False
pantry,Old El Paso,"Thick n' Chunky Salsa, Mild","Old El PasoThick n' Chunky Salsa, Mild650 ml",$5.49ea,,$0.84/ 100ml,False
pantry,Betty Crocker,Whipped Buttercream Frosting,Betty CrockerWhipped Buttercream Frosting340 g,$3.29ea,,$0.97/ 100g,False
pantry,No Name,Macaroni & Cheese Dinner,No NameMacaroni & Cheese Dinner200 g,$1.49ea,,$0.75/ 100g,False
pantry,Campbell's,Franco American Beef Gravy,Campbell'sFranco American Beef Gravy284 ml,$2.29ea,,$0.81/ 100ml,False
pantry,General Mills,Chocolate Cheerios,General MillsChocolate Cheerios420 g,$5.49ea,,$1.31/ 100g,False
pantry,General Mills,CinnaGraham Toast Crunch,General MillsCinnaGraham Toast Crunch340 g,$5.49ea,,$1.61/ 100g,False
pantry,Unico,Crushed Tomatoes,UnicoCrushed Tomatoes796 ml,$2.29ea,,$0.29/ 100ml,False
pantry,Unico,Chick Peas,UnicoChick Peas540 ml,$2.29ea,,$0.42/ 100ml,False
pantry,Unico,Black Beans,UnicoBlack Beans540 ml,$2.29ea,,$0.42/ 100ml,False
pantry,Bertolli,Extra Light Taste Olive Oil,BertolliExtra Light Taste Olive Oil1 l,$9.99ea,,$1.00/ 100ml,False
pantry,Campbell's,Chunky Chicken Corn Chowder,Campbell'sChunky Chicken Corn Chowder515 ml,$3.49ea,,$0.68/ 100ml,False
pantry,Betty Crocker,SuperMoist Devil's Food Cake Mix,Betty CrockerSuperMoist Devil's Food Cake Mix432 g,$3.29ea,,$0.76/ 100g,False
pantry,French Toast Crunch,Cereal,French Toast CrunchCereal380 g,$5.49ea,,$1.44/ 100g,False
pantry,Hellmanns,"Mayonnaise Type Dressing condiment for fries, burgers, and salads Light ½ Fat","HellmannsMayonnaise Type Dressing condiment for fries, burgers, and salads Light ½ Fat750 ml",$7.99ea,,$1.07/ 100ml,False
pantry,PC Blue Menu,Whipped Dressing,PC Blue MenuWhipped Dressing890 ml,$6.99ea,,$0.79/ 100ml,False
pantry,Betty Crocker,Whipped Fluffy White Frosting,Betty CrockerWhipped Fluffy White Frosting340 g,$3.29ea,,$0.97/ 100g,False
pantry,Betty Crocker,Creamy Deluxe Vanilla Frosting ,Betty CrockerCreamy Deluxe Vanilla Frosting 340 g,$3.29ea,,$0.97/ 100g,False
pantry,No Name,Chili Powder,No NameChili Powder600 g,$11.99ea,,$2.00/ 100g,False
pantry,No Name,Parsley Flakes,No NameParsley Flakes15 g,$3.99ea,,$26.60/ 100g,False
pantry,Club House,Peppercorn,Club HousePeppercorn580 g,$26.99ea,,$4.65/ 100g,False
pantry,Club House,"One Step Seasoning, Greek","Club HouseOne Step Seasoning, Greek120 g",$7.49ea,,$6.24/ 100g,False
pantry,Nando's,"Peri Peri Sauce, Hot","Nando'sPeri Peri Sauce, Hot250 ml",$7.49ea,,$3.00/ 100ml,False
pantry,Renees,Cucumber Dill Dressing,ReneesCucumber Dill Dressing355 ml,$6.49ea,,$1.83/ 100ml,False
pantry,Dr Oetker,Butter Tart Filling Mix,Dr OetkerButter Tart Filling Mix180 g,$2.79ea,,$1.55/ 100g,False
pantry,Bicks,Garlic Hamburger Slices Pickles,BicksGarlic Hamburger Slices Pickles1 l,$6.49ea,,$0.65/ 100ml,False
pantry,PC Blue Menu,Maple & Brown Sugar Steel Cut Oats,PC Blue MenuMaple & Brown Sugar Steel Cut Oats360 g,$3.99ea,,$1.11/ 100g,False
pantry,M'Lord,Sliced Water Chestnuts,M'LordSliced Water Chestnuts227 ml,$2.69ea,$2.49ea,$1.10/ 100ml,True
pantry,Bicks,Sandwich Savers Tangy Dill Pickles,BicksSandwich Savers Tangy Dill Pickles500 ml,$5.49ea,,$1.10/ 100ml,False
pantry,The Extreme Bean,Matt & Steve's The Asparagoos Hot & Spicy Pickled Asparagus,The Extreme BeanMatt & Steve's The Asparagoos Hot & Spicy Pickled Asparagus500 ml,$7.99ea,,$1.60/ 100ml,False
pantry,Nutella,Hazelnut Spread with Cocoa,NutellaHazelnut Spread with Cocoa375 g,$5.99ea,,$1.60/ 100g,False
pantry,Kraft,Dinner Spicy Buffalo Macaroni & Cheese Snack Cup,KraftDinner Spicy Buffalo Macaroni & Cheese Snack Cup58 g,$2.79ea,,$4.81/ 100g,False
pantry,Twinkle Baker Decor,Pink Frosting Tube,Twinkle Baker DecorPink Frosting Tube80 g,$2.99ea,,$3.74/ 100g,False
pantry,Kikkoman,Whole Wheat Panko Bread Crumbs,KikkomanWhole Wheat Panko Bread Crumbs227 g,$4.29ea,,$1.89/ 100g,False
pantry,Hunt's,"Manwich Sauce, Original","Hunt'sManwich Sauce, Original398 ml",$3.29ea,,$0.83/ 100ml,False
pantry,Cheetos,Mac'N Cheese Cheesy Jalapeño Pasta,CheetosMac'N Cheese Cheesy Jalapeño Pasta164 g,$3.49ea,,$2.13/ 100g,False
