category,brand,product_text,product_name,price_text,sale_price,per_unit_price_text,is_sale,store,per_unit_price2,unit_type,price2
dairy_and_eggs,No Name,Large Grade A Eggs,No NameLarge Grade A Eggs12 eggs,$3.89ea,,$0.32/ 1ea,False,zehrs,0.32,,3.89
dairy_and_eggs,Neilson,Partly Skimmed Milk 2% MF,NeilsonPartly Skimmed Milk 2% MF4 l,$5.69ea,,$0.14/ 100ml,False,zehrs,0.0014000000000000002,ml,5.69
dairy_and_eggs,Neilson,Half and Half Cream,NeilsonHalf and Half Cream1 l,$3.99ea,,$0.40/ 100ml,False,zehrs,0.004,ml,3.99
dairy_and_eggs,No Name,"White Large Eggs, 30 Pack ","No NameWhite Large Eggs, 30 Pack 30 ea",$9.49ea,,$0.32/ 1ea,False,zehrs,0.32,,9.49
dairy_and_eggs,Neilson,Partly Skimmed Milk 1% MF,NeilsonPartly Skimmed Milk 1% MF4 l,$5.69ea,,$0.14/ 100ml,False,zehrs,0.0014000000000000002,ml,5.69
dairy_and_eggs,Neilson,Trutaste Partially Skimmed Milk 2 percent MF,NeilsonTrutaste Partially Skimmed Milk 2 percent MF4 l,$6.29ea,,$0.16/ 100ml,False,zehrs,0.0016,ml,6.29
dairy_and_eggs,Gray Ridge,Premium Large Eggs,Gray RidgePremium Large Eggs18 eggs,$6.89ea,,$0.38/ 1ea,False,zehrs,0.38,,6.89
dairy_and_eggs,PhillySwirl,Original Brick Cream Cheese,PhillySwirlOriginal Brick Cream Cheese250 g,$5.29ea,,$2.12/ 100g,False,zehrs,0.0212,g,5.29
dairy_and_eggs,Gay Lea,"Sour Cream, Regular 14%","Gay LeaSour Cream, Regular 14%500 ml",$3.99ea,,$0.80/ 100ml,False,zehrs,0.008,ml,3.99
dairy_and_eggs,Neilson,Homogenized Milk 3.25%,NeilsonHomogenized Milk 3.25%4 l,$6.69ea,,$0.17/ 100ml,False,zehrs,0.0017000000000000001,ml,6.69
dairy_and_eggs,No Name,Farmer's Marble Cheese,No NameFarmer's Marble Cheese700 g,$9.79ea,,$1.40/ 100g,False,zehrs,0.013999999999999999,g,9.79
dairy_and_eggs,Astro,Original Balkan Balkan Style Yogurt,AstroOriginal Balkan Balkan Style Yogurt750 g,$4.79ea,,$0.64/ 100g,False,zehrs,0.0064,g,4.79
dairy_and_eggs,Neilson,"True Taste, 2% Milk","NeilsonTrue Taste, 2% Milk2 l",$4.99ea,,$0.25/ 100ml,False,zehrs,0.0025,ml,4.99
dairy_and_eggs,No Name,Medium Grade A White Eggs,No NameMedium Grade A White Eggs12 eggs,$3.59ea,,$0.30/ 1ea,False,zehrs,0.3,,3.59
dairy_and_eggs,Neilson,Whipping Cream,NeilsonWhipping Cream473 ml,$3.99ea,,$0.84/ 100ml,False,zehrs,0.0084,ml,3.99
dairy_and_eggs,Neilson,Trutaste Light Cream,NeilsonTrutaste Light Cream1 l,$3.99ea,,$0.40/ 100ml,False,zehrs,0.004,ml,3.99
dairy_and_eggs,No Name,Pizza Mozzarella Cheese with 28% M.F.,No NamePizza Mozzarella Cheese with 28% M.F.400 g,$5.99ea,,$1.50/ 100g,False,zehrs,0.015,g,5.99
dairy_and_eggs,No Name,Old Cheddar Cheese,No NameOld Cheddar Cheese700 g,$9.79ea,,$1.40/ 100g,False,zehrs,0.013999999999999999,g,9.79
dairy_and_eggs,Neilson,2% Milk,Neilson2% Milk2 l,$4.99ea,,$0.25/ 100ml,False,zehrs,0.0025,ml,4.99
dairy_and_eggs,Liberte,Kéfir 1% MF Plain,LiberteKéfir 1% MF Plain1000 ml,$5.50ea,$4.99ea,$0.50/ 100ml,True,zehrs,0.005,ml,4.99
dairy_and_eggs,Organic Meadow,Chocolate Milk Partly Skimmed Grass Fed Organic 2 % M.F.,Organic MeadowChocolate Milk Partly Skimmed Grass Fed Organic 2 % M.F.1 l,$5.29ea,,$0.53/ 100ml,False,zehrs,0.0053,ml,5.29
dairy_and_eggs,PC Organics,Organic 2% Milk,PC OrganicsOrganic 2% Milk1 l,$4.59ea,,$0.46/ 100ml,False,zehrs,0.0046,ml,4.59
dairy_and_eggs,IOGO,3.2% Canadian Harvest Blueberry Yogurt,IOGO3.2% Canadian Harvest Blueberry Yogurt650 g,$4.49ea,,$0.69/ 100g,False,zehrs,0.0069,g,4.49
dairy_and_eggs,Neilson,"Flavoured Milk, Chocolate","NeilsonFlavoured Milk, Chocolate473 ml",$2.55ea,,$0.54/ 100ml,False,zehrs,0.0054,ml,2.55
dairy_and_eggs,Neilson,TruTaste 1% Milk,NeilsonTruTaste 1% Milk4 l,$6.29ea,,$0.16/ 100ml,False,zehrs,0.0016,ml,6.29
dairy_and_eggs,Gay Lea,Butter 82 Farmhouse ,Gay LeaButter 82 Farmhouse 250 g,$7.49ea,$6.49ea,$2.60/ 100g,True,zehrs,0.026000000000000002,g,6.49
dairy_and_eggs,Neilson,Trutaste Lactose Free 2% Milk,NeilsonTrutaste Lactose Free 2% Milk2 l,$6.29ea,,$0.31/ 100ml,False,zehrs,0.0031,ml,6.29
dairy_and_eggs,Forager Project,Cashew Yogurt Alternative Unsweetened Plain,Forager ProjectCashew Yogurt Alternative Unsweetened Plain680 g,$10.99ea,,$1.62/ 100g,False,zehrs,0.016200000000000003,g,10.99
dairy_and_eggs,President's Choice,Salad Topper Shredded Cheese Blend,President's ChoiceSalad Topper Shredded Cheese Blend300 g,$6.49ea,,$2.16/ 100g,False,zehrs,0.0216,g,6.49
dairy_and_eggs,No Name,Light 5% M.F. Sour Cream ,No NameLight 5% M.F. Sour Cream 250 ml,$2.79ea,,$1.12/ 100ml,False,zehrs,0.011200000000000002,ml,2.79
dairy_and_eggs,President's Choice,Triple Cheddar Shredded Cheese Blend ,President's ChoiceTriple Cheddar Shredded Cheese Blend 620 g,$12.49ea,,$2.01/ 100g,False,zehrs,0.020099999999999996,g,12.49
dairy_and_eggs,Imperial,Margarine Quarters,ImperialMargarine Quarters1.36 kg,$11.79ea,,$0.87/ 100g,False,zehrs,0.0087,g,11.79
dairy_and_eggs,Liberte,Kéfir 1% MF Mango,LiberteKéfir 1% MF Mango1000 ml,$5.50ea,$4.99ea,$0.50/ 100ml,True,zehrs,0.005,ml,4.99
dairy_and_eggs,Astro,"Original Balkan Style Yogurt, Plain 0%","AstroOriginal Balkan Style Yogurt, Plain 0%750 g",$4.79ea,,$0.64/ 100g,False,zehrs,0.0064,g,4.79
dairy_and_eggs,Black Diamond,Cheese Sauce White Cheddar,Black DiamondCheese Sauce White Cheddar300 g,$7.29ea,,$2.43/ 100g,False,zehrs,0.024300000000000002,g,7.29
dairy_and_eggs,Liberte,Greek Vanilla Large Size 2 % M.F. Yogourt,LiberteGreek Vanilla Large Size 2 % M.F. Yogourt1 kg,$9.79ea,,$0.98/ 100g,False,zehrs,0.0098,g,9.79
dairy_and_eggs,President's Choice,Lactose Free 2% M.F. Cottage Cheese,President's ChoiceLactose Free 2% M.F. Cottage Cheese500 g,$4.99ea,,$1.00/ 100g,False,zehrs,0.01,g,4.99
dairy_and_eggs,Liberte,3.25% Goat Milk,Liberte3.25% Goat Milk4 l,$12.99ea,,$0.32/ 100ml,False,zehrs,0.0032,ml,12.99
dairy_and_eggs,Nestle,Coffee Mate Liquid French Vanilla Value Size,NestleCoffee Mate Liquid French Vanilla Value Size1.89 l,$8.99ea,,$0.48/ 100ml,False,zehrs,0.0048,ml,8.99
dairy_and_eggs,3 Coracoes,Roasted & Ground Coffee Medium Roast,3 CoracoesRoasted & Ground Coffee Medium Roast500 g,$8.99ea,,$1.80/ 100g,False,zehrs,0.018000000000000002,g,8.99
dairy_and_eggs,No Name,"Pizza Mozzarella Cheese, 28% MF","No NamePizza Mozzarella Cheese, 28% MF700 g",$9.79ea,,$1.40/ 100g,False,zehrs,0.013999999999999999,g,9.79
dairy_and_eggs,Saputo, Lactose Free Mozzarellissima,Saputo Lactose Free Mozzarellissima690 g,$11.99ea,,$1.74/ 100g,False,zehrs,0.0174,g,11.99
dairy_and_eggs,International Delight,Southern Butter Pecan Coffee Creamer,International DelightSouthern Butter Pecan Coffee Creamer946 ml,$5.99ea,,$0.63/ 100ml,False,zehrs,0.0063,ml,5.99
dairy_and_eggs,President's Choice,Vanilla 2% M.F. Greek Yogurt,President's ChoiceVanilla 2% M.F. Greek Yogurt500 g,$5.99ea,,$1.20/ 100g,False,zehrs,0.012,g,5.99
dairy_and_eggs,Nestle,Coffee Mate Liquid Hazelnut,NestleCoffee Mate Liquid Hazelnut946 ml,$6.49ea,,$0.69/ 100ml,False,zehrs,0.0069,ml,6.49
dairy_and_eggs,Gay Lea,"Nordica Cottage Cheese, 2%","Gay LeaNordica Cottage Cheese, 2%750 g",$7.49ea,,$1.00/ 100g,False,zehrs,0.01,g,7.49
dairy_and_eggs,Organic Meadow,"Organic Cheese, Old Cheddar","Organic MeadowOrganic Cheese, Old Cheddar340 g",$12.99ea,,$3.82/ 100g,False,zehrs,0.0382,g,12.99
dairy_and_eggs,Nestle,Coffee Mate Double Double-Mate Liquid Coffee Enhancer Value Size,NestleCoffee Mate Double Double-Mate Liquid Coffee Enhancer Value Size1.89 l,$8.99ea,,$0.48/ 100ml,False,zehrs,0.0048,ml,8.99
dairy_and_eggs,President's Choice,Plain 2% M.F. Greek Yogurt,President's ChoicePlain 2% M.F. Greek Yogurt4x100.0 g,$3.79ea,,$0.95/ 100g,False,zehrs,0.0095,g,3.79
dairy_and_eggs,Cracker Barrel,Bar Old Cheddar,Cracker BarrelBar Old Cheddar400 g,$9.29ea,,$2.32/ 100g,False,zehrs,0.0232,g,9.29
dairy_and_eggs,No Name, 75% Vegetable Oil Margarine Squares,No Name 75% Vegetable Oil Margarine Squares1.36 kg,$7.99ea,,$0.59/ 100g,False,zehrs,0.0059,g,7.99
dairy_and_eggs,Gray Ridge,"Grade A Eggs, Super Extra-Large","Gray RidgeGrade A Eggs, Super Extra-Large12 eggs",$5.29ea,,$0.44/ 1ea,False,zehrs,0.44,,5.29
dairy_and_eggs,Black Diamond,Cheese Sauce White Cheddar,Black DiamondCheese Sauce White Cheddar300 g,$7.29ea,,$2.43/ 100g,False,zehrs,0.024300000000000002,g,7.29
dairy_and_eggs,Imperial,Margarine Quarters,ImperialMargarine Quarters1.36 kg,$11.79ea,,$0.87/ 100g,False,zehrs,0.0087,g,11.79
dairy_and_eggs,Liberte,Kéfir 1% MF Mango,LiberteKéfir 1% MF Mango1000 ml,$5.50ea,$4.99ea,$0.50/ 100ml,True,zehrs,0.005,ml,4.99
dairy_and_eggs,President's Choice,Plain 1% M.F. Yogurt,President's ChoicePlain 1% M.F. Yogurt750 g,$3.49ea,,$0.47/ 100g,False,zehrs,0.004699999999999999,g,3.49
dairy_and_eggs,Neilson,Trutaste Homogenized Milk Lactose Free 3.25% M.F.,NeilsonTrutaste Homogenized Milk Lactose Free 3.25% M.F.4 l,$10.79ea,,$0.27/ 100ml,False,zehrs,0.0027,ml,10.79
dairy_and_eggs,Olympic,Organic Greek Plain Yogurt  ,OlympicOrganic Greek Plain Yogurt  650 g,$6.99ea,,$1.08/ 100g,False,zehrs,0.0108,g,6.99
dairy_and_eggs,Baileys,"Coffee Creamer, Caramel","BaileysCoffee Creamer, Caramel400 ml",$2.49ea,,$0.62/ 100ml,False,zehrs,0.0062,ml,2.49
dairy_and_eggs,Liberte,Vanilla 2.9% MF Yogurt,LiberteVanilla 2.9% MF Yogurt650 g,$4.49ea,$3.99ea,$0.61/ 100g,True,zehrs,0.0060999999999999995,g,3.99
dairy_and_eggs,Yoplait,Yop Drinkable Yogurt Watermelon Flavour ,YoplaitYop Drinkable Yogurt Watermelon Flavour 200 ml,$1.69ea,,$0.85/ 100ml,False,zehrs,0.0085,ml,1.69
dairy_and_eggs,President's Choice,Vanilla 2% M.F. Greek Yogurt,President's ChoiceVanilla 2% M.F. Greek Yogurt500 g,$5.99ea,,$1.20/ 100g,False,zehrs,0.012,g,5.99
dairy_and_eggs,Liberte,Greek Vanilla Large Size 2 % M.F. Yogourt,LiberteGreek Vanilla Large Size 2 % M.F. Yogourt1 kg,$9.79ea,,$0.98/ 100g,False,zehrs,0.0098,g,9.79
dairy_and_eggs,International Delight,Southern Butter Pecan Coffee Creamer,International DelightSouthern Butter Pecan Coffee Creamer946 ml,$5.99ea,,$0.63/ 100ml,False,zehrs,0.0063,ml,5.99
dairy_and_eggs,Liberte,"Greek Crunch Vanilla Yogurt Dark Chocolate, Salted Almonds & Caramel 2% MF","LiberteGreek Crunch Vanilla Yogurt Dark Chocolate, Salted Almonds & Caramel 2% MF2x130.0 g",$5.29ea,,$2.03/ 100g,False,zehrs,0.0203,g,5.29
dairy_and_eggs,Danone,"Creamy Yogurt Variety Pack, Strawberry / Vanilla / Fieldberry / Peach Flavour, 16 Count","DanoneCreamy Yogurt Variety Pack, Strawberry / Vanilla / Fieldberry / Peach Flavour, 16 Count16x100.0 g",$8.49ea,$6.99ea,$0.44/ 100g,True,zehrs,0.0044,g,6.99
dairy_and_eggs,PC Organics,"Organic Free-Range Large Brown Eggs, Club Pack (30 Count)","PC OrganicsOrganic Free-Range Large Brown Eggs, Club Pack (30 Count)30 ea",$16.29ea,,$16.29/ 1ea,False,zehrs,16.29,,16.29
dairy_and_eggs,Armstrong,Snack Old Cheddar,ArmstrongSnack Old Cheddar210 g,$6.49ea,,$3.09/ 100g,False,zehrs,0.030899999999999997,g,6.49
dairy_and_eggs,President's Choice,"Yogurt, Mango Coconut Kefir Probiotic Fermented 1% M.F. Milk","President's ChoiceYogurt, Mango Coconut Kefir Probiotic Fermented 1% M.F. Milk1 l",$4.79ea,,$0.48/ 100ml,False,zehrs,0.0048,ml,4.79
dairy_and_eggs,Neilson,Skim Milk,NeilsonSkim Milk4 l,$5.69ea,,$0.14/ 100ml,False,zehrs,0.0014000000000000002,ml,5.69
dairy_and_eggs,Gray Ridge,Extra Large Eggs,Gray RidgeExtra Large Eggs18 eggs,$7.19ea,,$0.40/ 1ea,False,zehrs,0.4,,7.19
dairy_and_eggs,Gay Lea,Butter Garlic Parsley ,Gay LeaButter Garlic Parsley 125 g,$4.19ea,,$3.35/ 100g,False,zehrs,0.0335,g,4.19
dairy_and_eggs,President's Choice,Plant Based Kefir Probiotic Fermented Coconut Milk,President's ChoicePlant Based Kefir Probiotic Fermented Coconut Milk1 l,$4.79ea,,$0.48/ 100ml,False,zehrs,0.0048,ml,4.79
dairy_and_eggs,Neilson,Chocolate Milk,NeilsonChocolate Milk237 ml,$2.09ea,,$0.88/ 100ml,False,zehrs,0.0088,ml,2.09
dairy_and_eggs,Gray Ridge,"Grade A White Eggs, Small","Gray RidgeGrade A White Eggs, Small12 eggs",$3.19ea,,$0.27/ 1ea,False,zehrs,0.27,,3.19
dairy_and_eggs,Cracker Barrel,Cheddar Cheese Old Probiotic 34% M.F.,Cracker BarrelCheddar Cheese Old Probiotic 34% M.F.168 g,$6.29ea,,$3.74/ 100g,False,zehrs,0.0374,g,6.29
dairy_and_eggs,Gay Lea,Butter Salted Organic ,Gay LeaButter Salted Organic 250 g,$7.49ea,$6.49ea,$2.60/ 100g,True,zehrs,0.026000000000000002,g,6.49
dairy_and_eggs,PC Organics,Organic Homogenized Milk,PC OrganicsOrganic Homogenized Milk2 l,$6.89ea,,$0.34/ 100ml,False,zehrs,0.0034000000000000002,ml,6.89
dairy_and_eggs,Riviera,Crème Fraiche,RivieraCrème Fraiche2x120.0 ml,$4.79ea,,$2.00/ 100ml,False,zehrs,0.02,ml,4.79
dairy_and_eggs,IOGO,"Zip Yogurt, Limited Edition Game Over Edition Strawberry-Melon/Blueberry","IOGOZip Yogurt, Limited Edition Game Over Edition Strawberry-Melon/Blueberry8x60.0 g",$4.29ea,,$0.89/ 100g,False,zehrs,0.0089,g,4.29
dairy_and_eggs,Neilson,Homogenized Milk,NeilsonHomogenized Milk2 l,$5.09ea,,$0.25/ 100ml,False,zehrs,0.0025,ml,5.09
dairy_and_eggs,Neilson,"Flavoured Milk, Chocolate","NeilsonFlavoured Milk, Chocolate2 l",$5.49ea,,$0.27/ 100ml,False,zehrs,0.0027,ml,5.49
dairy_and_eggs,President's Choice,"Plant Based Cultured Coconut Milk Yogurt Alternative, Vanilla","President's ChoicePlant Based Cultured Coconut Milk Yogurt Alternative, Vanilla500 g",$4.79ea,,$0.96/ 100g,False,zehrs,0.0096,g,4.79
dairy_and_eggs,IOGO,"Yogurt, Vanilla 1.5%","IOGOYogurt, Vanilla 1.5%650 g",$4.29ea,,$0.66/ 100g,False,zehrs,0.0066,g,4.29
dairy_and_eggs,Rolling Meadow,Grass Fed 2% Milk,Rolling MeadowGrass Fed 2% Milk2 l,$6.29ea,,$0.31/ 100ml,False,zehrs,0.0031,ml,6.29
dairy_and_eggs,Natrel,Fine-filtered 10% Half & Half Cream,NatrelFine-filtered 10% Half & Half Cream1 l,$4.99ea,,$0.50/ 100ml,False,zehrs,0.005,ml,4.99
dairy_and_eggs,Neilson,Trutaste Lactose Free 1% Milk,NeilsonTrutaste Lactose Free 1% Milk4 l,$10.49ea,,$0.26/ 100ml,False,zehrs,0.0026,ml,10.49
dairy_and_eggs,Cracker Barrel,"Cheese, Shredded Natural Smoked Aged & Medium 34 % M.F.","Cracker BarrelCheese, Shredded Natural Smoked Aged & Medium 34 % M.F.300 g",$7.79ea,,$2.60/ 100g,False,zehrs,0.026000000000000002,g,7.79
dairy_and_eggs,Cracker Barrel,Shreds Habanero,Cracker BarrelShreds Habanero320 g,$7.79ea,,$2.43/ 100g,False,zehrs,0.024300000000000002,g,7.79
dairy_and_eggs,Oikos,"Greek Yogurt, Plain, No Added Sugar, 2% MF","OikosGreek Yogurt, Plain, No Added Sugar, 2% MF1.5 kg",$12.99ea,,$0.87/ 100g,False,zehrs,0.0087,g,12.99
dairy_and_eggs,Cracker Barrel,Slice Mozz,Cracker BarrelSlice Mozz240 g,$5.79ea,,$2.41/ 100g,False,zehrs,0.0241,g,5.79
dairy_and_eggs,Green Valley,Rowe Farm Free Run XL,Green ValleyRowe Farm Free Run XL12 eggs,$6.79ea,,$0.57/ 1ea,False,zehrs,0.57,,6.79
dairy_and_eggs,Gay Lea,Lactose Free Cottage Cheese,Gay LeaLactose Free Cottage Cheese450 g,$5.49ea,,$1.22/ 100g,False,zehrs,0.012199999999999999,g,5.49
dairy_and_eggs,Goldegg,"Golden D White Eggs, Large","GoldeggGolden D White Eggs, Large18 eggs",$7.99ea,,$0.44/ 1ea,False,zehrs,0.44,,7.99
dairy_and_eggs,Gay Lea,"Butter Sticks, Salted","Gay LeaButter Sticks, Salted454 g",$8.49ea,,$1.87/ 100g,False,zehrs,0.0187,g,8.49
dairy_and_eggs,Kraft,Singles Mozzarella Processed Cheese Slices,KraftSingles Mozzarella Processed Cheese Slices410 g,$5.99ea,,$1.46/ 100g,False,zehrs,0.0146,g,5.99
dairy_and_eggs,Liberte,Yogourt Vanilla Organic Large Size 0 % M.F.,LiberteYogourt Vanilla Organic Large Size 0 % M.F.900 g,$6.49ea,,$0.72/ 100g,False,zehrs,0.0072,g,6.49
dairy_and_eggs,Beatrice,"Sour Cream, Light 5%","BeatriceSour Cream, Light 5%500 ml",$3.99ea,,$0.80/ 100ml,False,zehrs,0.008,ml,3.99
dairy_and_eggs,Neilson,Homogenized Milk 3.25%,NeilsonHomogenized Milk 3.25%1 l,$3.59ea,,$0.36/ 100ml,False,zehrs,0.0036,ml,3.59
dairy_and_eggs,Olivina,Margarine,OlivinaMargarine427 g,$4.99ea,,$1.17/ 100g,False,zehrs,0.011699999999999999,g,4.99
dairy_and_eggs,Gray Ridge,"Brown Eggs, Large","Gray RidgeBrown Eggs, Large18 eggs",$7.19ea,,$0.40/ 1ea,False,zehrs,0.4,,7.19
dairy_and_eggs,Activia,"Yogurt With Probiotics, Mango Flavour Tub","ActiviaYogurt With Probiotics, Mango Flavour Tub650 g",$3.99ea,,$0.61/ 100g,False,zehrs,0.0060999999999999995,g,3.99
dairy_and_eggs,Lactantia,Partly Skimmed Milk Lactose Free 1% M.F.,LactantiaPartly Skimmed Milk Lactose Free 1% M.F.2 l,$5.89ea,,$0.29/ 100ml,False,zehrs,0.0029,ml,5.89
dairy_and_eggs,Cracker Barrel,Bar Marble Cheddar Light,Cracker BarrelBar Marble Cheddar Light400 g,$9.29ea,,$2.32/ 100g,False,zehrs,0.0232,g,9.29
dairy_and_eggs,Yoplait,Source Dessert Lemon Meringue Pie/Berry Crumble/Key Lime Pie/Strawberries and Cream 0% MF Yogurt,YoplaitSource Dessert Lemon Meringue Pie/Berry Crumble/Key Lime Pie/Strawberries and Cream 0% MF Yogurt16x100.0 g,$6.49ea,,$0.41/ 100g,False,zehrs,0.0040999999999999995,g,6.49
dairy_and_eggs,No Name,Light Medium Cheddar Cheese,No NameLight Medium Cheddar Cheese400 g,$5.99ea,,$1.50/ 100g,False,zehrs,0.015,g,5.99
dairy_and_eggs,No Name,Processed Cheese Product Thick Slices Cheddar Flavour,No NameProcessed Cheese Product Thick Slices Cheddar Flavour800 g,$6.99ea,,$0.87/ 100g,False,zehrs,0.0087,g,6.99
dairy_and_eggs,Neilson,Trutaste Lactose Free 2% Milk,NeilsonTrutaste Lactose Free 2% Milk1 l,$4.49ea,,$0.45/ 100ml,False,zehrs,0.0045000000000000005,ml,4.49
dairy_and_eggs,Black Diamond,Natural Cheese Slices Lactose Free Mozzarella Cheese 27% M.F,Black DiamondNatural Cheese Slices Lactose Free Mozzarella Cheese 27% M.F220 g,$6.99ea,,$3.18/ 100g,False,zehrs,0.0318,g,6.99
dairy_and_eggs,Cracker Barrel,Snack Medium Cheddar,Cracker BarrelSnack Medium Cheddar168 g,$6.29ea,,$3.74/ 100g,False,zehrs,0.0374,g,6.29
dairy_and_eggs,President's Choice,Chocolate Chip Cookie Dough,President's ChoiceChocolate Chip Cookie Dough468 g,$4.49ea,,$0.96/ 100g,False,zehrs,0.0096,g,4.49
dairy_and_eggs,Astro,"Original Balkan Style Yogurt, French Vanilla","AstroOriginal Balkan Style Yogurt, French Vanilla750 g",$4.79ea,,$0.64/ 100g,False,zehrs,0.0064,g,4.79
dairy_and_eggs,Olympic,"Organic Probiotic Yogurt, Mango","OlympicOrganic Probiotic Yogurt, Mango650 g",$5.99ea,,$0.92/ 100g,False,zehrs,0.0092,g,5.99
dairy_and_eggs,Hans,Dairy 3.2% Natural Yogurt,HansDairy 3.2% Natural Yogurt750 g,$2.79ea,,$0.37/ 100g,False,zehrs,0.0037,g,2.79
dairy_and_eggs,President's Choice,"Greek Yogurt, Plain 5% MF","President's ChoiceGreek Yogurt, Plain 5% MF908 g",$6.49ea,,$0.71/ 100g,False,zehrs,0.0070999999999999995,g,6.49
dairy_and_eggs,Rolling Meadow,Grass Fed 3.8% Milk,Rolling MeadowGrass Fed 3.8% Milk2 l,$6.69ea,,$0.33/ 100ml,False,zehrs,0.0033,ml,6.69
dairy_and_eggs,Neilson,Half and Half Cream,NeilsonHalf and Half Cream473 ml,$3.69ea,,$0.78/ 100ml,False,zehrs,0.0078000000000000005,ml,3.69
dairy_and_eggs,Cracker Barrel,Slice Swiss,Cracker BarrelSlice Swiss220 g,$5.79ea,,$2.63/ 100g,False,zehrs,0.0263,g,5.79
dairy_and_eggs,Great Taste,White Coffee 3 in 1,Great TasteWhite Coffee 3 in 1300 g,$3.29ea,,$1.10/ 100g,False,zehrs,0.011000000000000001,g,3.29
dairy_and_eggs,PC Organics,"Organic Free Run Brown Eggs, Medium","PC OrganicsOrganic Free Run Brown Eggs, Medium12 eggs",$7.29ea,,$0.61/ 1ea,False,zehrs,0.61,,7.29
dairy_and_eggs,Organic Meadow,"Organic Butter, Unsalted","Organic MeadowOrganic Butter, Unsalted454 g",$11.99ea,,$2.64/ 100g,False,zehrs,0.0264,g,11.99
dairy_and_eggs,Neilson,Half & Half Cream,NeilsonHalf & Half Cream237 ml,$2.49ea,,$1.05/ 100ml,False,zehrs,0.0105,ml,2.49
dairy_and_eggs,Oikos,"High Protein Greek Yogurt, Strawberry-Raspberry Flavour, Blended, Value Tub","OikosHigh Protein Greek Yogurt, Strawberry-Raspberry Flavour, Blended, Value Tub650 g",$6.49ea,,$1.00/ 100g,False,zehrs,0.01,g,6.49
dairy_and_eggs,President's Choice,Plain Skyr Icelandic Style 0% M.F. Yogurt,President's ChoicePlain Skyr Icelandic Style 0% M.F. Yogurt500 g,$5.99ea,,$1.20/ 100g,False,zehrs,0.012,g,5.99
dairy_and_eggs,Goldegg,Omega 3 White Eggs,GoldeggOmega 3 White Eggs12 eggs,$6.29ea,,$0.52/ 1ea,False,zehrs,0.52,,6.29
dairy_and_eggs,No Name,Stringable Cheese Pizza Mozzarella,No NameStringable Cheese Pizza Mozzarella336 g,$6.49ea,,$1.93/ 100g,False,zehrs,0.019299999999999998,g,6.49
dairy_and_eggs,Nestle,Coffee Mate Coffee Crisp Liquid Coffee Enhancer,NestleCoffee Mate Coffee Crisp Liquid Coffee Enhancer946 ml,$6.49ea,,$0.69/ 100ml,False,zehrs,0.0069,ml,6.49
dairy_and_eggs,Neilson,Whipping Cream,NeilsonWhipping Cream237 ml,$3.49ea,,$1.47/ 100ml,False,zehrs,0.0147,ml,3.49
dairy_and_eggs,Rowe Farms,"Green Valley Omega 3 Eggs, Large","Rowe FarmsGreen Valley Omega 3 Eggs, Large12 ea",$5.79ea,,$5.79/ 1ea,False,zehrs,5.79,,5.79
dairy_and_eggs,Organic Meadow,Vanilla Kefir,Organic MeadowVanilla Kefir1 l,$6.99ea,,$0.70/ 100ml,False,zehrs,0.006999999999999999,ml,6.99
dairy_and_eggs,Yoso,"Cultured Coconut Yogurt, Vanilla","YosoCultured Coconut Yogurt, Vanilla440 g",$6.49ea,,$1.48/ 100g,False,zehrs,0.0148,g,6.49
dairy_and_eggs,Olympic,"Greek Yogurt, Plain","OlympicGreek Yogurt, Plain650 g",$5.99ea,,$0.92/ 100g,False,zehrs,0.0092,g,5.99
dairy_and_eggs,PC Organics,Organic Free-Range Brown Eggs,PC OrganicsOrganic Free-Range Brown Eggs12 eggs,$7.49ea,,$0.62/ 1ea,False,zehrs,0.62,,7.49
dairy_and_eggs,President's Choice,Lactose Free Plain 2%  M.F. Yogurt,President's ChoiceLactose Free Plain 2%  M.F. Yogurt750 g,$3.49ea,,$0.47/ 100g,False,zehrs,0.004699999999999999,g,3.49
dairy_and_eggs,Woolwich,Dairy Goat Milk Sea Salted Butter,WoolwichDairy Goat Milk Sea Salted Butter250 g,$7.49ea,,$3.00/ 100g,False,zehrs,0.03,g,7.49
dairy_and_eggs,Neilson,10% Creamer,Neilson10% Creamer160x9.0 ml,$10.89ea,,$0.76/ 100ml,False,zehrs,0.0076,ml,10.89
dairy_and_eggs,PC Organics,Organic Homogenized Milk,PC OrganicsOrganic Homogenized Milk4 l,$10.39ea,,$0.26/ 100ml,False,zehrs,0.0026,ml,10.39
dairy_and_eggs,Icim,Turkish Cheese,IcimTurkish Cheese550 g,$7.79ea,,$1.42/ 100g,False,zehrs,0.014199999999999999,g,7.79
dairy_and_eggs,Neilson,Original Chocolate Milkshake,NeilsonOriginal Chocolate Milkshake310 ml,$1.00ea,,$0.32/ 100ml,False,zehrs,0.0032,ml,1.00
dairy_and_eggs,No Name,Light Medium Cheddar Cheese,No NameLight Medium Cheddar Cheese200 g,$4.29ea,,$2.15/ 100g,False,zehrs,0.0215,g,4.29
dairy_and_eggs,Nestle,Coffee Mate Coffee Enhancer Hazelnut Value Size,NestleCoffee Mate Coffee Enhancer Hazelnut Value Size1.89 l,$8.99ea,,$0.48/ 100ml,False,zehrs,0.0048,ml,8.99
dairy_and_eggs,The Greek Gods,"Yogurt, Vanille","The Greek GodsYogurt, Vanille500 g",$5.49ea,,$1.10/ 100g,False,zehrs,0.011000000000000001,g,5.49
dairy_and_eggs,Kraft,Singles Three Cheese Extra Thick Slices,KraftSingles Three Cheese Extra Thick Slices410 g,$5.99ea,,$1.46/ 100g,False,zehrs,0.0146,g,5.99
dairy_and_eggs,Neilson,Dairy Milker 2% M.F.,NeilsonDairy Milker 2% M.F.160x9.0 ml,$9.49ea,,$0.66/ 100ml,False,zehrs,0.0066,ml,9.49
dairy_and_eggs,Woolwich,Dairy Goat Milk Sea Salted Butter,WoolwichDairy Goat Milk Sea Salted Butter250 g,$7.49ea,,$3.00/ 100g,False,zehrs,0.03,g,7.49
dairy_and_eggs,Neilson,10% Creamer,Neilson10% Creamer160x9.0 ml,$10.89ea,,$0.76/ 100ml,False,zehrs,0.0076,ml,10.89
dairy_and_eggs,PC Organics,Organic Homogenized Milk,PC OrganicsOrganic Homogenized Milk4 l,$10.39ea,,$0.26/ 100ml,False,zehrs,0.0026,ml,10.39
dairy_and_eggs,Icim,Turkish Cheese,IcimTurkish Cheese550 g,$7.79ea,,$1.42/ 100g,False,zehrs,0.014199999999999999,g,7.79
dairy_and_eggs,Neilson,Original Chocolate Milkshake,NeilsonOriginal Chocolate Milkshake310 ml,$1.00ea,,$0.32/ 100ml,False,zehrs,0.0032,ml,1.00
dairy_and_eggs,No Name,Light Medium Cheddar Cheese,No NameLight Medium Cheddar Cheese200 g,$4.29ea,,$2.15/ 100g,False,zehrs,0.0215,g,4.29
dairy_and_eggs,Black Diamond,Natural Shredded Cheese Mozza Cheddar 24% M.F.,Black DiamondNatural Shredded Cheese Mozza Cheddar 24% M.F.320 g,$6.99ea,,$2.18/ 100g,False,zehrs,0.0218,g,6.99
dairy_and_eggs,President's Choice,Tre Formaggi Shredded Cheese Blend,President's ChoiceTre Formaggi Shredded Cheese Blend620 g,$12.49ea,,$2.01/ 100g,False,zehrs,0.020099999999999996,g,12.49
dairy_and_eggs,Derlea,Garlic Spread,DerleaGarlic Spread250 g,$2.79ea,,$1.12/ 100g,False,zehrs,0.011200000000000002,g,2.79
dairy_and_eggs,No Name,Cheddar Flavour Processed Cheese Product Thick Slices,No NameCheddar Flavour Processed Cheese Product Thick Slices400 g,$4.29ea,,$1.07/ 100g,False,zehrs,0.010700000000000001,g,4.29
dairy_and_eggs,Yoplait,Drinkable Yogurt 1% M.F.,YoplaitDrinkable Yogurt 1% M.F.12x200.0 ml,$14.99ea,,$0.62/ 100ml,False,zehrs,0.0062,ml,14.99
dairy_and_eggs,Armstrong,Snack Old Cheddar Cheese,ArmstrongSnack Old Cheddar Cheese630 g,$14.49ea,,$2.30/ 100g,False,zehrs,0.023,g,14.49
dairy_and_eggs,Organic Meadow,Mozzarella Cheese Sticks 20 % M.F. 8 Sticks,Organic MeadowMozzarella Cheese Sticks 20 % M.F. 8 Sticks168 g,$8.49ea,,$5.05/ 100g,False,zehrs,0.050499999999999996,g,8.49
dairy_and_eggs,President's Choice,"Plant Based Cultured Coconut Milk Yogurt Alternative, Plain","President's ChoicePlant Based Cultured Coconut Milk Yogurt Alternative, Plain500 g",$4.79ea,,$0.96/ 100g,False,zehrs,0.0096,g,4.79
dairy_and_eggs,Beatrice,"Sour Cream, Fat Free 0%","BeatriceSour Cream, Fat Free 0%500 ml",$3.99ea,,$0.80/ 100ml,False,zehrs,0.008,ml,3.99
dairy_and_eggs,President's Choice,Banana 2% M.F. Greek Yogurt,President's ChoiceBanana 2% M.F. Greek Yogurt4x100.0 g,$3.79ea,,$0.95/ 100g,False,zehrs,0.0095,g,3.79
dairy_and_eggs,Cracker Barrel,Cheese Sauce Kit Mexiqueso,Cracker BarrelCheese Sauce Kit Mexiqueso280 g,$7.99ea,,$2.85/ 100g,False,zehrs,0.0285,g,7.99
dairy_and_eggs,Neilson,"Cream, 18%","NeilsonCream, 18%473 ml",$3.99ea,,$0.84/ 100ml,False,zehrs,0.0084,ml,3.99
dairy_and_eggs,Gray Ridge,"Grade A Brown Eggs, Large","Gray RidgeGrade A Brown Eggs, Large12 eggs",$5.49ea,,$0.46/ 1ea,False,zehrs,0.46,,5.49
dairy_and_eggs,Cracker Barrel,Shreds Light Double Cheddar,Cracker BarrelShreds Light Double Cheddar320 g,$7.79ea,,$2.43/ 100g,False,zehrs,0.024300000000000002,g,7.79
dairy_and_eggs,No Name,Margarine,No NameMargarine454 g,$3.79ea,,$0.83/ 100g,False,zehrs,0.0083,g,3.79
dairy_and_eggs,Liberte,Yogourt Plain Organic Large Size 0 % M.F.,LiberteYogourt Plain Organic Large Size 0 % M.F.900 g,$6.49ea,,$0.72/ 100g,False,zehrs,0.0072,g,6.49
dairy_and_eggs,Activia,"Yogurt With Probiotics, Peach Flavour Tub","ActiviaYogurt With Probiotics, Peach Flavour Tub650 g",$3.99ea,,$0.61/ 100g,False,zehrs,0.0060999999999999995,g,3.99
dairy_and_eggs,Amooza,Pizza Mozzarella Cheese 22 % M.F.,AmoozaPizza Mozzarella Cheese 22 % M.F.228 g,$5.79ea,,$2.54/ 100g,False,zehrs,0.0254,g,5.79
dairy_and_eggs,Gay Lea,"Nordica Cottage Cheese, 2%","Gay LeaNordica Cottage Cheese, 2%500 g",$5.49ea,,$1.10/ 100g,False,zehrs,0.011000000000000001,g,5.49
dairy_and_eggs,Milk 2 Go,Chocolate Partly Skimmed Milk 1% M.F. 6 x,Milk 2 GoChocolate Partly Skimmed Milk 1% M.F. 6 x6x200.0 ml,$5.99ea,,$499.17/ 100ml,False,zehrs,4.9917,ml,5.99
dairy_and_eggs,Rowe Farms,"Green Valley Omega 3 Eggs, Large","Rowe FarmsGreen Valley Omega 3 Eggs, Large12 ea",$5.79ea,,$5.79/ 1ea,False,zehrs,5.79,,5.79
dairy_and_eggs,Organic Meadow,Vanilla Kefir,Organic MeadowVanilla Kefir1 l,$6.99ea,,$0.70/ 100ml,False,zehrs,0.006999999999999999,ml,6.99
dairy_and_eggs,Nestle,Coffee Mate Coffee Enhancer Hazelnut Value Size,NestleCoffee Mate Coffee Enhancer Hazelnut Value Size1.89 l,$8.99ea,,$0.48/ 100ml,False,zehrs,0.0048,ml,8.99
dairy_and_eggs,The Greek Gods,"Yogurt, Vanille","The Greek GodsYogurt, Vanille500 g",$5.49ea,,$1.10/ 100g,False,zehrs,0.011000000000000001,g,5.49
dairy_and_eggs,No Name,Medium Cheddar Cheese,No NameMedium Cheddar Cheese200 g,$4.29ea,,$2.15/ 100g,False,zehrs,0.0215,g,4.29
dairy_and_eggs,Oikos,"Fat Free Greek Yogurt, Vanilla Flavour, Blended, 0% M.F.","OikosFat Free Greek Yogurt, Vanilla Flavour, Blended, 0% M.F.750 g",$6.49ea,,$0.87/ 100g,False,zehrs,0.0087,g,6.49
dairy_and_eggs,President's Choice,Strawberry Skyr Icelandic Style 0% M.F. Yogurt,President's ChoiceStrawberry Skyr Icelandic Style 0% M.F. Yogurt4x100.0 g,$3.79ea,,$0.95/ 100g,False,zehrs,0.0095,g,3.79
dairy_and_eggs,Neilson,"Homogenized Milk Microfiltered, 3.25% M.F.","NeilsonHomogenized Milk Microfiltered, 3.25% M.F.1 l",$3.69ea,,$0.37/ 100ml,False,zehrs,0.0037,ml,3.69
dairy_and_eggs,Neilson,Buttermilk,NeilsonButtermilk1 l,$4.39ea,,$0.44/ 100ml,False,zehrs,0.0044,ml,4.39
dairy_and_eggs,Nanak,Paneer,NanakPaneer341 g,$5.99ea,,$1.76/ 100g,False,zehrs,0.0176,g,5.99
dairy_and_eggs,Arla,Havarti 33 % M.F. 8 Snack Cheese Bars,ArlaHavarti 33 % M.F. 8 Snack Cheese Bars168 g,$5.99ea,,$3.57/ 100g,False,zehrs,0.035699999999999996,g,5.99
dairy_and_eggs,Liberte,Greek Vanilla 0% Lactose Free,LiberteGreek Vanilla 0% Lactose Free1000 g,$9.79ea,,$0.98/ 100g,False,zehrs,0.0098,g,9.79
dairy_and_eggs,Saputo,Shredded Mozzarella,SaputoShredded Mozzarella1 kg,$19.49ea,,$1.95/ 100g,False,zehrs,0.0195,g,19.49
dairy_and_eggs,Starbucks,White Chocolate Mocha Liquid Coffee Enhancer,StarbucksWhite Chocolate Mocha Liquid Coffee Enhancer828 ml,$7.99ea,,$0.96/ 100ml,False,zehrs,0.0096,ml,7.99
dairy_and_eggs,President's Choice,Phyllo Pastry,President's ChoicePhyllo Pastry454 g,$4.49ea,,$0.99/ 100g,False,zehrs,0.009899999999999999,g,4.49
dairy_and_eggs,Natrel,10% Lactose Free Coffee Cream (1L),Natrel10% Lactose Free Coffee Cream (1L)1 l,$5.89ea,,$0.59/ 100ml,False,zehrs,0.0059,ml,5.89
dairy_and_eggs,Nestle,Coffee Mate After Eight Liquid Coffee Enhancer,NestleCoffee Mate After Eight Liquid Coffee Enhancer946 ml,$6.49ea,,$0.69/ 100ml,False,zehrs,0.0069,ml,6.49
dairy_and_eggs,Black Diamond,"Cheddar Cheese Style Light, 22 Slices","Black DiamondCheddar Cheese Style Light, 22 Slices410 g",$4.79ea,,$1.17/ 100g,False,zehrs,0.011699999999999999,g,4.79
dairy_and_eggs,3 Coracoes,Roasted & Ground Coffee Dark Roast,3 CoracoesRoasted & Ground Coffee Dark Roast500 g,$8.99ea,,$1.80/ 100g,False,zehrs,0.018000000000000002,g,8.99
dairy_and_eggs,Saputo,Mozzarellissima,SaputoMozzarellissima500 g,$9.29ea,,$1.86/ 100g,False,zehrs,0.018600000000000002,g,9.29
dairy_and_eggs,Fairlife,Chocolate Lactose Free 2% Partly Skimmed Ultrafiltered Milk,FairlifeChocolate Lactose Free 2% Partly Skimmed Ultrafiltered Milk1.5 l,$5.29ea,,$0.35/ 100ml,False,zehrs,0.0034999999999999996,ml,5.29
dairy_and_eggs,Neilson,Whipping Cream 35 percent MF,NeilsonWhipping Cream 35 percent MF1 l,$9.29ea,,$0.93/ 100ml,False,zehrs,0.009300000000000001,ml,9.29
dairy_and_eggs,No Name,Medium Cheddar Cheese,No NameMedium Cheddar Cheese200 g,$4.29ea,,$2.15/ 100g,False,zehrs,0.0215,g,4.29
dairy_and_eggs,Amooza,Pizza Mozzarella Cheese 22 % M.F.,AmoozaPizza Mozzarella Cheese 22 % M.F.228 g,$5.79ea,,$2.54/ 100g,False,zehrs,0.0254,g,5.79
dairy_and_eggs,Nestle,Coffee Mate After Eight Liquid Coffee Enhancer,NestleCoffee Mate After Eight Liquid Coffee Enhancer946 ml,$6.49ea,,$0.69/ 100ml,False,zehrs,0.0069,ml,6.49
dairy_and_eggs,Starbucks,White Chocolate Mocha Liquid Coffee Enhancer,StarbucksWhite Chocolate Mocha Liquid Coffee Enhancer828 ml,$7.99ea,,$0.96/ 100ml,False,zehrs,0.0096,ml,7.99
dairy_and_eggs,Yoplait,Yop Drinkable Yogurt Limited Edition,YoplaitYop Drinkable Yogurt Limited Edition200 ml,$1.69ea,,$0.85/ 100ml,False,zehrs,0.0085,ml,1.69
dairy_and_eggs,Woolwich,Partially Skimmed Goat Milk 2%,WoolwichPartially Skimmed Goat Milk 2%4 l,$10.99ea,,$0.27/ 100ml,False,zehrs,0.0027,ml,10.99
dairy_and_eggs,Neilson,Skim Milk,NeilsonSkim Milk1 l,$3.39ea,,$0.34/ 100ml,False,zehrs,0.0034000000000000002,ml,3.39
dairy_and_eggs,Neilson,Whipping Cream,NeilsonWhipping Cream237 ml,$3.49ea,,$1.47/ 100ml,False,zehrs,0.0147,ml,3.49
dairy_and_eggs,Nestle,Coffee Mate Double Double-Mate Liquid Coffee Enhancer,NestleCoffee Mate Double Double-Mate Liquid Coffee Enhancer946 ml,$6.49ea,,$0.69/ 100ml,False,zehrs,0.0069,ml,6.49
dairy_and_eggs,Great Taste,White Coffee 3 in 1,Great TasteWhite Coffee 3 in 1300 g,$3.29ea,,$1.10/ 100g,False,zehrs,0.011000000000000001,g,3.29
dairy_and_eggs,Armstrong,Snack Old Cheddar Cheese,ArmstrongSnack Old Cheddar Cheese630 g,$14.49ea,,$2.30/ 100g,False,zehrs,0.023,g,14.49
dairy_and_eggs,Milk 2 Go,Vanilla Flavour,Milk 2 GoVanilla Flavour473 ml,$2.69ea,$1.79ea,$0.38/ 100ml,True,zehrs,0.0038,ml,1.79
dairy_and_eggs,Gay Lea,Unsalted Butter,Gay LeaUnsalted Butter454 g,$7.79ea,,$1.72/ 100g,False,zehrs,0.0172,g,7.79
dairy_and_eggs,No Name,Fat-Free Cottage Cheese,No NameFat-Free Cottage Cheese500 g,$4.99ea,,$1.00/ 100g,False,zehrs,0.01,g,4.99
dairy_and_eggs,Philadelphia,"Original Cream Cheese, Lactose Free","PhiladelphiaOriginal Cream Cheese, Lactose Free250 g",$6.29ea,,$2.52/ 100g,False,zehrs,0.0252,g,6.29
dairy_and_eggs,Fairlife,Chocolate Lactose Free 2% Partly Skimmed Ultrafiltered Milk,FairlifeChocolate Lactose Free 2% Partly Skimmed Ultrafiltered Milk1.5 l,$5.29ea,,$0.35/ 100ml,False,zehrs,0.0034999999999999996,ml,5.29
dairy_and_eggs,No Name,Pizza Mozzarella Cheese ,No NamePizza Mozzarella Cheese 200 g,$4.29ea,,$2.15/ 100g,False,zehrs,0.0215,g,4.29
dairy_and_eggs,Cracker Barrel,Shreds Parmesan,Cracker BarrelShreds Parmesan250 g,$7.79ea,,$3.12/ 100g,False,zehrs,0.031200000000000002,g,7.79
dairy_and_eggs,Gay Lea,Spreadables Light Butter With Canola Oil,Gay LeaSpreadables Light Butter With Canola Oil227 g,$5.49ea,,$2.42/ 100g,False,zehrs,0.0242,g,5.49
dairy_and_eggs,International Delight,"Hazelnut Flavoured Coffee Creamer, 63 Servings","International DelightHazelnut Flavoured Coffee Creamer, 63 Servings946 ml",$5.99ea,,$0.63/ 100ml,False,zehrs,0.0063,ml,5.99
dairy_and_eggs,Kraft,Grated Parmesan Cheese,KraftGrated Parmesan Cheese500 g,$15.99ea,,$3.20/ 100g,False,zehrs,0.032,g,15.99
dairy_and_eggs,Gay Lea,"Butter, Salted","Gay LeaButter, Salted250 g",$5.39ea,,$2.16/ 100g,False,zehrs,0.0216,g,5.39
dairy_and_eggs,President,Premium Salted Cultured Butter,PresidentPremium Salted Cultured Butter250 g,$5.19ea,,$2.08/ 100g,False,zehrs,0.0208,g,5.19
dairy_and_eggs,Riviera,Sour Cream,RivieraSour Cream2x120.0 ml,$3.79ea,,$1.58/ 100ml,False,zehrs,0.0158,ml,3.79
dairy_and_eggs,No Name,Light Old Cheddar Cheese ,No NameLight Old Cheddar Cheese 200 g,$4.29ea,,$2.15/ 100g,False,zehrs,0.0215,g,4.29
dairy_and_eggs,International Delight,"French Vanilla Flavoured Fat Free Coffee Creamer, 63 Servings","International DelightFrench Vanilla Flavoured Fat Free Coffee Creamer, 63 Servings946 ml",$5.99ea,,$0.63/ 100ml,False,zehrs,0.0063,ml,5.99
dairy_and_eggs,No Name,Shredded Mild White Cheddar Cheese,No NameShredded Mild White Cheddar Cheese320 g,$5.99ea,,$1.87/ 100g,False,zehrs,0.0187,g,5.99
dairy_and_eggs,Nestle,Coffee Mate French Vanilla Powder,NestleCoffee Mate French Vanilla Powder425 g,$7.49ea,,$1.76/ 100g,False,zehrs,0.0176,g,7.49
dairy_and_eggs,Silk,"Almond Plant Based Yogurt, Plain, Unsweetened, Dairy-Free","SilkAlmond Plant Based Yogurt, Plain, Unsweetened, Dairy-Free640 g",$7.49ea,,$1.17/ 100g,False,zehrs,0.011699999999999999,g,7.49
dairy_and_eggs,Liberte,Greek Crunch Coconut Yogurt Dark Chocolate & Honey Roasted Almonds 2% MF,LiberteGreek Crunch Coconut Yogurt Dark Chocolate & Honey Roasted Almonds 2% MF2x130.0 g,$5.29ea,,$2.03/ 100g,False,zehrs,0.0203,g,5.29
dairy_and_eggs,Neilson,TruTaste Lactose Free 2% Milk,NeilsonTruTaste Lactose Free 2% Milk4 l,$10.59ea,,$0.26/ 100ml,False,zehrs,0.0026,ml,10.59
dairy_and_eggs,Cracker Barrel,Bar Mild Cheddar,Cracker BarrelBar Mild Cheddar400 g,$9.29ea,,$2.32/ 100g,False,zehrs,0.0232,g,9.29
dairy_and_eggs,President's Choice,0% M.F. Vanilla Skyr Yogurt,President's Choice0% M.F. Vanilla Skyr Yogurt908 g,$6.99ea,$6.49ea,$0.71/ 100g,True,zehrs,0.0070999999999999995,g,6.49
dairy_and_eggs,Yoplait,Lactose Free Mango,YoplaitLactose Free Mango200 ml,$1.69ea,,$0.85/ 100ml,False,zehrs,0.0085,ml,1.69
dairy_and_eggs,Woolwich,Homogenized Goat Milk 3.25%MF  ,WoolwichHomogenized Goat Milk 3.25%MF  4 l,$11.49ea,,$0.29/ 100ml,False,zehrs,0.0029,ml,11.49
dairy_and_eggs,Organic Meadow,"Whipping Cream, 35%","Organic MeadowWhipping Cream, 35%500 ml",$7.99ea,,$1.60/ 100ml,False,zehrs,0.016,ml,7.99
dairy_and_eggs,Saputo,Lactose Free Mozzarellissima,SaputoLactose Free Mozzarellissima500 g,$9.29ea,,$1.86/ 100g,False,zehrs,0.018600000000000002,g,9.29
dairy_and_eggs,No Name,Shredded Medium Cheddar,No NameShredded Medium Cheddar320 g,$5.99ea,,$1.87/ 100g,False,zehrs,0.0187,g,5.99
dairy_and_eggs,Activia,"Yogurt With Probiotics, Strawberry, Raspberry, Vanilla, Blueberry Flavour, 24XG","ActiviaYogurt With Probiotics, Strawberry, Raspberry, Vanilla, Blueberry Flavour, 24XG24x100.0 g",$13.99ea,,$0.58/ 100g,False,zehrs,0.0058,g,13.99
dairy_and_eggs,Black Diamond,Medium Cheddar Cheese Sticks,Black DiamondMedium Cheddar Cheese Sticks252 g,$6.99ea,,$2.77/ 100g,False,zehrs,0.0277,g,6.99
dairy_and_eggs,President's Choice,Plain Skyr Icelandic Style 4% M.F. Yogurt,President's ChoicePlain Skyr Icelandic Style 4% M.F. Yogurt500 g,$5.99ea,,$1.20/ 100g,False,zehrs,0.012,g,5.99
dairy_and_eggs,Liberte,Greek Strawberry 2% MF Yogurt ,LiberteGreek Strawberry 2% MF Yogurt 750 g,$6.49ea,$4.99ea,$0.67/ 100g,True,zehrs,0.0067,g,4.99
dairy_and_eggs,Organic Meadow,"Kéfir, Plain","Organic MeadowKéfir, Plain1 l",$6.99ea,,$0.70/ 100ml,False,zehrs,0.006999999999999999,ml,6.99
dairy_and_eggs,Natrel,3.25% Lactose Free Enriched Milk,Natrel3.25% Lactose Free Enriched Milk2 l,$6.59ea,,$0.33/ 100ml,False,zehrs,0.0033,ml,6.59
dairy_and_eggs,President's Choice,Black Cherry Skyr Icelandic Style 4% M.F. Yogurt,President's ChoiceBlack Cherry Skyr Icelandic Style 4% M.F. Yogurt500 g,$5.99ea,,$1.20/ 100g,False,zehrs,0.012,g,5.99
dairy_and_eggs,No Name,Shredded Mozzarella Cheese,No NameShredded Mozzarella Cheese900 g,$14.99ea,,$1.67/ 100g,False,zehrs,0.0167,g,14.99
dairy_and_eggs,Activia,"Yogurt With Probiotics, Fat Free 0% Mf, Vanilla Flavour","ActiviaYogurt With Probiotics, Fat Free 0% Mf, Vanilla Flavour650 g",$3.99ea,,$0.61/ 100g,False,zehrs,0.0060999999999999995,g,3.99
dairy_and_eggs,President's Choice,Plain 3% M.F. Yogurt,President's ChoicePlain 3% M.F. Yogurt750 g,$3.49ea,,$0.47/ 100g,False,zehrs,0.004699999999999999,g,3.49
dairy_and_eggs,Starbucks,Almond And Oat Dairy Free Caramel Macchiato Coffee Enhancer,StarbucksAlmond And Oat Dairy Free Caramel Macchiato Coffee Enhancer828 ml,$7.99ea,,$0.96/ 100ml,False,zehrs,0.0096,ml,7.99
dairy_and_eggs,Oikos,"Lactose Free Greek Yogurt, Plain, Fat Free, No Added Sugar, 0% M.F.","OikosLactose Free Greek Yogurt, Plain, Fat Free, No Added Sugar, 0% M.F.750 g",$6.49ea,,$0.87/ 100g,False,zehrs,0.0087,g,6.49
dairy_and_eggs,Neilson,TruTaste Lactose Free 2% Milk,NeilsonTruTaste Lactose Free 2% Milk4 l,$10.59ea,,$0.26/ 100ml,False,zehrs,0.0026,ml,10.59
dairy_and_eggs,Cracker Barrel,Bar Mild Cheddar,Cracker BarrelBar Mild Cheddar400 g,$9.29ea,,$2.32/ 100g,False,zehrs,0.0232,g,9.29
dairy_and_eggs,President's Choice,0% M.F. Vanilla Skyr Yogurt,President's Choice0% M.F. Vanilla Skyr Yogurt908 g,$6.99ea,$6.49ea,$0.71/ 100g,True,zehrs,0.0070999999999999995,g,6.49
dairy_and_eggs,Liberte,Yogourt Plain Large Size 5 % M.F.,LiberteYogourt Plain Large Size 5 % M.F.900 g,$9.79ea,,$1.09/ 100g,False,zehrs,0.0109,g,9.79
dairy_and_eggs,President's Choice,Plain 2% M.F. Greek Yogurt,President's ChoicePlain 2% M.F. Greek Yogurt500 g,$5.99ea,,$1.20/ 100g,False,zehrs,0.012,g,5.99
dairy_and_eggs,No Name,Deep Dish Pie Shells,No NameDeep Dish Pie Shells380 g,$3.99ea,,$1.05/ 100g,False,zehrs,0.0105,g,3.99
dairy_and_eggs,Neilson,2% Milk,Neilson2% Milk1 l,$3.39ea,,$0.34/ 100ml,False,zehrs,0.0034000000000000002,ml,3.39
dairy_and_eggs,President's Choice,Raspberry Skyr Icelandic Style 4% M.F. Yogurt,President's ChoiceRaspberry Skyr Icelandic Style 4% M.F. Yogurt500 g,$5.99ea,,$1.20/ 100g,False,zehrs,0.012,g,5.99
dairy_and_eggs,Black Diamond,Medium Cheddar Cheese Sticks,Black DiamondMedium Cheddar Cheese Sticks252 g,$6.99ea,,$2.77/ 100g,False,zehrs,0.0277,g,6.99
dairy_and_eggs,President's Choice,Plain Skyr Icelandic Style 4% M.F. Yogurt,President's ChoicePlain Skyr Icelandic Style 4% M.F. Yogurt500 g,$5.99ea,,$1.20/ 100g,False,zehrs,0.012,g,5.99
dairy_and_eggs,Gay Lea,"Real Whipped Cream, Light","Gay LeaReal Whipped Cream, Light225 g",$4.49ea,,$2.00/ 100g,False,zehrs,0.02,g,4.49
dairy_and_eggs,Liberte,Greek Strawberry 2% MF Yogurt ,LiberteGreek Strawberry 2% MF Yogurt 750 g,$6.49ea,$4.99ea,$0.67/ 100g,True,zehrs,0.0067,g,4.99
dairy_and_eggs,Organic Meadow,"Kéfir, Plain","Organic MeadowKéfir, Plain1 l",$6.99ea,,$0.70/ 100ml,False,zehrs,0.006999999999999999,ml,6.99
dairy_and_eggs,Yoplait,Lactose Free Mango,YoplaitLactose Free Mango200 ml,$1.69ea,,$0.85/ 100ml,False,zehrs,0.0085,ml,1.69
dairy_and_eggs,Organic Meadow,"Whipping Cream, 35%","Organic MeadowWhipping Cream, 35%500 ml",$7.99ea,,$1.60/ 100ml,False,zehrs,0.016,ml,7.99
dairy_and_eggs,Natrel,3.25% Lactose Free Enriched Milk,Natrel3.25% Lactose Free Enriched Milk2 l,$6.59ea,,$0.33/ 100ml,False,zehrs,0.0033,ml,6.59
dairy_and_eggs,Gay Lea,"Sour Cream, Fat Free 1%","Gay LeaSour Cream, Fat Free 1%500 ml",$3.99ea,,$0.80/ 100ml,False,zehrs,0.008,ml,3.99
dairy_and_eggs,Neilson,Trutaste Lactose Free Skim Milk,NeilsonTrutaste Lactose Free Skim Milk1 l,$4.49ea,,$0.45/ 100ml,False,zehrs,0.0045000000000000005,ml,4.49
dairy_and_eggs,Black Diamond,Cheese Sauce 4 Cheese,Black DiamondCheese Sauce 4 Cheese300 g,$7.29ea,,$2.43/ 100g,False,zehrs,0.024300000000000002,g,7.29
dairy_and_eggs,Oikos,"Extra Creamy Greek Yogurt, Blueberry, Blended, 9% M.F.","OikosExtra Creamy Greek Yogurt, Blueberry, Blended, 9% M.F.650 g",$6.49ea,,$1.00/ 100g,False,zehrs,0.01,g,6.49
dairy_and_eggs,Oikos,"Greek Yogurt, Variety Pack, Raspberry-Pomegranate / Key Lime / Vanilla / Strawberry Banana, Blended 2% M.F.","OikosGreek Yogurt, Variety Pack, Raspberry-Pomegranate / Key Lime / Vanilla / Strawberry Banana, Blended 2% M.F.12x100.0 g",$10.99ea,,$0.92/ 100g,False,zehrs,0.0092,g,10.99
dairy_and_eggs,Liberte,Greek Crunch Coconut Yogurt Dark Chocolate & Honey Roasted Almonds 2% MF,LiberteGreek Crunch Coconut Yogurt Dark Chocolate & Honey Roasted Almonds 2% MF2x130.0 g,$5.29ea,,$2.03/ 100g,False,zehrs,0.0203,g,5.29
dairy_and_eggs,Black Diamond,Cheddar Coloured Old,Black DiamondCheddar Coloured Old400 g,$6.99ea,,$1.75/ 100g,False,zehrs,0.0175,g,6.99
dairy_and_eggs,IOGO,"Lactose Free Yogurt, Vanilla 1.5%","IOGOLactose Free Yogurt, Vanilla 1.5%650 g",$4.29ea,,$0.66/ 100g,False,zehrs,0.0066,g,4.29
dairy_and_eggs,Activia,"Yogurt With Probiotics, Cherry Flavour","ActiviaYogurt With Probiotics, Cherry Flavour650 g",$3.99ea,,$0.61/ 100g,False,zehrs,0.0060999999999999995,g,3.99
dairy_and_eggs,Woolwich,Homogenized Goat Milk 3.25%MF  ,WoolwichHomogenized Goat Milk 3.25%MF  4 l,$11.49ea,,$0.29/ 100ml,False,zehrs,0.0029,ml,11.49
dairy_and_eggs,Gay Lea,"Nordica On-The-Go Cottage Cheese, Plain","Gay LeaNordica On-The-Go Cottage Cheese, Plain4x113.0 g",$5.79ea,,$1.28/ 100g,False,zehrs,0.0128,g,5.79
dairy_and_eggs,President's Choice,Raspberry Pomegranate 2% M.F. Greek Yogurt,President's ChoiceRaspberry Pomegranate 2% M.F. Greek Yogurt4x100.0 g,$3.79ea,,$0.95/ 100g,False,zehrs,0.0095,g,3.79
dairy_and_eggs,No Name,Shredded Mozzarella Cheese,No NameShredded Mozzarella Cheese900 g,$14.99ea,,$1.67/ 100g,False,zehrs,0.0167,g,14.99
dairy_and_eggs,Activia,"Yogurt With Probiotics, Fat Free 0% Mf, Vanilla Flavour","ActiviaYogurt With Probiotics, Fat Free 0% Mf, Vanilla Flavour650 g",$3.99ea,,$0.61/ 100g,False,zehrs,0.0060999999999999995,g,3.99
dairy_and_eggs,President's Choice,Plain 3% M.F. Yogurt,President's ChoicePlain 3% M.F. Yogurt750 g,$3.49ea,,$0.47/ 100g,False,zehrs,0.004699999999999999,g,3.49
dairy_and_eggs,President's Choice,Black Cherry Skyr Icelandic Style 4% M.F. Yogurt,President's ChoiceBlack Cherry Skyr Icelandic Style 4% M.F. Yogurt500 g,$5.99ea,,$1.20/ 100g,False,zehrs,0.012,g,5.99
dairy_and_eggs,PC Organics,Organic Free-Range Brown Eggs,PC OrganicsOrganic Free-Range Brown Eggs12 eggs,$7.69ea,,$0.64/ 1ea,False,zehrs,0.64,,7.69
dairy_and_eggs,President's Choice,Blueberry Fruit On The Bottom 0% M.F. Greek Yogurt,President's ChoiceBlueberry Fruit On The Bottom 0% M.F. Greek Yogurt4x100.0 g,$3.79ea,,$0.95/ 100g,False,zehrs,0.0095,g,3.79
dairy_and_eggs,President's Choice,Gluten Free Pie Crust,President's ChoiceGluten Free Pie Crust380 g,$6.99ea,,$1.84/ 100g,False,zehrs,0.0184,g,6.99
dairy_and_eggs,Natrel,2% Lactose Free Chocolate Enriched Milk,Natrel2% Lactose Free Chocolate Enriched Milk2 l,$7.19ea,,$0.36/ 100ml,False,zehrs,0.0036,ml,7.19
dairy_and_eggs,Forager Project,Cashew Yogurt Alternative Unsweetened Vanilla Bean,Forager ProjectCashew Yogurt Alternative Unsweetened Vanilla Bean680 g,$10.99ea,,$1.62/ 100g,False,zehrs,0.016200000000000003,g,10.99
dairy_and_eggs,Cracker Barrel,Shreds 3 Cheese Mexicana,Cracker BarrelShreds 3 Cheese Mexicana320 g,$7.79ea,,$2.43/ 100g,False,zehrs,0.024300000000000002,g,7.79
dairy_and_eggs,Neilson,TruTaste Skim Milk,NeilsonTruTaste Skim Milk4 l,$6.29ea,,$0.16/ 100ml,False,zehrs,0.0016,ml,6.29
dairy_and_eggs,International Delight,"Caramel Waffle Cookie, Limited Edition Coffee Creamer","International DelightCaramel Waffle Cookie, Limited Edition Coffee Creamer946 ml",$5.99ea,,$0.63/ 100ml,False,zehrs,0.0063,ml,5.99
dairy_and_eggs,Lactantia,"My Country Butter, Unsalted","LactantiaMy Country Butter, Unsalted454 g",$8.29ea,,$1.83/ 100g,False,zehrs,0.0183,g,8.29
dairy_and_eggs,IOGO,3.2% Canadian Harvest Cherry Yogurt,IOGO3.2% Canadian Harvest Cherry Yogurt650 g,$4.49ea,,$0.69/ 100g,False,zehrs,0.0069,g,4.49
dairy_and_eggs,International Delight,"Zero Sugar Hazelnut Coffee Creamer,","International DelightZero Sugar Hazelnut Coffee Creamer,946 ml",$5.99ea,,$0.63/ 100ml,False,zehrs,0.0063,ml,5.99
dairy_and_eggs,Gay Lea,Grass Fed Salted Butter,Gay LeaGrass Fed Salted Butter250 g,$7.49ea,$6.49ea,$2.60/ 100g,True,zehrs,0.026000000000000002,g,6.49
dairy_and_eggs,No Name,2% M.F. Cottage Cheese ,No Name2% M.F. Cottage Cheese 750 g,$5.99ea,,$0.80/ 100g,False,zehrs,0.008,g,5.99
dairy_and_eggs,Kiri,Cream Cheese,KiriCream Cheese144 g,$5.99ea,,$4.16/ 100g,False,zehrs,0.0416,g,5.99
dairy_and_eggs,Yoso,Yoats Yogurt Alternative Oat Vanilla,YosoYoats Yogurt Alternative Oat Vanilla440 g,$6.49ea,,$1.48/ 100g,False,zehrs,0.0148,g,6.49
dairy_and_eggs,Saputo,Lactose Free Mozzarellissima,SaputoLactose Free Mozzarellissima500 g,$9.29ea,,$1.86/ 100g,False,zehrs,0.018600000000000002,g,9.29
dairy_and_eggs,No Name,Shredded Medium Cheddar,No NameShredded Medium Cheddar320 g,$5.99ea,,$1.87/ 100g,False,zehrs,0.0187,g,5.99
dairy_and_eggs,Activia,"Yogurt With Probiotics, Strawberry, Raspberry, Vanilla, Blueberry Flavour, 24XG","ActiviaYogurt With Probiotics, Strawberry, Raspberry, Vanilla, Blueberry Flavour, 24XG24x100.0 g",$13.99ea,,$0.58/ 100g,False,zehrs,0.0058,g,13.99
dairy_and_eggs,PC Organics,Organic Milk,PC OrganicsOrganic Milk1 l,$4.59ea,,$0.46/ 100ml,False,zehrs,0.0046,ml,4.59
dairy_and_eggs,Vegenaise,Organic Dressing and Sandwich Spread,VegenaiseOrganic Dressing and Sandwich Spread473 ml,$8.49ea,,$1.79/ 100ml,False,zehrs,0.0179,ml,8.49
dairy_and_eggs,No Name,75% Vegetable Oil Margarine,No Name75% Vegetable Oil Margarine454 g,$3.49ea,,$0.77/ 100g,False,zehrs,0.0077,g,3.49
dairy_and_eggs,Neilson,Table Cream,NeilsonTable Cream1 l,$6.99ea,,$0.70/ 100ml,False,zehrs,0.006999999999999999,ml,6.99
dairy_and_eggs,Astro,Balkan Yogourt Raspberry White Chocolate 6% M.F.,AstroBalkan Yogourt Raspberry White Chocolate 6% M.F.500 g,$4.79ea,,$0.96/ 100g,False,zehrs,0.0096,g,4.79
dairy_and_eggs,Cracker Barrel,Shreds Mozzarella,Cracker BarrelShreds Mozzarella320 g,$7.79ea,,$2.43/ 100g,False,zehrs,0.024300000000000002,g,7.79
dairy_and_eggs,Sweet Loren's,Gluten Free Cookie Fudgy Brownie,Sweet Loren'sGluten Free Cookie Fudgy Brownie340 g,$8.29ea,,$2.44/ 100g,False,zehrs,0.024399999999999998,g,8.29
dairy_and_eggs,Yoplait,Yop Drinkable Yogurt Coconut Flavour,YoplaitYop Drinkable Yogurt Coconut Flavour200 ml,$1.69ea,,$0.85/ 100ml,False,zehrs,0.0085,ml,1.69
dairy_and_eggs,Neilson,"Chocolate Milk, 25% Less Sugar","NeilsonChocolate Milk, 25% Less Sugar1 l",$3.49ea,,$0.35/ 100ml,False,zehrs,0.0034999999999999996,ml,3.49
dairy_and_eggs,The A2 Milk Company,3.25% M.F. Homogenized Milk,The A2 Milk Company3.25% M.F. Homogenized Milk2 l,$5.49ea,,$0.27/ 100ml,False,zehrs,0.0027,ml,5.49
dairy_and_eggs,Activia,"Yogurt With Probioticsactose Free, Vanilla, Strawberry, Raspberry, Cherry Flavour","ActiviaYogurt With Probioticsactose Free, Vanilla, Strawberry, Raspberry, Cherry Flavour12x100.0 g",$6.49ea,,$0.54/ 100g,False,zehrs,0.0054,g,6.49
dairy_and_eggs,Nestle,Coffee Mate Turtles Liquid Coffee Enhancer,NestleCoffee Mate Turtles Liquid Coffee Enhancer946 ml,$6.49ea,,$0.69/ 100ml,False,zehrs,0.0069,ml,6.49
dairy_and_eggs,Milk 2 Go,Chocolate,Milk 2 GoChocolate473 ml,$2.69ea,$1.79ea,$0.38/ 100ml,True,zehrs,0.0038,ml,1.79
dairy_and_eggs,Oikos,"Fat Free Greek Yogurt, High Protein, Plain, 0% M.F.","OikosFat Free Greek Yogurt, High Protein, Plain, 0% M.F.650 g",$6.49ea,,$1.00/ 100g,False,zehrs,0.01,g,6.49
dairy_and_eggs,Yoplait,Yop Drinkable Yogurt Strawberry Flavour 1% M.F.,YoplaitYop Drinkable Yogurt Strawberry Flavour 1% M.F.6x200.0 ml,$6.99ea,,$0.58/ 100ml,False,zehrs,0.0058,ml,6.99
dairy_and_eggs,IOGO,"1.5% Lactose Free Cherry, Lemon, Vanilla, Blackberry-Blueberry Yogurt","IOGO1.5% Lactose Free Cherry, Lemon, Vanilla, Blackberry-Blueberry Yogurt16x100.0 g",$8.49ea,,$0.53/ 100g,False,zehrs,0.0053,g,8.49
dairy_and_eggs,No Name,Farmer's Marble Cheese ,No NameFarmer's Marble Cheese 200 g,$4.29ea,,$2.15/ 100g,False,zehrs,0.0215,g,4.29
dairy_and_eggs,Gay Lea,Gold Sour Cream 18%,Gay LeaGold Sour Cream 18%425 ml,$4.49ea,,$1.06/ 100ml,False,zehrs,0.0106,ml,4.49
dairy_and_eggs,Oikos,"Greek Yogurt, Vanilla Flavour, 2% M.F., Value Tub","OikosGreek Yogurt, Vanilla Flavour, 2% M.F., Value Tub750 g",$6.49ea,,$0.87/ 100g,False,zehrs,0.0087,g,6.49
dairy_and_eggs,PC Organics,Organic Fresh Skim Milk,PC OrganicsOrganic Fresh Skim Milk2 l,$6.89ea,,$0.34/ 100ml,False,zehrs,0.0034000000000000002,ml,6.89
dairy_and_eggs,President's Choice,Vanilla Skyr Icelandic Style 4% M.F. Yogurt,President's ChoiceVanilla Skyr Icelandic Style 4% M.F. Yogurt500 g,$5.99ea,,$1.20/ 100g,False,zehrs,0.012,g,5.99
dairy_and_eggs,Baileys,Original Irish Cream,BaileysOriginal Irish Cream400 ml,$2.49ea,,$0.62/ 100ml,False,zehrs,0.0062,ml,2.49
dairy_and_eggs,Neilson,2% Milk,Neilson2% Milk237 ml,$2.09ea,,$0.88/ 100ml,False,zehrs,0.0088,ml,2.09
dairy_and_eggs,No Name,Shredded Medium Cheddar Cheese,No NameShredded Medium Cheddar Cheese900 g,$14.99ea,,$1.67/ 100g,False,zehrs,0.0167,g,14.99
dairy_and_eggs,PC Organics,Organic Skim Milk,PC OrganicsOrganic Skim Milk4 l,$10.39ea,,$0.26/ 100ml,False,zehrs,0.0026,ml,10.39
dairy_and_eggs,President's Choice,Plain Kefir Probiotic Fermented 1% M.F. Milk,President's ChoicePlain Kefir Probiotic Fermented 1% M.F. Milk1 l,$4.79ea,,$0.48/ 100ml,False,zehrs,0.0048,ml,4.79
dairy_and_eggs,President's Choice,Lactose Free Plain Greek Yogurt,President's ChoiceLactose Free Plain Greek Yogurt908 g,$6.49ea,,$0.71/ 100g,False,zehrs,0.0070999999999999995,g,6.49
dairy_and_eggs,Liberte,Kéfir 1% MF Strawberry,LiberteKéfir 1% MF Strawberry1000 ml,$5.50ea,$4.99ea,$0.50/ 100ml,True,zehrs,0.005,ml,4.99
dairy_and_eggs,Sweet Loren's,Gluten Free Cookie Chocolate Chunk,Sweet Loren'sGluten Free Cookie Chocolate Chunk340 g,$8.29ea,,$2.44/ 100g,False,zehrs,0.024399999999999998,g,8.29
dairy_and_eggs,Oikos,"High Protein Greek Yogurt, Zesty Lemon & Lime Flavour, Blended, Value Tub","OikosHigh Protein Greek Yogurt, Zesty Lemon & Lime Flavour, Blended, Value Tub650 g",$6.49ea,,$1.00/ 100g,False,zehrs,0.01,g,6.49
dairy_and_eggs,Gay Lea,"Nordica Cottage Cheese, Light 1%","Gay LeaNordica Cottage Cheese, Light 1%500 g",$5.49ea,,$1.10/ 100g,False,zehrs,0.011000000000000001,g,5.49
dairy_and_eggs,Kraft,"Cheese, Process Product Extra Swiss","KraftCheese, Process Product Extra Swiss390 g",$6.99ea,,$1.79/ 100g,False,zehrs,0.0179,g,6.99
dairy_and_eggs,Neilson,"Flavoured Milk, Strawberry","NeilsonFlavoured Milk, Strawberry1 l",$3.49ea,,$0.35/ 100ml,False,zehrs,0.0034999999999999996,ml,3.49
dairy_and_eggs,Neilson,Trutaste Lactose Free Cream Half & Half 10% M.F.,NeilsonTrutaste Lactose Free Cream Half & Half 10% M.F.1 l,$3.99ea,,$0.40/ 100ml,False,zehrs,0.004,ml,3.99
dairy_and_eggs,Hans,Dairy 2% Natural Yogurt   ,HansDairy 2% Natural Yogurt   750 g,$2.79ea,,$0.37/ 100g,False,zehrs,0.0037,g,2.79
dairy_and_eggs,Neilson,Trutaste Chocolate Partly Skimmed Milk 1% M.F.,NeilsonTrutaste Chocolate Partly Skimmed Milk 1% M.F.2 l,$6.29ea,,$0.31/ 100ml,False,zehrs,0.0031,ml,6.29
dairy_and_eggs,No Name,Part Skim Mozzarella Cheese,No NamePart Skim Mozzarella Cheese200 g,$4.29ea,,$2.15/ 100g,False,zehrs,0.0215,g,4.29
dairy_and_eggs,Activia,Yogurt With Probioticsemon Pineapple Flavour,ActiviaYogurt With Probioticsemon Pineapple Flavour8x100.0 g,$6.69ea,,$0.84/ 100g,False,zehrs,0.0084,g,6.69
dairy_and_eggs,Lactantia,Organic 2% M.F.,LactantiaOrganic 2% M.F.1.5 l,$5.74ea,,$0.38/ 100ml,False,zehrs,0.0038,ml,5.74
dairy_and_eggs,Activia,"Probiotic Yogurt, Vanilla, 8 Pack","ActiviaProbiotic Yogurt, Vanilla, 8 Pack8x150.0 g",$6.49ea,,$0.54/ 100g,False,zehrs,0.0054,g,6.49
dairy_and_eggs,Black Diamond,Cheddar Old Coloured Shred,Black DiamondCheddar Old Coloured Shred320 g,$6.99ea,,$2.18/ 100g,False,zehrs,0.0218,g,6.99
dairy_and_eggs,President's Choice,0% M.F. Plain Skyr Yogurt,President's Choice0% M.F. Plain Skyr Yogurt908 g,$6.99ea,$6.49ea,$0.71/ 100g,True,zehrs,0.0070999999999999995,g,6.49
dairy_and_eggs,Organic Meadow,"Organic Cheese, Medium Cheddar","Organic MeadowOrganic Cheese, Medium Cheddar340 g",$12.99ea,,$3.82/ 100g,False,zehrs,0.0382,g,12.99
dairy_and_eggs,Oikos,"Fat Free Greek Yogurt, 30% Less Sugar, Vanilla Flavour, Blended","OikosFat Free Greek Yogurt, 30% Less Sugar, Vanilla Flavour, Blended750 g",$6.49ea,,$0.87/ 100g,False,zehrs,0.0087,g,6.49
dairy_and_eggs,President's Choice,0% M.F. Plain Skyr Yogurt,President's Choice0% M.F. Plain Skyr Yogurt908 g,$6.99ea,$6.49ea,$0.71/ 100g,True,zehrs,0.0070999999999999995,g,6.49
dairy_and_eggs,Oikos,"Fat Free Greek Yogurt, 30% Less Sugar, Vanilla Flavour, Blended","OikosFat Free Greek Yogurt, 30% Less Sugar, Vanilla Flavour, Blended750 g",$6.49ea,,$0.87/ 100g,False,zehrs,0.0087,g,6.49
dairy_and_eggs,Burnbrae Farms,Naturegg Free Run Egg Whites,Burnbrae FarmsNaturegg Free Run Egg Whites1 eggs,$5.29ea,,$1.06/ 100g,False,zehrs,0.0106,g,5.29
dairy_and_eggs,Tofutti,"Cheese, Better Than Cream, Garlic & Herb","TofuttiCheese, Better Than Cream, Garlic & Herb227 g",$4.99ea,,$2.20/ 100g,False,zehrs,0.022000000000000002,g,4.99
dairy_and_eggs,International Delight,"White Chocolate Mocha, Zero Sugar Coffee Creamer, Limited Edition","International DelightWhite Chocolate Mocha, Zero Sugar Coffee Creamer, Limited Edition946 ml",$5.99ea,,$0.63/ 100ml,False,zehrs,0.0063,ml,5.99
dairy_and_eggs,Kraft,Velveeta Original Thin Slices,KraftVelveeta Original Thin Slices410 g,$5.99ea,,$1.46/ 100g,False,zehrs,0.0146,g,5.99
dairy_and_eggs,Danone,"Creamy Yogurt Variety Pack, Strawberry, Peach, Raspberry Flavour, 16 Count","DanoneCreamy Yogurt Variety Pack, Strawberry, Peach, Raspberry Flavour, 16 Count16x100.0 g",$8.49ea,$6.99ea,$0.44/ 100g,True,zehrs,0.0044,g,6.99
dairy_and_eggs,Yoplait,Source Blueberry/Strawberry/Blackberry/Nectarine  0% MF Yogurt,YoplaitSource Blueberry/Strawberry/Blackberry/Nectarine  0% MF Yogurt16x100.0 g,$6.49ea,,$0.41/ 100g,False,zehrs,0.0040999999999999995,g,6.49
dairy_and_eggs,Liberte,Méditerranée Lemon 9% MF Yogurt,LiberteMéditerranée Lemon 9% MF Yogurt500 g,$5.79ea,,$1.16/ 100g,False,zehrs,0.0116,g,5.79
dairy_and_eggs,President's Choice,Lactose Free Margarine,President's ChoiceLactose Free Margarine454 g,$4.79ea,,$1.06/ 100g,False,zehrs,0.0106,g,4.79
dairy_and_eggs,Heluva,Caramelized Onion Dip,HeluvaCaramelized Onion Dip250 g,$4.49ea,,$1.80/ 100g,False,zehrs,0.018000000000000002,g,4.49
dairy_and_eggs,International Delight,"French Vanilla Flavoured Coffee Creamer, 63 Servings","International DelightFrench Vanilla Flavoured Coffee Creamer, 63 Servings946 ml",$5.99ea,,$0.63/ 100ml,False,zehrs,0.0063,ml,5.99
dairy_and_eggs,Parmalat,Yogourt Plain 2% M.F.,ParmalatYogourt Plain 2% M.F.750 g,$3.49ea,,$0.47/ 100g,False,zehrs,0.004699999999999999,g,3.49
dairy_and_eggs,PC Organics,Organic Partly Skimmed 2% Milk,PC OrganicsOrganic Partly Skimmed 2% Milk2 l,$6.89ea,,$0.34/ 100ml,False,zehrs,0.0034000000000000002,ml,6.89
dairy_and_eggs,Neilson,1% Partly Skimmed Milk,Neilson1% Partly Skimmed Milk2 l,$4.99ea,,$0.25/ 100ml,False,zehrs,0.0025,ml,4.99
dairy_and_eggs,Neilson,"Flavoured Milk, Chocolate","NeilsonFlavoured Milk, Chocolate4 l",$7.99ea,,$0.20/ 100ml,False,zehrs,0.002,ml,7.99
dairy_and_eggs,Pillsbury,Reese Cookie Dough,PillsburyReese Cookie Dough454 g,$4.49ea,,$0.99/ 100g,False,zehrs,0.009899999999999999,g,4.49
dairy_and_eggs,Neilson,2% Milk,Neilson2% Milk237 ml,$2.09ea,,$0.88/ 100ml,False,zehrs,0.0088,ml,2.09
dairy_and_eggs,No Name,Farmer's Marble Cheese ,No NameFarmer's Marble Cheese 200 g,$4.29ea,,$2.15/ 100g,False,zehrs,0.0215,g,4.29
dairy_and_eggs,Gay Lea,Gold Sour Cream 18%,Gay LeaGold Sour Cream 18%425 ml,$4.49ea,,$1.06/ 100ml,False,zehrs,0.0106,ml,4.49
dairy_and_eggs,Oikos,"Greek Yogurt, Vanilla Flavour, 2% M.F., Value Tub","OikosGreek Yogurt, Vanilla Flavour, 2% M.F., Value Tub750 g",$6.49ea,,$0.87/ 100g,False,zehrs,0.0087,g,6.49
dairy_and_eggs,PC Organics,Organic Fresh Skim Milk,PC OrganicsOrganic Fresh Skim Milk2 l,$6.89ea,,$0.34/ 100ml,False,zehrs,0.0034000000000000002,ml,6.89
dairy_and_eggs,President's Choice,Vanilla Skyr Icelandic Style 4% M.F. Yogurt,President's ChoiceVanilla Skyr Icelandic Style 4% M.F. Yogurt500 g,$5.99ea,,$1.20/ 100g,False,zehrs,0.012,g,5.99
dairy_and_eggs,Baileys,Original Irish Cream,BaileysOriginal Irish Cream400 ml,$2.49ea,,$0.62/ 100ml,False,zehrs,0.0062,ml,2.49
dairy_and_eggs,No Name,Shredded Medium Cheddar Cheese,No NameShredded Medium Cheddar Cheese900 g,$14.99ea,,$1.67/ 100g,False,zehrs,0.0167,g,14.99
dairy_and_eggs,PC Organics,Organic Skim Milk,PC OrganicsOrganic Skim Milk4 l,$10.39ea,,$0.26/ 100ml,False,zehrs,0.0026,ml,10.39
dairy_and_eggs,President's Choice,Plain Kefir Probiotic Fermented 1% M.F. Milk,President's ChoicePlain Kefir Probiotic Fermented 1% M.F. Milk1 l,$4.79ea,,$0.48/ 100ml,False,zehrs,0.0048,ml,4.79
dairy_and_eggs,Liberte,Kéfir 1% MF Strawberry,LiberteKéfir 1% MF Strawberry1000 ml,$5.50ea,$4.99ea,$0.50/ 100ml,True,zehrs,0.005,ml,4.99
dairy_and_eggs,Gay Lea,"Nordica Cottage Cheese, Light 1%","Gay LeaNordica Cottage Cheese, Light 1%500 g",$5.49ea,,$1.10/ 100g,False,zehrs,0.011000000000000001,g,5.49
dairy_and_eggs,President's Choice,Lactose Free Plain Greek Yogurt,President's ChoiceLactose Free Plain Greek Yogurt908 g,$6.49ea,,$0.71/ 100g,False,zehrs,0.0070999999999999995,g,6.49
dairy_and_eggs,No Name,Medium Cheddar Cheese,No NameMedium Cheddar Cheese700 g,$9.79ea,,$1.40/ 100g,False,zehrs,0.013999999999999999,g,9.79
dairy_and_eggs,Activia,"Probiotic Yogurt With Fibre, Vanilla Flavour With Oats, Almonds, Pumpkin Seeds And Dried Cranberries, 3 Pack","ActiviaProbiotic Yogurt With Fibre, Vanilla Flavour With Oats, Almonds, Pumpkin Seeds And Dried Cranberries, 3 Pack3x150.0 g",$6.69ea,,$1.49/ 100g,False,zehrs,0.0149,g,6.69
dairy_and_eggs,PC Organics,Organic Partly Skimmed 2% Milk,PC OrganicsOrganic Partly Skimmed 2% Milk4 l,$10.39ea,,$0.26/ 100ml,False,zehrs,0.0026,ml,10.39
dairy_and_eggs,Neilson,1% Buttermilk,Neilson1% Buttermilk2 l,$5.59ea,,$0.28/ 100ml,False,zehrs,0.0028000000000000004,ml,5.59
dairy_and_eggs,Rolling Meadow,"Yogurt, Plain 2%","Rolling MeadowYogurt, Plain 2%500 g",$3.99ea,,$0.80/ 100g,False,zehrs,0.008,g,3.99
dairy_and_eggs,President's Choice,Coconut 0% M.F. Greek Yogurt ,President's ChoiceCoconut 0% M.F. Greek Yogurt 500 g,$5.99ea,,$1.20/ 100g,False,zehrs,0.012,g,5.99
dairy_and_eggs,Yoplait,Vanilla Yogurt,YoplaitVanilla Yogurt200 ml,$1.69ea,,$0.85/ 100ml,False,zehrs,0.0085,ml,1.69
dairy_and_eggs,Cracker Barrel,Bar Old Cheddar Light,Cracker BarrelBar Old Cheddar Light400 g,$9.29ea,,$2.32/ 100g,False,zehrs,0.0232,g,9.29
dairy_and_eggs,Woolwich,Partially Skimmed Goat Milk 2%,WoolwichPartially Skimmed Goat Milk 2%1 l,$4.59ea,,$0.46/ 100ml,False,zehrs,0.0046,ml,4.59
dairy_and_eggs,No Name,Cheddar Flavour Processed Cheese Product Slices,No NameCheddar Flavour Processed Cheese Product Slices800 g,$6.99ea,,$0.87/ 100g,False,zehrs,0.0087,g,6.99
dairy_and_eggs,Cracker Barrel,Shredded Part Skim Pizza Mozzarella Cheese Mozza 17 % M.F.,Cracker BarrelShredded Part Skim Pizza Mozzarella Cheese Mozza 17 % M.F.320 g,$7.79ea,,$2.43/ 100g,False,zehrs,0.024300000000000002,g,7.79
dairy_and_eggs,Goldegg,"Omega 3 White Eggs, Extra Large","GoldeggOmega 3 White Eggs, Extra Large12 eggs",$6.79ea,,$0.57/ 1ea,False,zehrs,0.57,,6.79
dairy_and_eggs,Milk 2 Go,"Milk, Chocolate Partly Skimmed 1 % M.F.","Milk 2 GoMilk, Chocolate Partly Skimmed 1 % M.F.310 ml",$1.00ea,,$0.32/ 100ml,False,zehrs,0.0032,ml,1.00
dairy_and_eggs,Kraft,"Cheese, Process Product Extra Cheddar","KraftCheese, Process Product Extra Cheddar390 g",$6.99ea,,$1.79/ 100g,False,zehrs,0.0179,g,6.99
dairy_and_eggs,Gay Lea,"Butter Sticks, Unsalted","Gay LeaButter Sticks, Unsalted454 g",$8.49ea,,$1.87/ 100g,False,zehrs,0.0187,g,8.49
dairy_and_eggs,Neilson,Trutaste Chocolate Partly Skimmed Milk 1% M.F.,NeilsonTrutaste Chocolate Partly Skimmed Milk 1% M.F.2 l,$6.29ea,,$0.31/ 100ml,False,zehrs,0.0031,ml,6.29
dairy_and_eggs,No Name,Part Skim Mozzarella Cheese,No NamePart Skim Mozzarella Cheese200 g,$4.29ea,,$2.15/ 100g,False,zehrs,0.0215,g,4.29
dairy_and_eggs,Oikos,"Extra Creamy Greek Yogurt, Extra Creamy Plain 11%","OikosExtra Creamy Greek Yogurt, Extra Creamy Plain 11%750 g",$6.49ea,,$0.87/ 100g,False,zehrs,0.0087,g,6.49
dairy_and_eggs,Neilson,1% Buttermilk,Neilson1% Buttermilk2 l,$5.59ea,,$0.28/ 100ml,False,zehrs,0.0028000000000000004,ml,5.59
dairy_and_eggs,No Name,Medium Cheddar Cheese,No NameMedium Cheddar Cheese700 g,$9.79ea,,$1.40/ 100g,False,zehrs,0.013999999999999999,g,9.79
dairy_and_eggs,Activia,"Probiotic Yogurt With Fibre, Vanilla Flavour With Oats, Almonds, Pumpkin Seeds And Dried Cranberries, 3 Pack","ActiviaProbiotic Yogurt With Fibre, Vanilla Flavour With Oats, Almonds, Pumpkin Seeds And Dried Cranberries, 3 Pack3x150.0 g",$6.69ea,,$1.49/ 100g,False,zehrs,0.0149,g,6.69
dairy_and_eggs,No Name,Pie Shells,No NamePie Shells350 g,$3.99ea,,$1.14/ 100g,False,zehrs,0.011399999999999999,g,3.99
dairy_and_eggs,Danone,"Two Good Greek Yogurt, Raspberry Yogurt 4 Pack, Blended, 2% MF","DanoneTwo Good Greek Yogurt, Raspberry Yogurt 4 Pack, Blended, 2% MF380 g",$4.49ea,$3.99ea,$1.05/ 100g,True,zehrs,0.0105,g,3.99
dairy_and_eggs,Black Diamond,Lactose Free Sliced Marble Cheese ,Black DiamondLactose Free Sliced Marble Cheese 220 g,$6.99ea,,$3.18/ 100g,False,zehrs,0.0318,g,6.99
dairy_and_eggs,No Name,Light Marble Cheddar Cheese 19% M.F.,No NameLight Marble Cheddar Cheese 19% M.F.700 g,$9.79ea,,$1.40/ 100g,False,zehrs,0.013999999999999999,g,9.79
dairy_and_eggs,Gay Lea,Butter Grass Fed Unsalted ,Gay LeaButter Grass Fed Unsalted 250 g,$7.49ea,$6.49ea,$2.60/ 100g,True,zehrs,0.026000000000000002,g,6.49
dairy_and_eggs,Nestle,Rolo Milkshake,NestleRolo Milkshake473 ml,$3.15ea,$1.79ea,$0.38/ 100ml,True,zehrs,0.0038,ml,1.79
dairy_and_eggs,Activia,Yogurt With Probioticsemon Flavour,ActiviaYogurt With Probioticsemon Flavour650 g,$3.99ea,,$0.61/ 100g,False,zehrs,0.0060999999999999995,g,3.99
dairy_and_eggs,Pillsbury,Crescents Flaky Rolls,PillsburyCrescents Flaky Rolls340 g,$4.29ea,,$1.26/ 100g,False,zehrs,0.0126,g,4.29
dairy_and_eggs,Oikos,"Greek Yogurt, Banana Flavour, Blended, 2% Mf, 4X100G","OikosGreek Yogurt, Banana Flavour, Blended, 2% Mf, 4X100G4x100.0 g",$4.79ea,,$1.20/ 100g,False,zehrs,0.012,g,4.79
dairy_and_eggs,Pillsbury,Country Biscuits,PillsburyCountry Biscuits340 g,$4.29ea,,$1.26/ 100g,False,zehrs,0.0126,g,4.29
dairy_and_eggs,Astro,"Biobest Probiotic Yogurt, Plain","AstroBiobest Probiotic Yogurt, Plain750 g",$4.79ea,,$0.64/ 100g,False,zehrs,0.0064,g,4.79
dairy_and_eggs,Gay Lea,"Butter Sticks, Unsalted","Gay LeaButter Sticks, Unsalted454 g",$8.49ea,,$1.87/ 100g,False,zehrs,0.0187,g,8.49
dairy_and_eggs,Black Diamond,Old Cheddar Cheese + Sea-Salted Roasted Cashews & Cherry Infused Dried Cranberries,Black DiamondOld Cheddar Cheese + Sea-Salted Roasted Cashews & Cherry Infused Dried Cranberries127.6 g,$5.49ea,,$4.30/ 100g,False,zehrs,0.043,g,5.49
dairy_and_eggs,President's Choice,Oatmeal Chocolate Chip Cookie Dough,President's ChoiceOatmeal Chocolate Chip Cookie Dough468 g,$4.49ea,,$0.96/ 100g,False,zehrs,0.0096,g,4.49
dairy_and_eggs,Burnbrae Farms,Naturegg Free Run Egg Whites,Burnbrae FarmsNaturegg Free Run Egg Whites1 eggs,$5.29ea,,$1.06/ 100g,False,zehrs,0.0106,g,5.29
dairy_and_eggs,Kraft,"Cheese, Process Product Extra Cheddar","KraftCheese, Process Product Extra Cheddar390 g",$6.99ea,,$1.79/ 100g,False,zehrs,0.0179,g,6.99
dairy_and_eggs,Pillsbury,Reese Cookie Dough,PillsburyReese Cookie Dough454 g,$4.49ea,,$0.99/ 100g,False,zehrs,0.009899999999999999,g,4.49
dairy_and_eggs,Gay Lea,"Nordica Cottage Cheese, Fat Free","Gay LeaNordica Cottage Cheese, Fat Free500 g",$5.49ea,,$1.10/ 100g,False,zehrs,0.011000000000000001,g,5.49
dairy_and_eggs,Nestle,Coffee Mate Liquid Creamer Caramel Macchiato,NestleCoffee Mate Liquid Creamer Caramel Macchiato946 ml,$6.49ea,,$0.69/ 100ml,False,zehrs,0.0069,ml,6.49
dairy_and_eggs,President's Choice,Vanilla Skyr Icelandic Style 0% M.F. Yogurt,President's ChoiceVanilla Skyr Icelandic Style 0% M.F. Yogurt500 g,$5.99ea,,$1.20/ 100g,False,zehrs,0.012,g,5.99
dairy_and_eggs,The A2 Milk Company,1% M.F. Partly Skimmed Milk,The A2 Milk Company1% M.F. Partly Skimmed Milk2 l,$5.49ea,,$0.27/ 100ml,False,zehrs,0.0027,ml,5.49
dairy_and_eggs,President's Choice,Strawberry Kefir Probiotic Fermented 1% M.F. Milk,President's ChoiceStrawberry Kefir Probiotic Fermented 1% M.F. Milk1 l,$4.79ea,,$0.48/ 100ml,False,zehrs,0.0048,ml,4.79
dairy_and_eggs,Organic Meadow,Cottage Cheese,Organic MeadowCottage Cheese500 g,$8.99ea,,$1.80/ 100g,False,zehrs,0.018000000000000002,g,8.99
dairy_and_eggs,Neilson,Homogenized Milk 3.25%,NeilsonHomogenized Milk 3.25%473 ml,$2.79ea,,$0.59/ 100ml,False,zehrs,0.0059,ml,2.79
dairy_and_eggs,President's Choice,Tre Formaggi Shredded Cheese Blend,President's ChoiceTre Formaggi Shredded Cheese Blend320 g,$6.49ea,,$2.03/ 100g,False,zehrs,0.0203,g,6.49
dairy_and_eggs,Armstrong,Combos - Mozzarella & Naturally Smoked Salami Sticks,ArmstrongCombos - Mozzarella & Naturally Smoked Salami Sticks180 g,$6.49ea,,$3.61/ 100g,False,zehrs,0.0361,g,6.49
dairy_and_eggs,Activia,"Yogurt With Probioticsactose-Free, Vanilla Flavour","ActiviaYogurt With Probioticsactose-Free, Vanilla Flavour650 g",$3.99ea,,$0.61/ 100g,False,zehrs,0.0060999999999999995,g,3.99
dairy_and_eggs,President's Choice,Key Lime 2% M.F. Greek Yogurt ,President's ChoiceKey Lime 2% M.F. Greek Yogurt 4x100.0 g,$3.79ea,,$0.95/ 100g,False,zehrs,0.0095,g,3.79
dairy_and_eggs,Neilson,TruTaste Skim Milk,NeilsonTruTaste Skim Milk2 l,$4.99ea,,$0.25/ 100ml,False,zehrs,0.0025,ml,4.99
dairy_and_eggs,Gay Lea,Salted Butter,Gay LeaSalted Butter454 g,$7.79ea,,$1.72/ 100g,False,zehrs,0.0172,g,7.79
dairy_and_eggs,President's Choice,Jalapeno Greek Yogurt Dip,President's ChoiceJalapeno Greek Yogurt Dip227 g,$3.79ea,,$1.67/ 100g,False,zehrs,0.0167,g,3.79
dairy_and_eggs,Tre Stelle,Tre Stelle Cream Cheese Light    ,Tre StelleTre Stelle Cream Cheese Light    200 g,$4.49ea,,$2.25/ 100g,False,zehrs,0.0225,g,4.49
dairy_and_eggs,President's Choice,Vanilla Kefir,President's ChoiceVanilla Kefir1000 ml,$4.79ea,,$0.48/ 100ml,False,zehrs,0.0048,ml,4.79
dairy_and_eggs,Cracker Barrel,Cheese Sauce Kit Creamy Alfredo,Cracker BarrelCheese Sauce Kit Creamy Alfredo271 g,$7.99ea,,$2.95/ 100g,False,zehrs,0.029500000000000002,g,7.99
dairy_and_eggs,Organic Meadow,"Organic Yogurt, Plain 3.8%","Organic MeadowOrganic Yogurt, Plain 3.8%750 g",$6.99ea,,$0.93/ 100g,False,zehrs,0.009300000000000001,g,6.99
dairy_and_eggs,Black Diamond,Cheddar Coloured Mild,Black DiamondCheddar Coloured Mild400 g,$6.99ea,,$1.75/ 100g,False,zehrs,0.0175,g,6.99
dairy_and_eggs,No Name,14% M.F. Regular Sour Cream,No Name14% M.F. Regular Sour Cream250 ml,$2.79ea,,$1.12/ 100ml,False,zehrs,0.011200000000000002,ml,2.79
dairy_and_eggs,International Delight,Classic French Vanilla Coffee Creamer,International DelightClassic French Vanilla Coffee Creamer1.42 l,$8.99ea,,$0.63/ 100ml,False,zehrs,0.0063,ml,8.99
dairy_and_eggs,Green Valley,Brown Eggs Free Range Farm Large,Green ValleyBrown Eggs Free Range Farm Large12 ea,$7.49ea,,$0.62/ 1ea,False,zehrs,0.62,,7.49
dairy_and_eggs,President's Choice,Vanilla 0% M.F. Greek Yogurt,President's ChoiceVanilla 0% M.F. Greek Yogurt4x100.0 g,$3.79ea,,$0.95/ 100g,False,zehrs,0.0095,g,3.79
dairy_and_eggs,Liberte,Greek Yogourt Banana 0 % M.F.,LiberteGreek Yogourt Banana 0 % M.F.750 g,$6.49ea,$4.99ea,$0.67/ 100g,True,zehrs,0.0067,g,4.99
dairy_and_eggs,President's Choice,"Yogurt, Plant Based Cultured Oat Alternative Plain","President's ChoiceYogurt, Plant Based Cultured Oat Alternative Plain500 g",$3.99ea,,$0.80/ 100g,False,zehrs,0.008,g,3.99
dairy_and_eggs,Gay Lea,Spreadables Butter With Canola Oil,Gay LeaSpreadables Butter With Canola Oil227 g,$5.49ea,,$2.42/ 100g,False,zehrs,0.0242,g,5.49
dairy_and_eggs,IOGO,"Yogurt, Strawberry","IOGOYogurt, Strawberry2 kg",$10.99ea,,$5.50/ 1ea,False,zehrs,5.5,,10.99
dairy_and_eggs,Kraft,Singles Swiss Slices,KraftSingles Swiss Slices410 g,$5.99ea,,$1.46/ 100g,False,zehrs,0.0146,g,5.99
dairy_and_eggs,President's Choice,Tre Formaggi Shredded Cheese Blend,President's ChoiceTre Formaggi Shredded Cheese Blend320 g,$6.49ea,,$2.03/ 100g,False,zehrs,0.0203,g,6.49
dairy_and_eggs,Danone,"Yogurt Drink For Kids, Raspberry Flavour, Featuring Paw Patrol","DanoneYogurt Drink For Kids, Raspberry Flavour, Featuring Paw Patrol8x93.0 ml",$4.49ea,,$0.60/ 100ml,False,zehrs,0.006,ml,4.49
dairy_and_eggs,Gray Ridge,"White Eggs, Large","Gray RidgeWhite Eggs, Large6 eggs",$2.89ea,,$0.48/ 1ea,False,zehrs,0.48,,2.89
dairy_and_eggs,Neilson,Homogenized Milk 3.25%,NeilsonHomogenized Milk 3.25%473 ml,$2.79ea,,$0.59/ 100ml,False,zehrs,0.0059,ml,2.79
dairy_and_eggs,President's Choice,Power Fruit Skyr Icelandic Style 0% M.F. Yogurt,President's ChoicePower Fruit Skyr Icelandic Style 0% M.F. Yogurt4x100.0 g,$3.79ea,,$0.95/ 100g,False,zehrs,0.0095,g,3.79
dairy_and_eggs,Cracker Barrel,Shreds Italiano,Cracker BarrelShreds Italiano320 g,$7.79ea,,$2.43/ 100g,False,zehrs,0.024300000000000002,g,7.79
dairy_and_eggs,President's Choice,Black Cherry 0% M.F. Greek Yogurt ,President's ChoiceBlack Cherry 0% M.F. Greek Yogurt 4x100.0 g,$3.79ea,,$0.95/ 100g,False,zehrs,0.0095,g,3.79
dairy_and_eggs,Organic Meadow,Cottage Cheese,Organic MeadowCottage Cheese500 g,$8.99ea,,$1.80/ 100g,False,zehrs,0.018000000000000002,g,8.99
dairy_and_eggs,Cracker Barrel,Bar Mozzarella,Cracker BarrelBar Mozzarella400 g,$9.29ea,,$2.32/ 100g,False,zehrs,0.0232,g,9.29
dairy_and_eggs,Gay Lea,"Sour Cream, Regular 14%","Gay LeaSour Cream, Regular 14%250 ml",$3.29ea,,$1.32/ 100ml,False,zehrs,0.0132,ml,3.29
dairy_and_eggs,IOGO,"Yogurt, Strawberry","IOGOYogurt, Strawberry2 kg",$10.99ea,,$5.50/ 1ea,False,zehrs,5.5,,10.99
dairy_and_eggs,Chobani,Greek Vanilla Yogurt,ChobaniGreek Vanilla Yogurt907 g,$7.79ea,,$0.86/ 100g,False,zehrs,0.0086,g,7.79
dairy_and_eggs,President's Choice,Vanilla 0% M.F. Greek Yogurt,President's ChoiceVanilla 0% M.F. Greek Yogurt500 g,$5.99ea,,$1.20/ 100g,False,zehrs,0.012,g,5.99
dairy_and_eggs,Chobani,Greek Plain Yogurt 0% MF,ChobaniGreek Plain Yogurt 0% MF907 g,$7.79ea,,$0.86/ 100g,False,zehrs,0.0086,g,7.79
dairy_and_eggs,Oikos,"Fat Free Greek Yogurt, Plain, No Added Sugar Value Tub","OikosFat Free Greek Yogurt, Plain, No Added Sugar Value Tub750 g",$6.49ea,,$0.87/ 100g,False,zehrs,0.0087,g,6.49
dairy_and_eggs,President's Choice,Vanilla 0% M.F. Greek Yogurt,President's ChoiceVanilla 0% M.F. Greek Yogurt4x100.0 g,$3.79ea,,$0.95/ 100g,False,zehrs,0.0095,g,3.79
dairy_and_eggs,Gay Lea,Real Coconut Whipped Cream,Gay LeaReal Coconut Whipped Cream225 g,$4.49ea,,$2.00/ 100g,False,zehrs,0.02,g,4.49
dairy_and_eggs,Neilson,"Flavoured Milk, Chocolate","NeilsonFlavoured Milk, Chocolate1 l",$3.49ea,,$0.35/ 100ml,False,zehrs,0.0034999999999999996,ml,3.49
dairy_and_eggs,Gay Lea,Salted Butter,Gay LeaSalted Butter454 g,$7.79ea,,$1.72/ 100g,False,zehrs,0.0172,g,7.79
dairy_and_eggs,President's Choice,Jalapeno Greek Yogurt Dip,President's ChoiceJalapeno Greek Yogurt Dip227 g,$3.79ea,,$1.67/ 100g,False,zehrs,0.0167,g,3.79
dairy_and_eggs,Tre Stelle,Tre Stelle Cream Cheese Light    ,Tre StelleTre Stelle Cream Cheese Light    200 g,$4.49ea,,$2.25/ 100g,False,zehrs,0.0225,g,4.49
dairy_and_eggs,Organic Meadow,"Organic Yogurt, Plain 2%","Organic MeadowOrganic Yogurt, Plain 2%750 g",$6.99ea,,$0.93/ 100g,False,zehrs,0.009300000000000001,g,6.99
dairy_and_eggs,President's Choice,Vanilla Kefir,President's ChoiceVanilla Kefir1000 ml,$4.79ea,,$0.48/ 100ml,False,zehrs,0.0048,ml,4.79
dairy_and_eggs,Yoplait,Yop Drinkable Yogurt Peach Flavour 1% M.F.,YoplaitYop Drinkable Yogurt Peach Flavour 1% M.F.200 ml,$1.69ea,,$0.85/ 100ml,False,zehrs,0.0085,ml,1.69
dairy_and_eggs,President's Choice,Tex Mex Shredded Cheese Blend,President's ChoiceTex Mex Shredded Cheese Blend620 g,$12.49ea,,$2.01/ 100g,False,zehrs,0.020099999999999996,g,12.49
dairy_and_eggs,No Name,Cottage Cheese,No NameCottage Cheese250 g,$3.29ea,,$1.32/ 100g,False,zehrs,0.0132,g,3.29
dairy_and_eggs,Organic Meadow,"Organic Cheese, Mozzarella","Organic MeadowOrganic Cheese, Mozzarella340 g",$12.99ea,,$3.82/ 100g,False,zehrs,0.0382,g,12.99
dairy_and_eggs,Neilson,2% Milk,Neilson2% Milk473 ml,$2.59ea,,$0.55/ 100ml,False,zehrs,0.0055000000000000005,ml,2.59
dairy_and_eggs,President's Choice,Vanilla 2% M.F. Greek Yogurt,President's ChoiceVanilla 2% M.F. Greek Yogurt4x100.0 g,$3.79ea,,$0.95/ 100g,False,zehrs,0.0095,g,3.79
dairy_and_eggs,Liberte,Yogourt Orchard Peach 9 % M.F.,LiberteYogourt Orchard Peach 9 % M.F.4x100.0 g,$4.99ea,,$1.25/ 100g,False,zehrs,0.0125,g,4.99
dairy_and_eggs,Cracker Barrel,Cheese Sauce Kit Creamy Alfredo,Cracker BarrelCheese Sauce Kit Creamy Alfredo271 g,$7.99ea,,$2.95/ 100g,False,zehrs,0.029500000000000002,g,7.99
dairy_and_eggs,Organic Meadow,"Organic Yogurt, Plain 3.8%","Organic MeadowOrganic Yogurt, Plain 3.8%750 g",$6.99ea,,$0.93/ 100g,False,zehrs,0.009300000000000001,g,6.99
dairy_and_eggs,Liberte,Goat Milk 2%MF,LiberteGoat Milk 2%MF4 l,$12.99ea,,$0.32/ 100ml,False,zehrs,0.0032,ml,12.99
dairy_and_eggs,Yoso,Oat Unsweetened Yogurt Alternative,YosoOat Unsweetened Yogurt Alternative440 g,$6.49ea,,$1.48/ 100g,False,zehrs,0.0148,g,6.49
dairy_and_eggs,Liberte,Greek Lactose Free Yogurt Plain,LiberteGreek Lactose Free Yogurt Plain1000 g,$9.79ea,,$0.98/ 100g,False,zehrs,0.0098,g,9.79
dairy_and_eggs,President's Choice,Plain 0% M.F.  Greek Yogurt,President's ChoicePlain 0% M.F.  Greek Yogurt500 g,$5.99ea,,$1.20/ 100g,False,zehrs,0.012,g,5.99
dairy_and_eggs,Astro,Original Balkan Yogourt 4% M.F.,AstroOriginal Balkan Yogourt 4% M.F.12x100.0 g,$7.99ea,,$0.67/ 100g,False,zehrs,0.0067,g,7.99
dairy_and_eggs,Kraft,Velveeta Processed Cheese Loaf,KraftVelveeta Processed Cheese Loaf450 g,$8.29ea,,$1.84/ 100g,False,zehrs,0.0184,g,8.29
dairy_and_eggs,Neilson,TruTaste Skim Milk,NeilsonTruTaste Skim Milk2 l,$4.99ea,,$0.25/ 100ml,False,zehrs,0.0025,ml,4.99
dairy_and_eggs,IOGO,"Yogurt Tubes, Strawberry & Peach","IOGOYogurt Tubes, Strawberry & Peach8x60.0 g",$4.29ea,,$0.89/ 100g,False,zehrs,0.0089,g,4.29
dairy_and_eggs,Gay Lea,"Sour Cream, Low Fat 3%","Gay LeaSour Cream, Low Fat 3%500 ml",$3.99ea,,$0.80/ 100ml,False,zehrs,0.008,ml,3.99
dairy_and_eggs,International Delight,Classic Hazelnut Coffee Creamer,International DelightClassic Hazelnut Coffee Creamer1.42 l,$8.99ea,,$0.63/ 100ml,False,zehrs,0.0063,ml,8.99
dairy_and_eggs,Woolwich,Homogenized Goat Milk 3.25%MF  ,WoolwichHomogenized Goat Milk 3.25%MF  1 l,$4.59ea,,$0.46/ 100ml,False,zehrs,0.0046,ml,4.59
dairy_and_eggs,Neilson,1% Milk,Neilson1% Milk1 l,$3.39ea,,$0.34/ 100ml,False,zehrs,0.0034000000000000002,ml,3.39
dairy_and_eggs,Gray Ridge,"Grade A Premium White Eggs, Large","Gray RidgeGrade A Premium White Eggs, Large12 eggs",$4.59ea,,$0.38/ 1ea,False,zehrs,0.38,,4.59
dairy_and_eggs,Nestle,Coffee Mate Liquid Fat Free French Vanilla,NestleCoffee Mate Liquid Fat Free French Vanilla946 ml,$6.49ea,,$0.69/ 100ml,False,zehrs,0.0069,ml,6.49
dairy_and_eggs,President's Choice,Plain 2% M.F. Greek Yogurt,President's ChoicePlain 2% M.F. Greek Yogurt908 g,$6.49ea,,$0.71/ 100g,False,zehrs,0.0070999999999999995,g,6.49
dairy_and_eggs,Lactantia,Partly Skimmed Milk Lactose Free 2% M.F.,LactantiaPartly Skimmed Milk Lactose Free 2% M.F.2 l,$6.09ea,,$0.30/ 100ml,False,zehrs,0.003,ml,6.09
dairy_and_eggs,International Delight,Classic French Vanilla Coffee Creamer,International DelightClassic French Vanilla Coffee Creamer1.42 l,$8.99ea,,$0.63/ 100ml,False,zehrs,0.0063,ml,8.99
dairy_and_eggs,Green Valley,Brown Eggs Free Range Farm Large,Green ValleyBrown Eggs Free Range Farm Large12 ea,$7.49ea,,$0.62/ 1ea,False,zehrs,0.62,,7.49
dairy_and_eggs,President's Choice,Vanilla 0% M.F. Greek Yogurt,President's ChoiceVanilla 0% M.F. Greek Yogurt500 g,$5.99ea,,$1.20/ 100g,False,zehrs,0.012,g,5.99
dairy_and_eggs,President's Choice,Vanilla 2% M.F. Greek Yogurt,President's ChoiceVanilla 2% M.F. Greek Yogurt4x100.0 g,$3.79ea,,$0.95/ 100g,False,zehrs,0.0095,g,3.79
dairy_and_eggs,Lactantia,Partly Skimmed Milk Lactose Free 2% M.F.,LactantiaPartly Skimmed Milk Lactose Free 2% M.F.2 l,$6.09ea,,$0.30/ 100ml,False,zehrs,0.003,ml,6.09
dairy_and_eggs,Liberte,Yogourt Orchard Peach 9 % M.F.,LiberteYogourt Orchard Peach 9 % M.F.4x100.0 g,$4.99ea,,$1.25/ 100g,False,zehrs,0.0125,g,4.99
dairy_and_eggs,Nestle,Coffee Mate Liquid Fat Free French Vanilla,NestleCoffee Mate Liquid Fat Free French Vanilla946 ml,$6.49ea,,$0.69/ 100ml,False,zehrs,0.0069,ml,6.49
dairy_and_eggs,President's Choice,Plain 2% M.F. Greek Yogurt,President's ChoicePlain 2% M.F. Greek Yogurt908 g,$6.49ea,,$0.71/ 100g,False,zehrs,0.0070999999999999995,g,6.49
dairy_and_eggs,Milk 2 Go,Strawberry,Milk 2 GoStrawberry473 ml,$2.69ea,$1.79ea,$0.38/ 100ml,True,zehrs,0.0038,ml,1.79
dairy_and_eggs,PC Organics,Balkan Style Yogurt Plain 11 % M.F. ,PC OrganicsBalkan Style Yogurt Plain 11 % M.F. 500 g,$4.99ea,,$1.00/ 100g,False,zehrs,0.01,g,4.99
dairy_and_eggs,Lactantia,2% M.F. Partly Skimmed Milk,Lactantia2% M.F. Partly Skimmed Milk2 l,$5.69ea,,$0.28/ 100ml,False,zehrs,0.0028000000000000004,ml,5.69
dairy_and_eggs,Liberte,Méditerranée Black Cherry 9% MF Yogurt,LiberteMéditerranée Black Cherry 9% MF Yogurt500 g,$5.79ea,,$1.16/ 100g,False,zehrs,0.0116,g,5.79
dairy_and_eggs,Black Diamond,Shredded Cheese Tacos & Nachos,Black DiamondShredded Cheese Tacos & Nachos320 g,$6.99ea,,$2.18/ 100g,False,zehrs,0.0218,g,6.99
dairy_and_eggs,IOGO,iÖGO Canadian Harvest 3.2% Peach Yogurt,IOGOiÖGO Canadian Harvest 3.2% Peach Yogurt650 g,$4.49ea,,$0.69/ 100g,False,zehrs,0.0069,g,4.49
dairy_and_eggs,Liberte,Greek Vanilla 3% MF Yogurt,LiberteGreek Vanilla 3% MF Yogurt750 g,$6.49ea,$4.99ea,$0.67/ 100g,True,zehrs,0.0067,g,4.99
dairy_and_eggs,Gray Ridge,"Grade A Premium White Eggs, Large","Gray RidgeGrade A Premium White Eggs, Large12 eggs",$4.59ea,,$0.38/ 1ea,False,zehrs,0.38,,4.59
dairy_and_eggs,Woolwich,Homogenized Goat Milk 3.25%MF  ,WoolwichHomogenized Goat Milk 3.25%MF  1 l,$4.59ea,,$0.46/ 100ml,False,zehrs,0.0046,ml,4.59
dairy_and_eggs,Neilson,1% Milk,Neilson1% Milk1 l,$3.39ea,,$0.34/ 100ml,False,zehrs,0.0034000000000000002,ml,3.39
dairy_and_eggs,Oikos,"Greek Yogurt, Blackberry Flavour, Fruit On The Bottom","OikosGreek Yogurt, Blackberry Flavour, Fruit On The Bottom4x100.0 g",$4.79ea,,$1.20/ 100g,False,zehrs,0.012,g,4.79
dairy_and_eggs,Oikos,"Extra Creamy Greek Yogurtemon Meringue Flavour, 4% Mf","OikosExtra Creamy Greek Yogurtemon Meringue Flavour, 4% Mf4x95.0 g",$4.79ea,,$1.26/ 100g,False,zehrs,0.0126,g,4.79
dairy_and_eggs,IOGO,"Zip Yogurt, Limited Edition Game Over Edition Strawberry-Melon/Blueberry","IOGOZip Yogurt, Limited Edition Game Over Edition Strawberry-Melon/Blueberry8x60.0 g",$4.29ea,,$0.89/ 100g,False,zehrs,0.0089,g,4.29
dairy_and_eggs,Neilson,Homogenized Milk,NeilsonHomogenized Milk2 l,$5.09ea,,$0.25/ 100ml,False,zehrs,0.0025,ml,5.09
dairy_and_eggs,Activia,"Fat Free Yogurt With Probiotics, Vanilla/Strawberry/Peach/Raspberry, 0% M.F.","ActiviaFat Free Yogurt With Probiotics, Vanilla/Strawberry/Peach/Raspberry, 0% M.F.12x100.0 g",$6.49ea,,$0.54/ 100g,False,zehrs,0.0054,g,6.49
dairy_and_eggs,Hans,Dairy 3.2% Natural Yogurt,HansDairy 3.2% Natural Yogurt750 g,$2.79ea,,$0.37/ 100g,False,zehrs,0.0037,g,2.79
dairy_and_eggs,Oikos,"Greek Yogurt, Plain, No Added Sugar, 2% MF","OikosGreek Yogurt, Plain, No Added Sugar, 2% MF1.5 kg",$12.99ea,,$0.87/ 100g,False,zehrs,0.0087,g,12.99
dairy_and_eggs,Rolling Meadow,Grass Fed 3.8% Milk,Rolling MeadowGrass Fed 3.8% Milk2 l,$6.69ea,,$0.33/ 100ml,False,zehrs,0.0033,ml,6.69
dairy_and_eggs,Cracker Barrel,Slice Mozz,Cracker BarrelSlice Mozz240 g,$5.79ea,,$2.41/ 100g,False,zehrs,0.0241,g,5.79
dairy_and_eggs,Oikos,"Greek Yogurt, Blueberry Flavour, Fruit On The Bottom, 2% M.F.","OikosGreek Yogurt, Blueberry Flavour, Fruit On The Bottom, 2% M.F.4x100.0 g",$4.79ea,,$1.20/ 100g,False,zehrs,0.012,g,4.79
dairy_and_eggs,Philadelphia,Whipped Jalapeno Cheddar Cream Cheese Product,PhiladelphiaWhipped Jalapeno Cheddar Cream Cheese Product227 g,$5.29ea,,$2.33/ 100g,False,zehrs,0.0233,g,5.29
dairy_and_eggs,Black Diamond,Pizza Mozzarella Regular Shredded,Black DiamondPizza Mozzarella Regular Shredded320 g,$6.99ea,,$2.18/ 100g,False,zehrs,0.0218,g,6.99
dairy_and_eggs,Olympic,Organic Greek Plain Yogurt  ,OlympicOrganic Greek Plain Yogurt  650 g,$6.99ea,,$1.08/ 100g,False,zehrs,0.0108,g,6.99
dairy_and_eggs,Baileys,"Coffee Creamer, Caramel","BaileysCoffee Creamer, Caramel400 ml",$2.49ea,,$0.62/ 100ml,False,zehrs,0.0062,ml,2.49
dairy_and_eggs,Liberte,"Greek Crunch Vanilla Yogurt Dark Chocolate, Salted Almonds & Caramel 2% MF","LiberteGreek Crunch Vanilla Yogurt Dark Chocolate, Salted Almonds & Caramel 2% MF2x130.0 g",$5.29ea,,$2.03/ 100g,False,zehrs,0.0203,g,5.29
dairy_and_eggs,Riviera,Crème Fraiche,RivieraCrème Fraiche2x120.0 ml,$4.79ea,,$2.00/ 100ml,False,zehrs,0.02,ml,4.79
dairy_and_eggs,Liberte,Méditerrannée Strawberry 9% MF Yogurt,LiberteMéditerrannée Strawberry 9% MF Yogurt500 g,$5.79ea,,$1.16/ 100g,False,zehrs,0.0116,g,5.79
dairy_and_eggs,Olympic,Organic Yogurt Plain,OlympicOrganic Yogurt Plain1.75 kg,$11.99ea,,$0.69/ 100g,False,zehrs,0.0069,g,11.99
dairy_and_eggs,Yoplait,Tubes Mixed Berry,YoplaitTubes Mixed Berry8x56.0 g,$4.79ea,,$1.07/ 100g,False,zehrs,0.010700000000000001,g,4.79
dairy_and_eggs,Earths Own,Dairy Free Butter Spread Whipped & Salted,Earths OwnDairy Free Butter Spread Whipped & Salted340 g,$4.99ea,,$1.47/ 100g,False,zehrs,0.0147,g,4.99
dairy_and_eggs,Philadelphia,Light Original Cream Cheese Product,PhiladelphiaLight Original Cream Cheese Product227 g,$5.29ea,,$2.33/ 100g,False,zehrs,0.0233,g,5.29
dairy_and_eggs,Activia,"Probiotic Yogurt, Mixed Berries, Drinkable Yogurt, 8 Pack","ActiviaProbiotic Yogurt, Mixed Berries, Drinkable Yogurt, 8 Pack8x93.0 ml",$6.49ea,,$0.87/ 100ml,False,zehrs,0.0087,ml,6.49
dairy_and_eggs,President's Choice,Plant Based Butter Alternative Salted,President's ChoicePlant Based Butter Alternative Salted454 g,$4.99ea,,$1.10/ 100g,False,zehrs,0.011000000000000001,g,4.99
dairy_and_eggs,Violife,Cheddar Style Slices ,ViolifeCheddar Style Slices 200 g,$6.99ea,$5.99ea,$3.00/ 100g,True,zehrs,0.03,g,5.99
dairy_and_eggs,No Name,Coffee Whitener,No NameCoffee Whitener1 kg,$8.49ea,,$0.85/ 100g,False,zehrs,0.0085,g,8.49
dairy_and_eggs,Liberte,Kéfir Organic 1% MF Plain,LiberteKéfir Organic 1% MF Plain1000 g,$6.79ea,,$0.68/ 100g,False,zehrs,0.0068000000000000005,g,6.79
dairy_and_eggs,PC Organics,"Organic Cultured Coconut Milk Plain, Unsweetened","PC OrganicsOrganic Cultured Coconut Milk Plain, Unsweetened680 g",$5.49ea,,$0.81/ 100g,False,zehrs,0.008100000000000001,g,5.49
dairy_and_eggs,Yoplait,Source Raspberry 0% MF,YoplaitSource Raspberry 0% MF630 g,$4.79ea,,$0.76/ 100g,False,zehrs,0.0076,g,4.79
dairy_and_eggs,President's Choice,Plant Based Kefir Probiotic Fermented Coconut Milk,President's ChoicePlant Based Kefir Probiotic Fermented Coconut Milk1 l,$4.79ea,,$0.48/ 100ml,False,zehrs,0.0048,ml,4.79
dairy_and_eggs,Black Diamond,Natural Cheese Slices Lactose Free Mozzarella Cheese 27% M.F,Black DiamondNatural Cheese Slices Lactose Free Mozzarella Cheese 27% M.F220 g,$6.99ea,,$3.18/ 100g,False,zehrs,0.0318,g,6.99
dairy_and_eggs,Yoplait,Tubes Vanilla Yogurt,YoplaitTubes Vanilla Yogurt8x56.0 g,$4.79ea,,$1.07/ 100g,False,zehrs,0.010700000000000001,g,4.79
dairy_and_eggs,Midday Squares,Chocolate Bar Fudge Yah ,Midday SquaresChocolate Bar Fudge Yah 33 g,$2.99ea,,$9.06/ 100g,False,zehrs,0.0906,g,2.99
dairy_and_eggs,Silk,"Oat For Coffee, Vanilla, Plant Based, Dairy Free Coffee Creamer","SilkOat For Coffee, Vanilla, Plant Based, Dairy Free Coffee Creamer890 ml",$5.49ea,,$0.62/ 100ml,False,zehrs,0.0062,ml,5.49
dairy_and_eggs,Earth Island,Cheddar Style Dairy-Free Cheese,Earth IslandCheddar Style Dairy-Free Cheese198 g,$6.99ea,,$3.53/ 100g,False,zehrs,0.0353,g,6.99
dairy_and_eggs,President's Choice,Country Churned Salted Butter,President's ChoiceCountry Churned Salted Butter454 g,$7.99ea,,$1.76/ 100g,False,zehrs,0.0176,g,7.99
dairy_and_eggs,Liberte,Méditerrannée Strawberry 9% MF Yogurt,LiberteMéditerrannée Strawberry 9% MF Yogurt500 g,$5.79ea,,$1.16/ 100g,False,zehrs,0.0116,g,5.79
dairy_and_eggs,Philadelphia,Whipped Jalapeno Cheddar Cream Cheese Product,PhiladelphiaWhipped Jalapeno Cheddar Cream Cheese Product227 g,$5.29ea,,$2.33/ 100g,False,zehrs,0.0233,g,5.29
dairy_and_eggs,Activia,"Fat Free Yogurt With Probiotics, Vanilla/Strawberry/Peach/Raspberry, 0% M.F.","ActiviaFat Free Yogurt With Probiotics, Vanilla/Strawberry/Peach/Raspberry, 0% M.F.12x100.0 g",$6.49ea,,$0.54/ 100g,False,zehrs,0.0054,g,6.49
dairy_and_eggs,Pillsbury,Pizza Crust,PillsburyPizza Crust391 g,$4.29ea,,$1.10/ 100g,False,zehrs,0.011000000000000001,g,4.29
dairy_and_eggs,Oikos,"Greek Yogurt, Blueberry Flavour, Fruit On The Bottom, 2% M.F.","OikosGreek Yogurt, Blueberry Flavour, Fruit On The Bottom, 2% M.F.4x100.0 g",$4.79ea,,$1.20/ 100g,False,zehrs,0.012,g,4.79
dairy_and_eggs,Violife, Smoke Flavoured Provolone Style Slices ,Violife Smoke Flavoured Provolone Style Slices 200 g,$6.99ea,$5.99ea,$3.00/ 100g,True,zehrs,0.03,g,5.99
dairy_and_eggs,PhillySwirl,Original Brick Cream Cheese,PhillySwirlOriginal Brick Cream Cheese250 g,$5.29ea,,$2.12/ 100g,False,zehrs,0.0212,g,5.29
dairy_and_eggs,Golden Gate,Mirage Margarine,Golden GateMirage Margarine2.72 kg,$18.49ea,,$0.68/ 100g,False,zehrs,0.0068000000000000005,g,18.49
dairy_and_eggs,Melt,"Organic Spread, Rich & Creamy  ","MeltOrganic Spread, Rich & Creamy  368 g",$5.49ea,,$1.49/ 100g,False,zehrs,0.0149,g,5.49
dairy_and_eggs,Black Diamond,Cheestrings Cheddar Flavour 27% M.F.,Black DiamondCheestrings Cheddar Flavour 27% M.F.336 g,$6.99ea,,$2.08/ 100g,False,zehrs,0.0208,g,6.99
dairy_and_eggs,PhillySwirl,Light Cream Cheese Spread,PhillySwirlLight Cream Cheese Spread250 g,$5.29ea,,$2.12/ 100g,False,zehrs,0.0212,g,5.29
dairy_and_eggs,Philadelphia,Original Light Cream Cheese Product,PhiladelphiaOriginal Light Cream Cheese Product340 g,$7.49ea,,$2.20/ 100g,False,zehrs,0.022000000000000002,g,7.49
dairy_and_eggs,Olympic,"Fat Free Organic Yogurt, Plain","OlympicFat Free Organic Yogurt, Plain650 g",$5.99ea,,$0.92/ 100g,False,zehrs,0.0092,g,5.99
dairy_and_eggs,PC Organics,"Organic Cultured Coconut Milk Yogurt, Alternative Vanilla","PC OrganicsOrganic Cultured Coconut Milk Yogurt, Alternative Vanilla680 g",$5.49ea,,$0.81/ 100g,False,zehrs,0.008100000000000001,g,5.49
dairy_and_eggs,President's Choice,Gouda Sliced Cheese,President's ChoiceGouda Sliced Cheese210 g,$4.99ea,,$2.38/ 100g,False,zehrs,0.023799999999999998,g,4.99
dairy_and_eggs,Black Diamond,Cheestrings Mozzarella Lactose Free 18% M.F.,Black DiamondCheestrings Mozzarella Lactose Free 18% M.F.252 g,$6.99ea,,$2.77/ 100g,False,zehrs,0.0277,g,6.99
dairy_and_eggs,Heluva,Jalapeno Cheddar Dip,HeluvaJalapeno Cheddar Dip250 g,$4.49ea,,$1.80/ 100g,False,zehrs,0.018000000000000002,g,4.49
dairy_and_eggs,PC Organics,"Organic Cheese, Old Cheddar","PC OrganicsOrganic Cheese, Old Cheddar200 g",$6.49ea,,$3.25/ 100g,False,zehrs,0.0325,g,6.49
dairy_and_eggs,Liberte,Greek Cherry 2% MF Yogurt,LiberteGreek Cherry 2% MF Yogurt750 g,$6.49ea,$4.99ea,$0.67/ 100g,True,zehrs,0.0067,g,4.99
dairy_and_eggs,PC Organics,"Organic Greek Yogurt, Plain","PC OrganicsOrganic Greek Yogurt, Plain500 g",$6.49ea,,$1.30/ 100g,False,zehrs,0.013000000000000001,g,6.49
dairy_and_eggs,President's Choice,Lactose Free 14% M.F. Sour Cream,President's ChoiceLactose Free 14% M.F. Sour Cream500 ml,$4.49ea,,$0.90/ 100ml,False,zehrs,0.009000000000000001,ml,4.49
dairy_and_eggs,Black Diamond,Cheestrings Marble 18% M.F.,Black DiamondCheestrings Marble 18% M.F.588 g,$11.99ea,,$2.04/ 100g,False,zehrs,0.0204,g,11.99
dairy_and_eggs,Black Diamond,"Cheese, Pizza Mozzarella Stringable Marbelicious Zêbrés 18% M.F.","Black DiamondCheese, Pizza Mozzarella Stringable Marbelicious Zêbrés 18% M.F.252 g",$6.99ea,,$2.77/ 100g,False,zehrs,0.0277,g,6.99
dairy_and_eggs,Nestle,Nesquik Milkshake,NestleNesquik Milkshake473 ml,$3.15ea,$1.79ea,$0.38/ 100ml,True,zehrs,0.0038,ml,1.79
dairy_and_eggs,Rolling Meadow,"Yogurt, Plain 3.25%","Rolling MeadowYogurt, Plain 3.25%500 g",$3.99ea,,$0.80/ 100g,False,zehrs,0.008,g,3.99
dairy_and_eggs,Tre Stelle,"Tre Stelle Creamy Cheese Spread, Lactose Free","Tre StelleTre Stelle Creamy Cheese Spread, Lactose Free200 g",$4.49ea,,$2.25/ 100g,False,zehrs,0.0225,g,4.49
dairy_and_eggs,President's Choice,French Onion Greek Yogurt Dip,President's ChoiceFrench Onion Greek Yogurt Dip227 g,$3.79ea,,$1.67/ 100g,False,zehrs,0.0167,g,3.79
dairy_and_eggs,Yoplait,Tubes Limited Edition,YoplaitTubes Limited Edition8x56.0 g,$4.79ea,,$1.07/ 100g,False,zehrs,0.010700000000000001,g,4.79
dairy_and_eggs,Yoplait,Yop Drinkable Yogurt Blueberry Flavour,YoplaitYop Drinkable Yogurt Blueberry Flavour200 ml,$1.69ea,,$0.85/ 100ml,False,zehrs,0.0085,ml,1.69
dairy_and_eggs,Yoplait,Yop Drinkable Yogurt  Strawberry-Banana Flavour,YoplaitYop Drinkable Yogurt  Strawberry-Banana Flavour200 ml,$1.69ea,,$0.85/ 100ml,False,zehrs,0.0085,ml,1.69
dairy_and_eggs,Activia,"Yogurt With Probiotics, Vanilla Flavour","ActiviaYogurt With Probiotics, Vanilla Flavour650 g",$3.99ea,,$0.61/ 100g,False,zehrs,0.0060999999999999995,g,3.99
dairy_and_eggs,President's Choice,Pizza Mozzarella Shredded Cheese,President's ChoicePizza Mozzarella Shredded Cheese320 g,$6.49ea,,$2.03/ 100g,False,zehrs,0.0203,g,6.49
dairy_and_eggs,Neilson,French Vanilla Milkshake,NeilsonFrench Vanilla Milkshake310 ml,$1.00ea,,$0.32/ 100ml,False,zehrs,0.0032,ml,1.00
dairy_and_eggs,President's Choice,Lactose Free Pizza Mozzarella Shredded Cheese,President's ChoiceLactose Free Pizza Mozzarella Shredded Cheese320 g,$6.49ea,,$2.03/ 100g,False,zehrs,0.0203,g,6.49
dairy_and_eggs,Silk,"Dairy Free Plant Based Coconut Yogurt, Vanilla, Unsweetened","SilkDairy Free Plant Based Coconut Yogurt, Vanilla, Unsweetened680 g",$7.49ea,,$1.10/ 100g,False,zehrs,0.011000000000000001,g,7.49
dairy_and_eggs,Black Diamond,Processed Cheddar Cheese Slices Thick,Black DiamondProcessed Cheddar Cheese Slices Thick410 g,$4.79ea,,$1.17/ 100g,False,zehrs,0.011699999999999999,g,4.79
dairy_and_eggs,IOGO,"Nano Yogurt, Vanilla","IOGONano Yogurt, Vanilla6x93.0 ml",$4.79ea,,$0.86/ 100ml,False,zehrs,0.0086,ml,4.79
dairy_and_eggs,Cracker Barrel,Slice Old White,Cracker BarrelSlice Old White200 g,$5.79ea,,$2.90/ 100g,False,zehrs,0.028999999999999998,g,5.79
dairy_and_eggs,President's Choice,Plain 0% M.F. Greek Yogurt ,President's ChoicePlain 0% M.F. Greek Yogurt 908 g,$6.49ea,,$0.71/ 100g,False,zehrs,0.0070999999999999995,g,6.49
dairy_and_eggs,PC Blue Menu,Blue Menu Calorie Reduced Margarine,PC Blue MenuBlue Menu Calorie Reduced Margarine907 g,$6.49ea,,$0.72/ 100g,False,zehrs,0.0072,g,6.49
dairy_and_eggs,Cracker Barrel,Slice Marble Cheddar,Cracker BarrelSlice Marble Cheddar240 g,$5.79ea,,$2.41/ 100g,False,zehrs,0.0241,g,5.79
dairy_and_eggs,Oikos,"Fat Free Greek Yogurt, 30% Less Sugar, Vanilla Flavour, Blended","OikosFat Free Greek Yogurt, 30% Less Sugar, Vanilla Flavour, Blended4x100.0 g",$4.79ea,,$1.20/ 100g,False,zehrs,0.012,g,4.79
dairy_and_eggs,Kraft,Grated Parmesan Cheese,KraftGrated Parmesan Cheese125 g,$5.49ea,,$4.39/ 100g,False,zehrs,0.043899999999999995,g,5.49
dairy_and_eggs,Black Diamond,Lactose Free Marble Cheese ,Black DiamondLactose Free Marble Cheese 300 g,$6.99ea,,$2.33/ 100g,False,zehrs,0.0233,g,6.99
dairy_and_eggs,Neilson,Chocolate Milkshake,NeilsonChocolate Milkshake310 ml,$1.00ea,,$0.32/ 100ml,False,zehrs,0.0032,ml,1.00
dairy_and_eggs,No Name,Shredded Old White Cheddar Cheese,No NameShredded Old White Cheddar Cheese320 g,$5.99ea,,$1.87/ 100g,False,zehrs,0.0187,g,5.99
dairy_and_eggs,Pillsbury,Grands Cookie Dough Chocolate Chip,PillsburyGrands Cookie Dough Chocolate Chip454 g,$5.29ea,,$1.17/ 100g,False,zehrs,0.011699999999999999,g,5.29
dairy_and_eggs,Cracker Barrel,Sweet Combo,Cracker BarrelSweet Combo129 g,$5.49ea,,$4.26/ 100g,False,zehrs,0.0426,g,5.49
dairy_and_eggs,Armstrong,Snack Marble Cheese,ArmstrongSnack Marble Cheese210 g,$6.49ea,,$3.09/ 100g,False,zehrs,0.030899999999999997,g,6.49
dairy_and_eggs,Liberte,Raspberry Pomegranate 1.5 % M.F. Drinkable Yogourt,LiberteRaspberry Pomegranate 1.5 % M.F. Drinkable Yogourt1 l,$4.99ea,,$0.50/ 100ml,False,zehrs,0.005,ml,4.99
dairy_and_eggs,Astro,Balkan Yogourt Mango Vanilla Cream 6% M.F.,AstroBalkan Yogourt Mango Vanilla Cream 6% M.F.500 g,$4.79ea,,$0.96/ 100g,False,zehrs,0.0096,g,4.79
dairy_and_eggs,Lactantia,Provencal Garlic Butter,LactantiaProvencal Garlic Butter125 g,$4.19ea,,$3.35/ 100g,False,zehrs,0.0335,g,4.19
dairy_and_eggs,Activia,"Probiotic Smoothie, Mango, Peach & Carrot, Drinkable Yogurt","ActiviaProbiotic Smoothie, Mango, Peach & Carrot, Drinkable Yogurt190 ml",$2.29ea,,$1.21/ 100ml,False,zehrs,0.0121,ml,2.29
dairy_and_eggs,No Name,Coffee Whitener,No NameCoffee Whitener450 g,$5.49ea,,$1.22/ 100g,False,zehrs,0.012199999999999999,g,5.49
dairy_and_eggs,Milk 2 Go,"Sport, Chocolate","Milk 2 GoSport, Chocolate325 ml",$2.59ea,,$0.80/ 100ml,False,zehrs,0.008,ml,2.59
dairy_and_eggs,Kraft,Grated Parmesan Cheese,KraftGrated Parmesan Cheese250 g,$8.49ea,,$3.40/ 100g,False,zehrs,0.034,g,8.49
dairy_and_eggs,Liberte,Goat Milk 3.25% M.F,LiberteGoat Milk 3.25% M.F1 l,$5.49ea,,$0.55/ 100ml,False,zehrs,0.0055000000000000005,ml,5.49
dairy_and_eggs,Kraft,Light Grated Parmesan Cheese,KraftLight Grated Parmesan Cheese250 g,$8.49ea,,$3.40/ 100g,False,zehrs,0.034,g,8.49
dairy_and_eggs,Activia,"Probiotics Yogurt, Yellow Apple/Apricot/Mango/Peach","ActiviaProbiotics Yogurt, Yellow Apple/Apricot/Mango/Peach12x100.0 g",$6.49ea,,$0.54/ 100g,False,zehrs,0.0054,g,6.49
dairy_and_eggs,President's Choice,Plant Based Butter Alternative Unsalted,President's ChoicePlant Based Butter Alternative Unsalted454 g,$4.99ea,,$1.10/ 100g,False,zehrs,0.011000000000000001,g,4.99
dairy_and_eggs,Black Diamond,Cheddar White Old,Black DiamondCheddar White Old400 g,$6.99ea,,$1.75/ 100g,False,zehrs,0.0175,g,6.99
dairy_and_eggs,Yoplait,Minigo 3% MF  Fresh Cheese Blueberry/Strawberry/Vanilla ,YoplaitMinigo 3% MF  Fresh Cheese Blueberry/Strawberry/Vanilla 6x60.0 g,$4.79ea,,$1.33/ 100g,False,zehrs,0.013300000000000001,g,4.79
dairy_and_eggs,Neilson,Ultrafiltered Skim Milk 0% M.F.,NeilsonUltrafiltered Skim Milk 0% M.F.1 l,$4.59ea,$3.69ea,$0.37/ 100ml,True,zehrs,0.0037,ml,3.69
dairy_and_eggs,Cracker Barrel,Bar Extra Old White Cheddar,Cracker BarrelBar Extra Old White Cheddar400 g,$9.29ea,,$2.32/ 100g,False,zehrs,0.0232,g,9.29
dairy_and_eggs,President's Choice,Havarti Sliced Cheese,President's ChoiceHavarti Sliced Cheese210 g,$4.99ea,,$2.38/ 100g,False,zehrs,0.023799999999999998,g,4.99
dairy_and_eggs,Black Diamond,Marble Shredded Cheese,Black DiamondMarble Shredded Cheese320 g,$6.99ea,,$2.18/ 100g,False,zehrs,0.0218,g,6.99
dairy_and_eggs,Silk,"Almond For Coffee, Vanilla, Plant Based, Dairy Free Coffee Creamer","SilkAlmond For Coffee, Vanilla, Plant Based, Dairy Free Coffee Creamer473 ml",$2.99ea,,$0.63/ 100ml,False,zehrs,0.0063,ml,2.99
dairy_and_eggs,Oikos,"Fat Free Greek Yogurt, Cherry Flavour, Fruit On The Bottom, 0% M.F.","OikosFat Free Greek Yogurt, Cherry Flavour, Fruit On The Bottom, 0% M.F.4x100.0 g",$4.79ea,,$1.20/ 100g,False,zehrs,0.012,g,4.79
dairy_and_eggs,Armstrong,Marble Cheddar Cheese Slice,ArmstrongMarble Cheddar Cheese Slice240 g,$5.99ea,,$2.50/ 100g,False,zehrs,0.025,g,5.99
dairy_and_eggs,Yoplait,Source Vanilla  Yogurt 0% MF,YoplaitSource Vanilla  Yogurt 0% MF630 g,$4.79ea,,$0.76/ 100g,False,zehrs,0.0076,g,4.79
dairy_and_eggs,Nestle,"Coffee-Mate, Original","NestleCoffee-Mate, Original1.4 kg",$13.99ea,,$1.00/ 100g,False,zehrs,0.01,g,13.99
dairy_and_eggs,IOGO,3.2% M.F. Yogurt,IOGO3.2% M.F. Yogurt12x100.0 g,$7.49ea,,$0.62/ 100g,False,zehrs,0.0062,g,7.49
dairy_and_eggs,No Name,1% M.F. Light Cottage Cheese,No Name1% M.F. Light Cottage Cheese500 g,$4.99ea,,$1.00/ 100g,False,zehrs,0.01,g,4.99
dairy_and_eggs,Tre Stelle,Paneer,Tre StellePaneer350 g,$5.39ea,,$1.54/ 100g,False,zehrs,0.0154,g,5.39
dairy_and_eggs,Activia,"Yogurt With Probiotics, Stawberry Vanilla Flavour","ActiviaYogurt With Probiotics, Stawberry Vanilla Flavour8x100.0 g",$6.69ea,,$0.84/ 100g,False,zehrs,0.0084,g,6.69
dairy_and_eggs,Black Diamond,Lactose-free Mozzarella Cheese,Black DiamondLactose-free Mozzarella Cheese300 g,$6.99ea,,$2.33/ 100g,False,zehrs,0.0233,g,6.99
dairy_and_eggs,Activia,"Probiotic Yogurt, Strawberry/Blueberry/Raspberry/Peach Flavour","ActiviaProbiotic Yogurt, Strawberry/Blueberry/Raspberry/Peach Flavour12x100.0 g",$6.49ea,,$0.54/ 100g,False,zehrs,0.0054,g,6.49
dairy_and_eggs,Black Diamond,Sliced Marble Cheddar Cheese,Black DiamondSliced Marble Cheddar Cheese240 g,$6.99ea,,$2.91/ 100g,False,zehrs,0.0291,g,6.99
dairy_and_eggs,President's Choice,Smoke Flavoured Shredded Cheddar Cheese ,President's ChoiceSmoke Flavoured Shredded Cheddar Cheese 320 g,$6.49ea,,$2.03/ 100g,False,zehrs,0.0203,g,6.49
dairy_and_eggs,Gay Lea,Butter 84 Baker's Gold ,Gay LeaButter 84 Baker's Gold 250 g,$7.49ea,$6.49ea,$2.60/ 100g,True,zehrs,0.026000000000000002,g,6.49
dairy_and_eggs,Nestle,COFFEE-MATE Original Powder,NestleCOFFEE-MATE Original Powder450 g,$7.49ea,,$1.66/ 100g,False,zehrs,0.0166,g,7.49
dairy_and_eggs,Yoplait,Source Strawberry 0% MF,YoplaitSource Strawberry 0% MF630 g,$4.79ea,,$0.76/ 100g,False,zehrs,0.0076,g,4.79
dairy_and_eggs,No Name,Cream Cheese Product With Strawberries,No NameCream Cheese Product With Strawberries227 g,$3.79ea,,$1.67/ 100g,False,zehrs,0.0167,g,3.79
dairy_and_eggs,Kraft,Cheez Whiz Cheese Spread,KraftCheez Whiz Cheese Spread450 g,$5.99ea,,$1.33/ 100g,False,zehrs,0.013300000000000001,g,5.99
dairy_and_eggs,Oikos,"Greek Yogurt, Variety Pack, 6X Strawberry, 6X Vanilla, Blended, 2% M.F.","OikosGreek Yogurt, Variety Pack, 6X Strawberry, 6X Vanilla, Blended, 2% M.F.12x100.0 g",$10.99ea,,$0.92/ 100g,False,zehrs,0.0092,g,10.99
dairy_and_eggs,President's Choice,Havarti Cheese,President's ChoiceHavarti Cheese400 g,$6.49ea,,$1.62/ 100g,False,zehrs,0.016200000000000003,g,6.49
dairy_and_eggs,Gay Lea,"Real Whipped Cream, Regular","Gay LeaReal Whipped Cream, Regular225 g",$4.49ea,,$2.00/ 100g,False,zehrs,0.02,g,4.49
dairy_and_eggs,PC Blue Menu,"Free Run Omega-3 Hard-Boiled Peeled Eggs, Pack of 3","PC Blue MenuFree Run Omega-3 Hard-Boiled Peeled Eggs, Pack of 33x88.0 g",$4.99ea,,$5.67/ 100g,False,zehrs,0.0567,g,4.99
dairy_and_eggs,Natrel,Lactose Free 1% Dairy Product (2L),NatrelLactose Free 1% Dairy Product (2L)2 l,$6.69ea,,$0.33/ 100ml,False,zehrs,0.0033,ml,6.69
dairy_and_eggs,Burnbrae Farms,Naturegg Simply Egg Whites,Burnbrae FarmsNaturegg Simply Egg Whites1 ea,$5.29ea,,$1.06/ 100ml,False,zehrs,0.0106,ml,5.29
dairy_and_eggs,President's Choice,Gouda Cheese,President's ChoiceGouda Cheese400 g,$6.49ea,,$1.62/ 100g,False,zehrs,0.016200000000000003,g,6.49
dairy_and_eggs,Yoso,"Coconut Yogurt, Chocolate","YosoCoconut Yogurt, Chocolate440 g",$6.49ea,,$1.48/ 100g,False,zehrs,0.0148,g,6.49
dairy_and_eggs,Burnbrae Farms,"Egg Creations, Cheese & Chives","Burnbrae FarmsEgg Creations, Cheese & Chives500 g",$5.29ea,,$1.06/ 100g,False,zehrs,0.0106,g,5.29
dairy_and_eggs,siggi's,"Yogurt, Strawberry 2% M.F. Simple Ingredient Skyr","siggi'sYogurt, Strawberry 2% M.F. Simple Ingredient Skyr650 g",$7.49ea,,$1.15/ 100g,False,zehrs,0.0115,g,7.49
dairy_and_eggs,siggi's,Lemon 3.25% M.F. Creamy Skyr,siggi'sLemon 3.25% M.F. Creamy Skyr650 g,$7.49ea,,$1.15/ 100g,False,zehrs,0.0115,g,7.49
dairy_and_eggs,siggi's,Vanilla Yogurt,siggi'sVanilla Yogurt750 g,$7.49ea,,$1.00/ 100g,False,zehrs,0.01,g,7.49
dairy_and_eggs,Activia,"Yogurt With Probiotics, Plain 3.2% M/F.","ActiviaYogurt With Probiotics, Plain 3.2% M/F.650 g",$3.99ea,,$0.61/ 100g,False,zehrs,0.0060999999999999995,g,3.99
dairy_and_eggs,Gay Lea,Butter 84% Sea Salted ,Gay LeaButter 84% Sea Salted 250 g,$6.49ea,,$2.60/ 100g,False,zehrs,0.026000000000000002,g,6.49
dairy_and_eggs,Saputo,"Shredded Cheese, Mozzarellissima Light","SaputoShredded Cheese, Mozzarellissima Light1 kg",$19.49ea,,$1.95/ 100g,False,zehrs,0.0195,g,19.49
dairy_and_eggs,Lactantia,Homogenized Milk Lactose Free 3.25% M.F.,LactantiaHomogenized Milk Lactose Free 3.25% M.F.2 l,$6.39ea,,$0.32/ 100ml,False,zehrs,0.0032,ml,6.39
dairy_and_eggs,Lactantia,"Lactose Free Butter, Unsalted","LactantiaLactose Free Butter, Unsalted250 g",$6.49ea,,$2.60/ 100g,False,zehrs,0.026000000000000002,g,6.49
dairy_and_eggs,President's Choice,Blueberry 0% M.F. Greek Yogurt ,President's ChoiceBlueberry 0% M.F. Greek Yogurt 500 g,$5.99ea,,$1.20/ 100g,False,zehrs,0.012,g,5.99
dairy_and_eggs,Yoplait,Yop Drinkable Yogurt Limited Edition,YoplaitYop Drinkable Yogurt Limited Edition200 ml,$1.69ea,,$0.85/ 100ml,False,zehrs,0.0085,ml,1.69
dairy_and_eggs,Neilson,TruTaste 1% Milk,NeilsonTruTaste 1% Milk2 l,$4.99ea,,$0.25/ 100ml,False,zehrs,0.0025,ml,4.99
dairy_and_eggs,International Delight,"Hazelnut Flavoured Coffee Creamer, 63 Servings","International DelightHazelnut Flavoured Coffee Creamer, 63 Servings946 ml",$5.99ea,,$0.63/ 100ml,False,zehrs,0.0063,ml,5.99
dairy_and_eggs,Liberte,Classique Class Plain 0% MF Yogurt,LiberteClassique Class Plain 0% MF Yogurt650 g,$4.49ea,$3.99ea,$0.61/ 100g,True,zehrs,0.0060999999999999995,g,3.99
dairy_and_eggs,Oikos,"Greek Yogurt, Pineapple Flavour, Fruit On The Bottom, 2% M.F.","OikosGreek Yogurt, Pineapple Flavour, Fruit On The Bottom, 2% M.F.4x100.0 g",$4.79ea,,$1.20/ 100g,False,zehrs,0.012,g,4.79
dairy_and_eggs,Oikos,"Fat Free Greek Yogurt, 30% Less Sugar, Peach Flavour, Blended","OikosFat Free Greek Yogurt, 30% Less Sugar, Peach Flavour, Blended4x100.0 g",$4.79ea,,$1.20/ 100g,False,zehrs,0.012,g,4.79
dairy_and_eggs,Oikos,"Greek Yogurt, Plain, No Added Sugar, 2% M.F., 4 Pack","OikosGreek Yogurt, Plain, No Added Sugar, 2% M.F., 4 Pack4x100.0 g",$4.79ea,,$1.20/ 100g,False,zehrs,0.012,g,4.79
dairy_and_eggs,Oikos,"Extra Creamy Greek Yogurt, Banana Chocolate Flavour, 4% Mf","OikosExtra Creamy Greek Yogurt, Banana Chocolate Flavour, 4% Mf4x95.0 g",$4.79ea,,$1.26/ 100g,False,zehrs,0.0126,g,4.79
dairy_and_eggs,Liberte,Greek Mango 0% MF Yogurt,LiberteGreek Mango 0% MF Yogurt750 g,$6.49ea,$4.99ea,$0.67/ 100g,True,zehrs,0.0067,g,4.99
dairy_and_eggs,Oikos,Maple Syrup 2% M.F. Greek Yogurt,OikosMaple Syrup 2% M.F. Greek Yogurt4x100.0 g,$4.79ea,,$1.20/ 100g,False,zehrs,0.012,g,4.79
dairy_and_eggs,President's Choice,Country Churned Unsalted Butter ,President's ChoiceCountry Churned Unsalted Butter 454 g,$7.99ea,,$1.76/ 100g,False,zehrs,0.0176,g,7.99
dairy_and_eggs,Danone,"Mixed Berry Drinkable Yogurt For Kids, 1.5% M.F., Pack Of 8","DanoneMixed Berry Drinkable Yogurt For Kids, 1.5% M.F., Pack Of 88x93.0 ml",$4.49ea,,$0.60/ 100ml,False,zehrs,0.006,ml,4.49
dairy_and_eggs,Pillsbury,Grands! Cinnamon Rolls Flaky Supreme with Icing,PillsburyGrands! Cinnamon Rolls Flaky Supreme with Icing468 g,$5.29ea,,$1.07/ 100g,False,zehrs,0.010700000000000001,g,5.29
dairy_and_eggs,Neilson,Caramel Chocolate Milkshake,NeilsonCaramel Chocolate Milkshake310 ml,$1.00ea,,$0.32/ 100ml,False,zehrs,0.0032,ml,1.00
dairy_and_eggs,No Name,Mozzarella 100% Real Cheese Slices ,No NameMozzarella 100% Real Cheese Slices 230 g,$4.99ea,,$2.17/ 100g,False,zehrs,0.0217,g,4.99
dairy_and_eggs,IOGO,"Drinkable Yogurt, Banana 1.5%","IOGODrinkable Yogurt, Banana 1.5%6x93.0 ml",$4.79ea,,$0.86/ 100ml,False,zehrs,0.0086,ml,4.79
dairy_and_eggs,Milk 2 Go,"Sport, Vanilla","Milk 2 GoSport, Vanilla325 ml",$2.59ea,,$0.80/ 100ml,False,zehrs,0.008,ml,2.59
dairy_and_eggs,Fairlife,Ultrafiltered Partly Skimmed Milk Lactose Free 2% M.F,FairlifeUltrafiltered Partly Skimmed Milk Lactose Free 2% M.F240 ml,$2.49ea,,$1.04/ 100ml,False,zehrs,0.0104,ml,2.49
dairy_and_eggs,Yoplait,Source Raspberry/Fieldberry/Strawberry/Peach  0% MF Yogurt,YoplaitSource Raspberry/Fieldberry/Strawberry/Peach  0% MF Yogurt16x100.0 g,$6.99ea,$6.49ea,$0.41/ 100g,True,zehrs,0.0040999999999999995,g,6.49
dairy_and_eggs,Lactantia,Chocolate Milk,LactantiaChocolate Milk1.5 l,$5.59ea,,$0.37/ 100ml,False,zehrs,0.0037,ml,5.59
dairy_and_eggs,MacLarens,Cheese Spread,MacLarensCheese Spread230 g,$8.49ea,,$3.69/ 100g,False,zehrs,0.0369,g,8.49
dairy_and_eggs,Oikos,"Greek Yogurt, Strawberry Flavour, Fruit On The Bottom, 2% M.F.","OikosGreek Yogurt, Strawberry Flavour, Fruit On The Bottom, 2% M.F.4x100.0 g",$4.79ea,,$1.20/ 100g,False,zehrs,0.012,g,4.79
dairy_and_eggs,Becel,Margarine with Olive Oil,BecelMargarine with Olive Oil454 g,$5.49ea,,$1.29/ 100g,False,zehrs,0.0129,g,5.49
dairy_and_eggs,Becel,Margarine with Oat Beverage,BecelMargarine with Oat Beverage427 g,$5.49ea,,$1.29/ 100g,False,zehrs,0.0129,g,5.49
dairy_and_eggs,Activia,"Probiotic Yogurt, Raspberry/Apple/Blackberry/Strawberry Flavour, 12XG","ActiviaProbiotic Yogurt, Raspberry/Apple/Blackberry/Strawberry Flavour, 12XG12x100.0 g",$6.49ea,,$0.54/ 100g,False,zehrs,0.0054,g,6.49
dairy_and_eggs,Fairlife,Chocolate Ultrafiltered Partly Skimmed Milk Lactose Free 2% M.F.,FairlifeChocolate Ultrafiltered Partly Skimmed Milk Lactose Free 2% M.F.240 ml,$2.49ea,,$1.04/ 100ml,False,zehrs,0.0104,ml,2.49
dairy_and_eggs,Philadelphia,Onion Dip,PhiladelphiaOnion Dip227 g,$5.29ea,,$2.33/ 100g,False,zehrs,0.0233,g,5.29
dairy_and_eggs,Oikos,"Greek Yogurt, Strawberry-Banana Flavour, Blended, 2% M.F.","OikosGreek Yogurt, Strawberry-Banana Flavour, Blended, 2% M.F.4x100.0 g",$4.79ea,,$1.20/ 100g,False,zehrs,0.012,g,4.79
dairy_and_eggs,Liberte,Greek Grk Ex Crm Str/Ban 5%,LiberteGreek Grk Ex Crm Str/Ban 5%650 g,$6.49ea,$4.99ea,$0.77/ 100g,True,zehrs,0.0077,g,4.99
dairy_and_eggs,Cracker Barrel,Slice Medium Cheddar Light,Cracker BarrelSlice Medium Cheddar Light240 g,$5.79ea,,$2.41/ 100g,False,zehrs,0.0241,g,5.79
dairy_and_eggs,Oikos,"High Protein Greek Yogurt, Vanilla Flavour, Blended, Value Tub","OikosHigh Protein Greek Yogurt, Vanilla Flavour, Blended, Value Tub650 g",$6.49ea,,$1.00/ 100g,False,zehrs,0.01,g,6.49
dairy_and_eggs,Liberte,Méditerranée Raspbery Cheesecake 9%MF Yogurt,LiberteMéditerranée Raspbery Cheesecake 9%MF Yogurt500 g,$5.79ea,,$1.16/ 100g,False,zehrs,0.0116,g,5.79
dairy_and_eggs,No Name,Light Marble Cheddar Cheese,No NameLight Marble Cheddar Cheese200 g,$4.29ea,,$2.15/ 100g,False,zehrs,0.0215,g,4.29
dairy_and_eggs,The A2 Milk Company,2% M.F. Partly Skimmed Milk,The A2 Milk Company2% M.F. Partly Skimmed Milk2 l,$5.49ea,,$0.27/ 100ml,False,zehrs,0.0027,ml,5.49
dairy_and_eggs,Liberte,Greek Orchard Peach 5% MF Yogurt,LiberteGreek Orchard Peach 5% MF Yogurt4x100.0 g,$4.99ea,,$1.25/ 100g,False,zehrs,0.0125,g,4.99
dairy_and_eggs,IOGO,"0% Strawberry, Raspberry, Blueberry, Cherry Yogurt","IOGO0% Strawberry, Raspberry, Blueberry, Cherry Yogurt16x100.0 g",$8.49ea,,$0.53/ 100g,False,zehrs,0.0053,g,8.49
dairy_and_eggs,Oikos,"Greek Yogurt, Plain, No Added Sugar, 2% Mf, Value Tub","OikosGreek Yogurt, Plain, No Added Sugar, 2% Mf, Value Tub750 g",$6.49ea,,$0.87/ 100g,False,zehrs,0.0087,g,6.49
dairy_and_eggs,Oikos,"Drinkable Greek Yogurt With Banana, Oats, & Seeds, 9G Protein","OikosDrinkable Greek Yogurt With Banana, Oats, & Seeds, 9G Protein190 ml",$2.29ea,,$1.21/ 100ml,False,zehrs,0.0121,ml,2.29
dairy_and_eggs,President's Choice,Shredded Pizza Mozzarella Cheese,President's ChoiceShredded Pizza Mozzarella Cheese620 g,$12.49ea,,$2.01/ 100g,False,zehrs,0.020099999999999996,g,12.49
dairy_and_eggs,IOGO,"Fat Free Yogurt, Strawberry, Blueberry, Peach, Vanilla","IOGOFat Free Yogurt, Strawberry, Blueberry, Peach, Vanilla16x100.0 g",$8.49ea,,$0.53/ 100g,False,zehrs,0.0053,g,8.49
dairy_and_eggs,Yoplait,Yop Drinkable Yogurt Strawberry Banana Flavour 1% M.F.,YoplaitYop Drinkable Yogurt Strawberry Banana Flavour 1% M.F.1.2 l,$6.99ea,,$0.58/ 100ml,False,zehrs,0.0058,ml,6.99
dairy_and_eggs,Kraft,Singles Original Thick Slices,KraftSingles Original Thick Slices410 g,$5.99ea,,$1.46/ 100g,False,zehrs,0.0146,g,5.99
dairy_and_eggs,No Name,Light Coffee Whitener,No NameLight Coffee Whitener450 g,$5.49ea,,$1.22/ 100g,False,zehrs,0.012199999999999999,g,5.49
dairy_and_eggs,Liberte,Greek Yogurt Cream Cappuchino  8%MF,LiberteGreek Yogurt Cream Cappuchino  8%MF650 g,$6.49ea,$4.99ea,$0.77/ 100g,True,zehrs,0.0077,g,4.99
dairy_and_eggs,Black Diamond,Cheddar Cheese Thin Slices,Black DiamondCheddar Cheese Thin Slices410 g,$4.79ea,,$1.17/ 100g,False,zehrs,0.011699999999999999,g,4.79
dairy_and_eggs,Black Diamond,Thin Slice Fat Free Cheese,Black DiamondThin Slice Fat Free Cheese410 g,$4.79ea,,$1.17/ 100g,False,zehrs,0.011699999999999999,g,4.79
dairy_and_eggs,Liberte,Méditerranée Coconut 9% MF Yogurt,LiberteMéditerranée Coconut 9% MF Yogurt500 g,$5.79ea,,$1.16/ 100g,False,zehrs,0.0116,g,5.79
dairy_and_eggs,Silk,"Coconut Yogurt Style, Plain, Unsweetened, Plant Based Dairy Free Yogurt","SilkCoconut Yogurt Style, Plain, Unsweetened, Plant Based Dairy Free Yogurt680 g",$7.49ea,,$1.10/ 100g,False,zehrs,0.011000000000000001,g,7.49
dairy_and_eggs,Armstrong,Natural Swiss Cheese Slice,ArmstrongNatural Swiss Cheese Slice220 g,$5.99ea,,$2.72/ 100g,False,zehrs,0.027200000000000002,g,5.99
dairy_and_eggs,No Name,Farmer's Marble Cheese,No NameFarmer's Marble Cheese400 g,$5.99ea,,$1.50/ 100g,False,zehrs,0.015,g,5.99
dairy_and_eggs,Cracker Barrel,Shreds Tex Mex,Cracker BarrelShreds Tex Mex320 g,$7.79ea,,$2.43/ 100g,False,zehrs,0.024300000000000002,g,7.79
dairy_and_eggs,Becel,Margarine with Oat Beverage,BecelMargarine with Oat Beverage850 g,$9.29ea,,$1.09/ 100g,False,zehrs,0.0109,g,9.29
dairy_and_eggs,Armstrong,Pizza Mozz Cheese Slice,ArmstrongPizza Mozz Cheese Slice240 g,$6.49ea,,$2.70/ 100g,False,zehrs,0.027000000000000003,g,6.49
dairy_and_eggs,Yoplait,Drinkable Yogurt Strawberry-Raspberry 1.5% M.F.,YoplaitDrinkable Yogurt Strawberry-Raspberry 1.5% M.F.8x93.0 ml,$6.49ea,,$0.87/ 100ml,False,zehrs,0.0087,ml,6.49
dairy_and_eggs,Earth Balance,Soy Free Buttery Spread    ,Earth BalanceSoy Free Buttery Spread    425 g,$5.49ea,,$1.29/ 100g,False,zehrs,0.0129,g,5.49
dairy_and_eggs,Olympic,Yogurt-French Vanilla,OlympicYogurt-French Vanilla1.75 kg,$11.99ea,,$0.69/ 100g,False,zehrs,0.0069,g,11.99
dairy_and_eggs,Activia,"Probiotic Yogurt, Blueberry/Vanilla","ActiviaProbiotic Yogurt, Blueberry/Vanilla12x100.0 g",$6.49ea,,$0.54/ 100g,False,zehrs,0.0054,g,6.49
dairy_and_eggs,Tre Stelle,Tre Stelle Cream Cheese Original    ,Tre StelleTre Stelle Cream Cheese Original    200 g,$4.49ea,,$2.25/ 100g,False,zehrs,0.0225,g,4.49
dairy_and_eggs,Philadelphia,Mixed Berry Whipped Cream Cheese Product,PhiladelphiaMixed Berry Whipped Cream Cheese Product227 g,$5.29ea,,$2.33/ 100g,False,zehrs,0.0233,g,5.29
dairy_and_eggs,PC Organics,"Organic Fresh Churned Butter, Salted","PC OrganicsOrganic Fresh Churned Butter, Salted250 g",$6.99ea,,$2.80/ 100g,False,zehrs,0.027999999999999997,g,6.99
dairy_and_eggs,Spread 'Em Kitchen Co.,The Meadow,Spread 'Em Kitchen Co.The Meadow200 g,$10.99ea,,$5.50/ 100g,False,zehrs,0.055,g,10.99
dairy_and_eggs,Violife, Cheddar Style Shreds,Violife Cheddar Style Shreds227 g,$6.99ea,$5.99ea,$2.64/ 100g,True,zehrs,0.0264,g,5.99
dairy_and_eggs,Earth Island,Alternative Sour Cream,Earth IslandAlternative Sour Cream473 ml,$11.99ea,,$2.53/ 100ml,False,zehrs,0.0253,ml,11.99
dairy_and_eggs,Riviera,"Goat Yogurt, Plain 4.9%","RivieraGoat Yogurt, Plain 4.9%500 g",$6.49ea,,$1.30/ 100ml,False,zehrs,0.013000000000000001,ml,6.49
dairy_and_eggs,Tre Stelle,Tre Stelle Organic Cream Cheese Spread,Tre StelleTre Stelle Organic Cream Cheese Spread200 g,$4.49ea,,$2.25/ 100g,False,zehrs,0.0225,g,4.49
dairy_and_eggs,Yoplait,Source Fieldberry Yogurt 0% MF,YoplaitSource Fieldberry Yogurt 0% MF630 g,$4.79ea,,$0.76/ 100g,False,zehrs,0.0076,g,4.79
dairy_and_eggs,Yoplait,Special Edition Yogurt,YoplaitSpecial Edition Yogurt8x56.0 g,$4.79ea,,$1.07/ 100g,False,zehrs,0.010700000000000001,g,4.79
dairy_and_eggs,President's Choice,Plant Based Coconut Cream Cheese-Style Spread,President's ChoicePlant Based Coconut Cream Cheese-Style Spread227 g,$3.49ea,,$1.54/ 100g,False,zehrs,0.0154,g,3.49
dairy_and_eggs,PC Organics,Organic Free-Range Egg Whites,PC OrganicsOrganic Free-Range Egg Whites500 g,$4.99ea,,$1.00/ 100g,False,zehrs,0.01,g,4.99
dairy_and_eggs,Silk,"Dairy-Free Whipping Cream Alternative, Coconut based","SilkDairy-Free Whipping Cream Alternative, Coconut based473 ml",$5.49ea,,$1.16/ 100ml,False,zehrs,0.0116,ml,5.49
dairy_and_eggs,PC Organics,Balkan Style Yogurt Plain 6% M.F. ,PC OrganicsBalkan Style Yogurt Plain 6% M.F. 500 g,$4.49ea,,$0.90/ 100g,False,zehrs,0.009000000000000001,g,4.49
dairy_and_eggs,Earth Island,Cheddar Cheese Slices,Earth IslandCheddar Cheese Slices200 g,$8.99ea,,$4.50/ 100g,False,zehrs,0.045,g,8.99
dairy_and_eggs,IOGO,"Nano Yogurt, Peach 1%","IOGONano Yogurt, Peach 1%6x93.0 ml",$4.79ea,,$0.86/ 100ml,False,zehrs,0.0086,ml,4.79
dairy_and_eggs,PC Blue Menu,Blue Menu Calorie Reduced Margarine,PC Blue MenuBlue Menu Calorie Reduced Margarine454 g,$4.79ea,,$1.06/ 100g,False,zehrs,0.0106,g,4.79
dairy_and_eggs,No Name,Light Original Cream Cheese Product,No NameLight Original Cream Cheese Product227 g,$3.79ea,,$1.67/ 100g,False,zehrs,0.0167,g,3.79
dairy_and_eggs,No Name,5% M.F. Light Sour Cream,No Name5% M.F. Light Sour Cream500 ml,$3.79ea,,$0.76/ 100ml,False,zehrs,0.0076,ml,3.79
dairy_and_eggs,IOGO,"Nano Drinkable Yogurt, Raspberry","IOGONano Drinkable Yogurt, Raspberry6x93.0 ml",$4.79ea,,$0.86/ 100ml,False,zehrs,0.0086,ml,4.79
dairy_and_eggs,Earths Own,Earthsown Oat Culinary Edition,Earths OwnEarthsown Oat Culinary Edition473 ml,$5.99ea,,$1.27/ 100ml,False,zehrs,0.0127,ml,5.99
dairy_and_eggs,Olympic,"Organic Yogurt, Plain 3.5%","OlympicOrganic Yogurt, Plain 3.5%650 g",$5.99ea,,$0.92/ 100g,False,zehrs,0.0092,g,5.99
dairy_and_eggs,PC Organics,Organic 14% M.F. Sour Cream,PC OrganicsOrganic 14% M.F. Sour Cream500 g,$5.29ea,,$1.06/ 100g,False,zehrs,0.0106,g,5.29
dairy_and_eggs,PC Organics,"Organic Fresh Churned Butter, Unsalted","PC OrganicsOrganic Fresh Churned Butter, Unsalted250 g",$6.99ea,,$2.80/ 100g,False,zehrs,0.027999999999999997,g,6.99
dairy_and_eggs,Becel,Margarine with Olive Oil,BecelMargarine with Olive Oil850 g,$9.29ea,,$1.09/ 100g,False,zehrs,0.0109,g,9.29
dairy_and_eggs,Liberte,Greek Plain 0% MF Yogurt,LiberteGreek Plain 0% MF Yogurt750 g,$6.49ea,$4.99ea,$0.67/ 100g,True,zehrs,0.0067,g,4.99
dairy_and_eggs,Heluva,Sour Cream Dip Nacho Queso Supreme,HeluvaSour Cream Dip Nacho Queso Supreme250 g,$4.49ea,,$1.80/ 100g,False,zehrs,0.018000000000000002,g,4.49
dairy_and_eggs,Saputo,"4-Cheese Blend, Shredded","Saputo4-Cheese Blend, Shredded1 kg",$19.49ea,,$1.95/ 100g,False,zehrs,0.0195,g,19.49
dairy_and_eggs,Lactantia,"Fresh Churned Butter, Salted","LactantiaFresh Churned Butter, Salted454 g",$8.79ea,,$1.94/ 100g,False,zehrs,0.0194,g,8.79
dairy_and_eggs,Activia,"Yogurt With Probiotics, Stawberry Raspberry Flavour","ActiviaYogurt With Probiotics, Stawberry Raspberry Flavour8x100.0 g",$6.69ea,,$0.84/ 100g,False,zehrs,0.0084,g,6.69
dairy_and_eggs,No Name,Whipped Topping ,No NameWhipped Topping 225 g,$3.49ea,,$1.55/ 100g,False,zehrs,0.0155,g,3.49
dairy_and_eggs,Activia,"Immune System, Probiotic Drinkable Yogurt, Peach, 8 Bottles","ActiviaImmune System, Probiotic Drinkable Yogurt, Peach, 8 Bottles8x93.0 ml",$7.29ea,$6.49ea,$0.87/ 100ml,True,zehrs,0.0087,ml,6.49
dairy_and_eggs,President's Choice,Monterey Jack Cheese,President's ChoiceMonterey Jack Cheese400 g,$6.49ea,,$1.62/ 100g,False,zehrs,0.016200000000000003,g,6.49
dairy_and_eggs,Silk,"Soy For Coffee, Original Coffee Creamer","SilkSoy For Coffee, Original Coffee Creamer890 ml",$5.49ea,,$0.62/ 100ml,False,zehrs,0.0062,ml,5.49
dairy_and_eggs,Danone,"Creamy Yogurt Variety Pack, Strawberry-Vanilla / Peach-Vanilla / Cherry-Vanilla / Mango-Vanilla Flavour, 16 Count","DanoneCreamy Yogurt Variety Pack, Strawberry-Vanilla / Peach-Vanilla / Cherry-Vanilla / Mango-Vanilla Flavour, 16 Count16x100.0 g",$8.49ea,$6.99ea,$0.44/ 100g,True,zehrs,0.0044,g,6.99
dairy_and_eggs,Natrel,Lactose Free Homogenized Milk,NatrelLactose Free Homogenized Milk2 l,$6.79ea,,$0.34/ 100ml,False,zehrs,0.0034000000000000002,ml,6.79
dairy_and_eggs,Burnbrae Farms,"Naturegg Nest Laid White Eggs, Large","Burnbrae FarmsNaturegg Nest Laid White Eggs, Large12 eggs",$4.99ea,,$0.42/ 1ea,False,zehrs,0.42,,4.99
dairy_and_eggs,President's Choice,Old Cheddar Cheese,President's ChoiceOld Cheddar Cheese400 g,$6.49ea,,$1.62/ 100g,False,zehrs,0.016200000000000003,g,6.49
dairy_and_eggs,PC Blue Menu,Egg Whites,PC Blue MenuEgg Whites1 kg,$7.99ea,,$0.80/ 100g,False,zehrs,0.008,g,7.99
dairy_and_eggs,Liberte,Greek Coconut 3% MF Yogurt,LiberteGreek Coconut 3% MF Yogurt750 g,$5.99ea,$4.99ea,$0.67/ 100g,True,zehrs,0.0067,g,4.99
dairy_and_eggs,Natrel,Lactose Free 2% Dairy Product (2L),NatrelLactose Free 2% Dairy Product (2L)2 l,$6.69ea,,$0.33/ 100ml,False,zehrs,0.0033,ml,6.69
dairy_and_eggs,President's Choice,Smoke Flavoured Cheddar Cheese,President's ChoiceSmoke Flavoured Cheddar Cheese400 g,$6.49ea,,$1.62/ 100g,False,zehrs,0.016200000000000003,g,6.49
dairy_and_eggs,Burnbrae Farms,"Egg Creations! Whole Eggs, Original","Burnbrae FarmsEgg Creations! Whole Eggs, Original500 g",$5.29ea,,$1.06/ 100g,False,zehrs,0.0106,g,5.29
dairy_and_eggs,Natrel,2% Lactose Free Enriched Milk,Natrel2% Lactose Free Enriched Milk2 l,$7.19ea,,$0.36/ 100ml,False,zehrs,0.0036,ml,7.19
dairy_and_eggs,No Name,Grade A Extra Large Eggs,No NameGrade A Extra Large Eggs12 eggs,$4.29ea,,$0.36/ 1ea,False,zehrs,0.36,,4.29
dairy_and_eggs,Burnbrae Farms,Naturegg Egg Whites,Burnbrae FarmsNaturegg Egg Whites2x250.0 ea,$5.29ea,,$1.06/ 100ml,False,zehrs,0.0106,ml,5.29
dairy_and_eggs,President's Choice,Medium Cheddar Cheese,President's ChoiceMedium Cheddar Cheese400 g,$6.49ea,,$1.62/ 100g,False,zehrs,0.016200000000000003,g,6.49
dairy_and_eggs,PC Blue Menu,Free Run Egg Whites,PC Blue MenuFree Run Egg Whites1 g,$4.99ea,,$1.00/ 100g,False,zehrs,0.01,g,4.99
dairy_and_eggs,Califia Farms,Barista Blend,Califia FarmsBarista Blend946 ml,$6.49ea,,$0.69/ 100ml,False,zehrs,0.0069,ml,6.49
dairy_and_eggs,IOGO,"1.5% Lactose Free Cherry, Lemon, Vanilla, Blackberry-Blueberry Yogurt","IOGO1.5% Lactose Free Cherry, Lemon, Vanilla, Blackberry-Blueberry Yogurt16x100.0 g",$8.49ea,,$0.53/ 100g,False,zehrs,0.0053,g,8.49
dairy_and_eggs,Armstrong,"Cheese, Sliced Cheddar with Jalapeño Mexican Fiesta 31 % M.F.","ArmstrongCheese, Sliced Cheddar with Jalapeño Mexican Fiesta 31 % M.F.220 g",$6.49ea,$5.99ea,$2.72/ 100g,True,zehrs,0.027200000000000002,g,5.99
dairy_and_eggs,Activia,"Immune System, Probiotic Yogurt Drink, Strawberry Drinkable Yogurt, 8 Pack","ActiviaImmune System, Probiotic Yogurt Drink, Strawberry Drinkable Yogurt, 8 Pack8x93.0 ml",$6.49ea,,$0.87/ 100ml,False,zehrs,0.0087,ml,6.49
dairy_and_eggs,Activia,"Yogurt With Probiotics, Blueberry Flavour","ActiviaYogurt With Probiotics, Blueberry Flavour650 g",$3.99ea,,$0.61/ 100g,False,zehrs,0.0060999999999999995,g,3.99
dairy_and_eggs,Oikos,"Greek Yogurt, Raspberry-Pomegramate Flavour, Fruit On Bottom, 2% M.F.,","OikosGreek Yogurt, Raspberry-Pomegramate Flavour, Fruit On Bottom, 2% M.F.,4x100.0 g",$4.79ea,,$1.20/ 100g,False,zehrs,0.012,g,4.79
dairy_and_eggs,Philadelphia,Original Cream Cheese Product,PhiladelphiaOriginal Cream Cheese Product227 g,$5.29ea,,$2.33/ 100g,False,zehrs,0.0233,g,5.29
dairy_and_eggs,No Name,Old Cheddar Cheese Slices ,No NameOld Cheddar Cheese Slices 210 g,$4.99ea,,$2.38/ 100g,False,zehrs,0.023799999999999998,g,4.99
dairy_and_eggs,Danone,Strawberry Flavoured Paw Patrol Yogurt Drink For Kids,DanoneStrawberry Flavoured Paw Patrol Yogurt Drink For Kids8x93.0 ml,$4.49ea,,$0.60/ 100ml,False,zehrs,0.006,ml,4.49
dairy_and_eggs,IOGO,Yogurt Maple Syrup 3.2% M.F.,IOGOYogurt Maple Syrup 3.2% M.F.650 g,$4.49ea,,$0.69/ 100g,False,zehrs,0.0069,g,4.49
dairy_and_eggs,Danone,"Drinkable Yogurt, Strawberry Banana Flavour, Made With Real Fruit, 2% M.F.","DanoneDrinkable Yogurt, Strawberry Banana Flavour, Made With Real Fruit, 2% M.F.190 ml",$1.29ea,,$0.68/ 100ml,False,zehrs,0.0068000000000000005,ml,1.29
dairy_and_eggs,Activia,"Yogurt With Probiotics, Vanilla Flavour, 100G","ActiviaYogurt With Probiotics, Vanilla Flavour, 100G8x100.0 g",$6.69ea,,$0.84/ 100g,False,zehrs,0.0084,g,6.69
dairy_and_eggs,Oikos,"Extra Creamy Greek Yogurt, Cappuccino On The Bottom, 9% M.F.","OikosExtra Creamy Greek Yogurt, Cappuccino On The Bottom, 9% M.F.4x95.0 g",$4.79ea,,$1.26/ 100g,False,zehrs,0.0126,g,4.79
dairy_and_eggs,Activia,"Yogurt With Probiotics, Raspberry Flavour","ActiviaYogurt With Probiotics, Raspberry Flavour650 g",$3.99ea,,$0.61/ 100g,False,zehrs,0.0060999999999999995,g,3.99
dairy_and_eggs,Liberte,"Goat Milk, 2%","LiberteGoat Milk, 2%1 l",$5.49ea,,$0.55/ 100ml,False,zehrs,0.0055000000000000005,ml,5.49
dairy_and_eggs,Becel,Margarine Vegan,BecelMargarine Vegan850 g,$9.29ea,,$1.09/ 100g,False,zehrs,0.0109,g,9.29
dairy_and_eggs,Liberte,Greek Lemon 2% MF Yogurt,LiberteGreek Lemon 2% MF Yogurt750 g,$6.49ea,$4.99ea,$0.67/ 100g,True,zehrs,0.0067,g,4.99
dairy_and_eggs,Silk,"Oat Yogurt Style, Plainluten Free, Vegan","SilkOat Yogurt Style, Plainluten Free, Vegan640 g",$7.49ea,,$1.17/ 100g,False,zehrs,0.011699999999999999,g,7.49
dairy_and_eggs,Liberte,Greek 5% M.F Plain Yogourt,LiberteGreek 5% M.F Plain Yogourt650 g,$6.49ea,$4.99ea,$0.77/ 100g,True,zehrs,0.0077,g,4.99
dairy_and_eggs,Becel,Margarine Original,BecelMargarine Original1.81 kg,$16.99ea,,$1.00/ 100g,False,zehrs,0.01,g,16.99
dairy_and_eggs,Silk,"Plant Based Dairy Free Coconut Yogurt, Strawberry Raspberry Flavour, 4 pack","SilkPlant Based Dairy Free Coconut Yogurt, Strawberry Raspberry Flavour, 4 pack100 g",$4.29ea,$3.99ea,$3.99/ 100g,True,zehrs,0.039900000000000005,g,3.99
dairy_and_eggs,No Name,Dill Pickle Sour Cream Dip,No NameDill Pickle Sour Cream Dip250 g,$3.79ea,,$1.52/ 100g,False,zehrs,0.0152,g,3.79
dairy_and_eggs,Heluva,"Sour Cream Dip, Dill Pickle","HeluvaSour Cream Dip, Dill Pickle250 g",$4.49ea,,$1.80/ 100g,False,zehrs,0.018000000000000002,g,4.49
dairy_and_eggs,Silk,"Plant Based Dairy Free Coconut Yogurt, Vanilla Flavour, 4 pack","SilkPlant Based Dairy Free Coconut Yogurt, Vanilla Flavour, 4 pack100 g",$4.29ea,$3.99ea,$3.99/ 100g,True,zehrs,0.039900000000000005,g,3.99
dairy_and_eggs,Philadelphia,Herb & Garlic Cream Cheese Product,PhiladelphiaHerb & Garlic Cream Cheese Product340 g,$7.49ea,,$2.20/ 100g,False,zehrs,0.022000000000000002,g,7.49
dairy_and_eggs,Organic Meadow,10% Half & Half Organic Cream,Organic Meadow10% Half & Half Organic Cream500 ml,$4.49ea,,$0.90/ 100ml,False,zehrs,0.009000000000000001,ml,4.49
dairy_and_eggs,Lactantia,Whole Milk Organic 3.8% M.F.,LactantiaWhole Milk Organic 3.8% M.F.1.5 l,$5.74ea,,$0.38/ 100ml,False,zehrs,0.0038,ml,5.74
dairy_and_eggs,Riviera,"Vegan Yogurt, Vanilla Coconut","RivieraVegan Yogurt, Vanilla Coconut650 g",$6.49ea,,$1.00/ 100g,False,zehrs,0.01,g,6.49
dairy_and_eggs,PC Blue Menu,Original Margarine,PC Blue MenuOriginal Margarine1.81 kg,$11.99ea,,$0.66/ 100g,False,zehrs,0.0066,g,11.99
dairy_and_eggs,No Name,Herb and Spice Sour Cream Dip,No NameHerb and Spice Sour Cream Dip250 g,$3.79ea,,$1.52/ 100g,False,zehrs,0.0152,g,3.79
dairy_and_eggs,No Name,Marble Cheddar Cheese Slices,No NameMarble Cheddar Cheese Slices230 g,$4.99ea,,$2.17/ 100g,False,zehrs,0.0217,g,4.99
dairy_and_eggs,Earth Island,Mozzarella Style Dairy-Free Cheese,Earth IslandMozzarella Style Dairy-Free Cheese198 g,$6.99ea,,$3.53/ 100g,False,zehrs,0.0353,g,6.99
dairy_and_eggs,Danone,"Drinkable Yogurt, Strawberry, Made With Real Fruit, 2% M.F.","DanoneDrinkable Yogurt, Strawberry, Made With Real Fruit, 2% M.F.190 ml",$1.29ea,,$0.68/ 100ml,False,zehrs,0.0068000000000000005,ml,1.29
dairy_and_eggs,President's Choice,Lactose Free Triple Cheddar Shredded Cheese Blend,President's ChoiceLactose Free Triple Cheddar Shredded Cheese Blend320 g,$6.49ea,,$2.03/ 100g,False,zehrs,0.0203,g,6.49
dairy_and_eggs,Liberte,Strawberry Banana 1.5 % M.F. Drinkable Yogourt,LiberteStrawberry Banana 1.5 % M.F. Drinkable Yogourt1 l,$4.99ea,,$0.50/ 100ml,False,zehrs,0.005,ml,4.99
dairy_and_eggs,Yoplait,Yop Drinkable Yogurt Raspberrry Flavour,YoplaitYop Drinkable Yogurt Raspberrry Flavour200 ml,$1.69ea,,$0.85/ 100ml,False,zehrs,0.0085,ml,1.69
dairy_and_eggs,President's Choice,Shredded Cheddar Cheese With Habanero ,President's ChoiceShredded Cheddar Cheese With Habanero 320 g,$6.49ea,,$2.03/ 100g,False,zehrs,0.0203,g,6.49
dairy_and_eggs,Cracker Barrel,Shreds Light Tex Mex,Cracker BarrelShreds Light Tex Mex320 g,$7.79ea,,$2.43/ 100g,False,zehrs,0.024300000000000002,g,7.79
dairy_and_eggs,President's Choice,Butter Puff Pastry,President's ChoiceButter Puff Pastry450 g,$6.49ea,,$1.44/ 100g,False,zehrs,0.0144,g,6.49
dairy_and_eggs,Activia,"Yogurt With Probiotics, Pear Flavour Tub","ActiviaYogurt With Probiotics, Pear Flavour Tub650 g",$3.99ea,,$0.61/ 100g,False,zehrs,0.0060999999999999995,g,3.99
dairy_and_eggs,No Name,Shredded Edam & Mozzarella Cheese Blend,No NameShredded Edam & Mozzarella Cheese Blend900 g,$14.99ea,,$1.67/ 100g,False,zehrs,0.0167,g,14.99
dairy_and_eggs,Follow Your Heart,Soy Free Vegenaise,Follow Your HeartSoy Free Vegenaise473 ml,$9.49ea,,$2.01/ 100ml,False,zehrs,0.020099999999999996,ml,9.49
dairy_and_eggs,Activia,"Yogurt With Probiotics & Fibre, 3X Vanilla, 3X Blueberry, 3X Peach, 3X Strawberry Kiwi,","ActiviaYogurt With Probiotics & Fibre, 3X Vanilla, 3X Blueberry, 3X Peach, 3X Strawberry Kiwi,12x100.0 g",$6.49ea,,$0.54/ 100g,False,zehrs,0.0054,g,6.49
dairy_and_eggs,PC Organics,"Organic Cheese, Marble Cheddar","PC OrganicsOrganic Cheese, Marble Cheddar200 g",$6.49ea,,$3.25/ 100g,False,zehrs,0.0325,g,6.49
dairy_and_eggs,Liberte,Kéfir Organic 1% MF Strawberry,LiberteKéfir Organic 1% MF Strawberry1000 g,$6.79ea,,$0.68/ 100g,False,zehrs,0.0068000000000000005,g,6.79
dairy_and_eggs,Riviera,Oat Based Vegan Delight Plain,RivieraOat Based Vegan Delight Plain650 g,$6.99ea,,$1.08/ 100g,False,zehrs,0.0108,g,6.99
dairy_and_eggs,Lactantia,Partly Skimmed Milk Organic 1% M.F.,LactantiaPartly Skimmed Milk Organic 1% M.F.1.5 l,$5.74ea,,$0.38/ 100ml,False,zehrs,0.0038,ml,5.74
dairy_and_eggs,Activia,"Yogurt With Probiotics, Strawberry Flavour","ActiviaYogurt With Probiotics, Strawberry Flavour12x100.0 g",$6.49ea,,$0.54/ 100g,False,zehrs,0.0054,g,6.49
dairy_and_eggs,PC Organics,"Organic Cheese, Medium Cheddar","PC OrganicsOrganic Cheese, Medium Cheddar200 g",$6.49ea,,$3.25/ 100g,False,zehrs,0.0325,g,6.49
dairy_and_eggs,Yoplait,Source Peach Yogurt 0% MF,YoplaitSource Peach Yogurt 0% MF630 g,$4.79ea,,$0.76/ 100g,False,zehrs,0.0076,g,4.79
dairy_and_eggs,Philadelphia,Light Cream Cheese,PhiladelphiaLight Cream Cheese450 g,$8.99ea,,$2.00/ 100g,False,zehrs,0.02,g,8.99
dairy_and_eggs,Spread 'Em Kitchen Co.,The Big Smoke,Spread 'Em Kitchen Co.The Big Smoke200 g,$10.99ea,,$5.50/ 100g,False,zehrs,0.055,g,10.99
dairy_and_eggs,Yoplait,Minigo 3% MF Fresh Cheese Strawberry/Strawberry-Vanilla/Strawberry-Banana,YoplaitMinigo 3% MF Fresh Cheese Strawberry/Strawberry-Vanilla/Strawberry-Banana6x60.0 g,$4.79ea,,$1.33/ 100g,False,zehrs,0.013300000000000001,g,4.79
dairy_and_eggs,Activia,"Probiotic Yogurt, 4X Blueberry, 4X Strawberry & Rhubarb, 8 Pack","ActiviaProbiotic Yogurt, 4X Blueberry, 4X Strawberry & Rhubarb, 8 Pack8x100.0 g",$6.69ea,,$0.84/ 100g,False,zehrs,0.0084,g,6.69
dairy_and_eggs,Pillsbury,Grands Cinnamon Rolls Regular   ,PillsburyGrands Cinnamon Rolls Regular   496 g,$5.29ea,,$1.07/ 100g,False,zehrs,0.010700000000000001,g,5.29
dairy_and_eggs,Starbucks,Caramel Macchiato Liquid Coffee Enhancer,StarbucksCaramel Macchiato Liquid Coffee Enhancer828 ml,$7.99ea,,$0.96/ 100ml,False,zehrs,0.0096,ml,7.99
dairy_and_eggs,President's Choice,Strawberry 0% M.F. Greek Yogurt ,President's ChoiceStrawberry 0% M.F. Greek Yogurt 4x100.0 g,$3.79ea,,$0.95/ 100g,False,zehrs,0.0095,g,3.79
dairy_and_eggs,Cracker Barrel,Shreds Mozza Cheddar,Cracker BarrelShreds Mozza Cheddar320 g,$7.79ea,,$2.43/ 100g,False,zehrs,0.024300000000000002,g,7.79
dairy_and_eggs,Danone,"Drinkable Yogurt, Peach Flavour, Made With Real Fruit, 2% M.F.","DanoneDrinkable Yogurt, Peach Flavour, Made With Real Fruit, 2% M.F.190 ml",$1.29ea,,$0.68/ 100ml,False,zehrs,0.0068000000000000005,ml,1.29
dairy_and_eggs,Lactantia,"Butter Sticks, Salted","LactantiaButter Sticks, Salted4x113.0 g",$8.99ea,,$1.99/ 100g,False,zehrs,0.0199,g,8.99
dairy_and_eggs,Liberte,Méditerranée Plain 10% MF Yogurt Limited Edition,LiberteMéditerranée Plain 10% MF Yogurt Limited Edition900 g,$5.99ea,$4.99ea,$0.55/ 100g,True,zehrs,0.0055000000000000005,g,4.99
dairy_and_eggs,Oikos,"Extra Creamy Greek Yogurt, Black Cherry, Fruit On The Bottom, 9% M.F.","OikosExtra Creamy Greek Yogurt, Black Cherry, Fruit On The Bottom, 9% M.F.4x95.0 g",$4.79ea,,$1.26/ 100g,False,zehrs,0.0126,g,4.79
dairy_and_eggs,Liberte,Yogourt Black Cherry 9 % M.F.,LiberteYogourt Black Cherry 9 % M.F.4x100.0 g,$4.99ea,,$1.25/ 100g,False,zehrs,0.0125,g,4.99
dairy_and_eggs,Becel,Margarine Vegan,BecelMargarine Vegan454 g,$5.49ea,,$1.29/ 100g,False,zehrs,0.0129,g,5.49
dairy_and_eggs,Neilson,"Milk, Ultrafiltered Partly Skimmed 2% M.F.","NeilsonMilk, Ultrafiltered Partly Skimmed 2% M.F.1 l",$4.59ea,$3.69ea,$0.37/ 100ml,True,zehrs,0.0037,ml,3.69
dairy_and_eggs,Liberte,Greek Vanilla Bean 5% MF Yogurt,LiberteGreek Vanilla Bean 5% MF Yogurt4x100.0 g,$4.99ea,,$1.25/ 100g,False,zehrs,0.0125,g,4.99
dairy_and_eggs,President's Choice,Triple Cheddar Shredded Cheese Blend,President's ChoiceTriple Cheddar Shredded Cheese Blend320 g,$6.49ea,,$2.03/ 100g,False,zehrs,0.0203,g,6.49
dairy_and_eggs,Liberte,Greek Raspberry 5% MF Yogurt,LiberteGreek Raspberry 5% MF Yogurt4x100.0 g,$4.99ea,,$1.25/ 100g,False,zehrs,0.0125,g,4.99
dairy_and_eggs,Fairlife,Lactose Free Skim Ultrafiltered Milk,FairlifeLactose Free Skim Ultrafiltered Milk1.5 l,$5.29ea,,$0.35/ 100ml,False,zehrs,0.0034999999999999996,ml,5.29
dairy_and_eggs,Kraft,Singles Original Slices,KraftSingles Original Slices410 g,$5.99ea,,$1.46/ 100g,False,zehrs,0.0146,g,5.99
dairy_and_eggs,No Name,Marble Cheddar Cheese,No NameMarble Cheddar Cheese400 g,$5.99ea,,$1.50/ 100g,False,zehrs,0.015,g,5.99
dairy_and_eggs,IOGO,1% Lactose Free Strawberry-Banana Drinkable Yogurt,IOGO1% Lactose Free Strawberry-Banana Drinkable Yogurt6x93.0 ml,$4.79ea,,$0.86/ 100g,False,zehrs,0.0086,g,4.79
dairy_and_eggs,President's Choice,Berries & Cherries Skyr Icelandic Style 0% M.F. Yogurt,President's ChoiceBerries & Cherries Skyr Icelandic Style 0% M.F. Yogurt500 g,$5.99ea,,$1.20/ 100g,False,zehrs,0.012,g,5.99
dairy_and_eggs,Cracker Barrel,Bar Marble Cheddar,Cracker BarrelBar Marble Cheddar400 g,$9.29ea,,$2.32/ 100g,False,zehrs,0.0232,g,9.29
dairy_and_eggs,PC Blue Menu,Blue Menu Original Margarine,PC Blue MenuBlue Menu Original Margarine454 g,$4.79ea,,$1.06/ 100g,False,zehrs,0.0106,g,4.79
dairy_and_eggs,IOGO,"Yogurt Duo, Pineapple-Coconut-Banana, Raspberry, Orange-Mandarin, Peach-Mango","IOGOYogurt Duo, Pineapple-Coconut-Banana, Raspberry, Orange-Mandarin, Peach-Mango16x100.0 g",$8.49ea,,$0.53/ 100g,False,zehrs,0.0053,g,8.49
dairy_and_eggs,Silk,"Plant Based Dairy Free Coconut Yogurt, Vanilla Flavour, 4 pack","SilkPlant Based Dairy Free Coconut Yogurt, Vanilla Flavour, 4 pack100 g",$4.29ea,$3.99ea,$3.99/ 100g,True,zehrs,0.039900000000000005,g,3.99
dairy_and_eggs,Philadelphia,Light Cream Cheese,PhiladelphiaLight Cream Cheese450 g,$8.99ea,,$2.00/ 100g,False,zehrs,0.02,g,8.99
dairy_and_eggs,Spread 'Em Kitchen Co.,The Big Smoke,Spread 'Em Kitchen Co.The Big Smoke200 g,$10.99ea,,$5.50/ 100g,False,zehrs,0.055,g,10.99
dairy_and_eggs,No Name,Shredded Edam & Mozzarella Cheese Blend,No NameShredded Edam & Mozzarella Cheese Blend900 g,$14.99ea,,$1.67/ 100g,False,zehrs,0.0167,g,14.99
dairy_and_eggs,Oikos,"Greek Yogurtimited Edition, Vanilla Chai Flavour, 4X100G","OikosGreek Yogurtimited Edition, Vanilla Chai Flavour, 4X100G4x100.0 g",$4.79ea,,$1.20/ 100g,False,zehrs,0.012,g,4.79
dairy_and_eggs,No Name,Pasteurized Light Cream Cheese Spread,No NamePasteurized Light Cream Cheese Spread250 g,$3.79ea,,$1.52/ 100g,False,zehrs,0.0152,g,3.79
dairy_and_eggs,Pillsbury,Chub Chocolate Chunk Cookie   ,PillsburyChub Chocolate Chunk Cookie   468 g,$4.29ea,,$0.92/ 100g,False,zehrs,0.0092,g,4.29
dairy_and_eggs,President's Choice,Lactose Free Old Yellow Cheddar Cheese,President's ChoiceLactose Free Old Yellow Cheddar Cheese400 g,$6.49ea,,$1.62/ 100g,False,zehrs,0.016200000000000003,g,6.49
dairy_and_eggs,Silk,"For Coffee, Hazelnut Flavour, Dairy Free Coffee Creamer","SilkFor Coffee, Hazelnut Flavour, Dairy Free Coffee Creamer473 ml",$2.99ea,,$0.63/ 100ml,False,zehrs,0.0063,ml,2.99
dairy_and_eggs,Pillsbury,Holiday Premium Edition Cookies,PillsburyHoliday Premium Edition Cookies396 g,$4.49ea,,$1.13/ 100g,False,zehrs,0.0113,g,4.49
dairy_and_eggs,Yoso,"Cultured Coconut Yogurt, Unsweetened","YosoCultured Coconut Yogurt, Unsweetened440 g",$6.49ea,,$1.48/ 100g,False,zehrs,0.0148,g,6.49
dairy_and_eggs,Pillsbury,Peanut Butter Cookie Dough,PillsburyPeanut Butter Cookie Dough204 g,$4.49ea,,$2.20/ 100g,False,zehrs,0.022000000000000002,g,4.49
dairy_and_eggs,Natrel,Lactose Free Fat Free Skim 0% Dairy Product (2L),NatrelLactose Free Fat Free Skim 0% Dairy Product (2L)2 l,$6.69ea,,$0.33/ 100ml,False,zehrs,0.0033,ml,6.69
dairy_and_eggs,Burnbrae Farms,Eggs2go! 6 Hard Boiled Peeled Eggs,Burnbrae FarmsEggs2go! 6 Hard Boiled Peeled Eggs6 ea,$4.99ea,,$0.83/ 1ea,False,zehrs,0.83,,4.99
dairy_and_eggs,PC Blue Menu,Blue Menu Free Run Large White Eggs 12 Pack,PC Blue MenuBlue Menu Free Run Large White Eggs 12 Pack12 ea,$6.89ea,,$0.57/ 1ea,False,zehrs,0.57,,6.89
dairy_and_eggs,President's Choice,Cheddar Cheese with Habanero,President's ChoiceCheddar Cheese with Habanero400 g,$6.49ea,,$1.62/ 100g,False,zehrs,0.016200000000000003,g,6.49
dairy_and_eggs,siggi's,Plain Yogurt,siggi'sPlain Yogurt750 g,$7.49ea,,$1.00/ 100g,False,zehrs,0.01,g,7.49
dairy_and_eggs,siggi's,"Yogurt, Vanilla Cinnamon 3.25% M.F. Creamy Skyr","siggi'sYogurt, Vanilla Cinnamon 3.25% M.F. Creamy Skyr650 g",$7.49ea,,$1.15/ 100g,False,zehrs,0.0115,g,7.49
dairy_and_eggs,No Name,Light Marble Cheddar Cheese 19% M.F.,No NameLight Marble Cheddar Cheese 19% M.F.700 g,$9.79ea,,$1.40/ 100g,False,zehrs,0.013999999999999999,g,9.79
dairy_and_eggs,I Can't Believe it's Not,Margarine Spread,I Can't Believe it's NotMargarine Spread454 g,$4.29ea,,$1.00/ 100g,False,zehrs,0.01,g,4.29
dairy_and_eggs,Gay Lea,Butter Grass Fed Unsalted ,Gay LeaButter Grass Fed Unsalted 250 g,$7.49ea,$6.49ea,$2.60/ 100g,True,zehrs,0.026000000000000002,g,6.49
dairy_and_eggs,No Name,1% M.F. Cottage Cheese,No Name1% M.F. Cottage Cheese750 g,$5.99ea,,$0.80/ 100g,False,zehrs,0.008,g,5.99
dairy_and_eggs,No Name,Cheese Sticks Stringable Marble,No NameCheese Sticks Stringable Marble588 g,$11.19ea,,$1.90/ 100g,False,zehrs,0.019,g,11.19
dairy_and_eggs,Oikos,"Greek Yogurt, Banana Flavour, Blended, 2% Mf, 4X100G","OikosGreek Yogurt, Banana Flavour, Blended, 2% Mf, 4X100G4x100.0 g",$4.79ea,,$1.20/ 100g,False,zehrs,0.012,g,4.79
dairy_and_eggs,Pillsbury,Country Biscuits,PillsburyCountry Biscuits340 g,$4.29ea,,$1.26/ 100g,False,zehrs,0.0126,g,4.29
dairy_and_eggs,Astro,"Biobest Probiotic Yogurt, Plain","AstroBiobest Probiotic Yogurt, Plain750 g",$4.79ea,,$0.64/ 100g,False,zehrs,0.0064,g,4.79
dairy_and_eggs,Pillsbury,Crescents Flaky Rolls,PillsburyCrescents Flaky Rolls340 g,$4.29ea,,$1.26/ 100g,False,zehrs,0.0126,g,4.29
dairy_and_eggs,Yoplait,Yop Drinkable Yogurt Strawberry Flavour ,YoplaitYop Drinkable Yogurt Strawberry Flavour 200 ml,$1.69ea,,$0.85/ 100ml,False,zehrs,0.0085,ml,1.69
dairy_and_eggs,Black Diamond,White Cheddar Sliced Cheese,Black DiamondWhite Cheddar Sliced Cheese220 g,$6.99ea,,$3.18/ 100g,False,zehrs,0.0318,g,6.99
dairy_and_eggs,Oikos,"Drinkable Greek Yogurt With Field Berries, Oats, & Seeds, 9G Protein","OikosDrinkable Greek Yogurt With Field Berries, Oats, & Seeds, 9G Protein190 ml",$2.29ea,,$1.21/ 100ml,False,zehrs,0.0121,ml,2.29
dairy_and_eggs,Yummy Doh,Raw Cookie Dough Chocolate Chunk,Yummy DohRaw Cookie Dough Chocolate Chunk400 g,$6.49ea,,$1.62/ 100g,False,zehrs,0.016200000000000003,g,6.49
dairy_and_eggs,Black Diamond,Extra Old Marble Cheese,Black DiamondExtra Old Marble Cheese400 g,$6.99ea,,$1.75/ 100g,False,zehrs,0.0175,g,6.99
dairy_and_eggs,Kraft,Shredded Parmesan Cheese,KraftShredded Parmesan Cheese200 g,$8.99ea,,$4.50/ 100g,False,zehrs,0.045,g,8.99
dairy_and_eggs,Yoplait,Tubes Peach Blueberry Yogurt,YoplaitTubes Peach Blueberry Yogurt8x56.0 g,$4.79ea,,$1.07/ 100g,False,zehrs,0.010700000000000001,g,4.79
dairy_and_eggs,Kraft,Shaved Parmesan Cheese,KraftShaved Parmesan Cheese141 g,$6.99ea,,$4.96/ 100g,False,zehrs,0.0496,g,6.99
dairy_and_eggs,Liberte,Greek Plain 2% MF Yogurt,LiberteGreek Plain 2% MF Yogurt750 g,$6.49ea,$4.99ea,$0.67/ 100g,True,zehrs,0.0067,g,4.99
dairy_and_eggs,Liberte,Greek Vanilla Large Size 0 % M.F. Yogourt,LiberteGreek Vanilla Large Size 0 % M.F. Yogourt1 kg,$9.79ea,,$0.98/ 100g,False,zehrs,0.0098,g,9.79
dairy_and_eggs,Liberte,Greek Peach 2% MF Yogurt,LiberteGreek Peach 2% MF Yogurt750 g,$6.49ea,$4.99ea,$0.67/ 100g,True,zehrs,0.0067,g,4.99
dairy_and_eggs,Saputo,Mozzarellissima 20% 690g ,SaputoMozzarellissima 20% 690g 690 g,$12.79ea,$11.99ea,$1.74/ 100g,True,zehrs,0.0174,g,11.99
dairy_and_eggs,President's Choice,Lactose Free Old White Cheddar Cheese,President's ChoiceLactose Free Old White Cheddar Cheese400 g,$6.49ea,,$1.62/ 100g,False,zehrs,0.016200000000000003,g,6.49
dairy_and_eggs,Becel,Margarine with Avocado Oil,BecelMargarine with Avocado Oil427 g,$5.49ea,,$1.29/ 100g,False,zehrs,0.0129,g,5.49
dairy_and_eggs,Liberte,Greek Lactose Free Vanilla 0% MF Yogurt,LiberteGreek Lactose Free Vanilla 0% MF Yogurt750 g,$5.99ea,$4.99ea,$0.67/ 100g,True,zehrs,0.0067,g,4.99
dairy_and_eggs,No Name,Light Part Skim Mozzarella Cheese,No NameLight Part Skim Mozzarella Cheese400 g,$5.99ea,,$1.50/ 100g,False,zehrs,0.015,g,5.99
dairy_and_eggs,Nestle,COFFEE-MATE Light Powder,NestleCOFFEE-MATE Light Powder450 g,$7.49ea,,$1.66/ 100g,False,zehrs,0.0166,g,7.49
dairy_and_eggs,Pillsbury,Ciinnamon Rolls,PillsburyCiinnamon Rolls351 g,$4.29ea,,$1.22/ 100g,False,zehrs,0.012199999999999999,g,4.29
dairy_and_eggs,President's Choice,Mac & Cheese Shredded Cheese Blend,President's ChoiceMac & Cheese Shredded Cheese Blend320 g,$6.49ea,,$2.03/ 100g,False,zehrs,0.0203,g,6.49
dairy_and_eggs,Danone,"Two Good Greek Yogurt, Vanilla Yogurt Tub, Blended, 2% MF","DanoneTwo Good Greek Yogurt, Vanilla Yogurt Tub, Blended, 2% MF625 g",$5.49ea,,$0.88/ 100g,False,zehrs,0.0088,g,5.49
dairy_and_eggs,Becel,Margarine Original,BecelMargarine Original850 g,$9.29ea,,$1.09/ 100g,False,zehrs,0.0109,g,9.29
dairy_and_eggs,IOGO,Nanö 1% Lactose Free Apple-Grape Drinkable Yogurt,IOGONanö 1% Lactose Free Apple-Grape Drinkable Yogurt6x93.0 ml,$4.79ea,,$0.86/ 100ml,False,zehrs,0.0086,ml,4.79
dairy_and_eggs,President's Choice,Shredded Feta Cheese,President's ChoiceShredded Feta Cheese300 g,$6.49ea,,$2.16/ 100g,False,zehrs,0.0216,g,6.49
dairy_and_eggs,Danone,"Two Good Greek Yogurt, Strawberry Yogurt 4 Pack, Blended, 2% MF","DanoneTwo Good Greek Yogurt, Strawberry Yogurt 4 Pack, Blended, 2% MF380 g",$4.49ea,$3.99ea,$1.05/ 100g,True,zehrs,0.0105,g,3.99
dairy_and_eggs,Kraft,Singles Original Slices,KraftSingles Original Slices825 g,$9.99ea,,$1.21/ 100g,False,zehrs,0.0121,g,9.99
dairy_and_eggs,Spread 'Em Kitchen Co.,The Classic Greek Inspired Cashew Cheeze Block,Spread 'Em Kitchen Co.The Classic Greek Inspired Cashew Cheeze Block200 g,$10.99ea,,$5.50/ 100g,False,zehrs,0.055,g,10.99
dairy_and_eggs,Vegenaise,Original,VegenaiseOriginal473 ml,$6.99ea,,$1.48/ 100ml,False,zehrs,0.0148,ml,6.99
dairy_and_eggs,Miyoko's,Butter Cultured Vegan    ,Miyoko'sButter Cultured Vegan    227 g,$7.99ea,,$3.52/ 100g,False,zehrs,0.0352,g,7.99
dairy_and_eggs,Philadelphia,Herb & Garlic Cream Cheese Product,PhiladelphiaHerb & Garlic Cream Cheese Product227 g,$5.29ea,,$2.33/ 100g,False,zehrs,0.0233,g,5.29
dairy_and_eggs,Silk,"Dairy Free Plant Based Almond Yogurt, Vanilla Flavour","SilkDairy Free Plant Based Almond Yogurt, Vanilla Flavour640 g",$7.49ea,,$1.17/ 100g,False,zehrs,0.011699999999999999,g,7.49
dairy_and_eggs,Becel,Margarine Original,BecelMargarine Original454 g,$5.49ea,,$1.29/ 100g,False,zehrs,0.0129,g,5.49
dairy_and_eggs,Silk,"Coconut Yogurt Style, Raspberry Flavour, Plant Based Dairy Free Yogurt","SilkCoconut Yogurt Style, Raspberry Flavour, Plant Based Dairy Free Yogurt680 g",$7.49ea,,$1.10/ 100g,False,zehrs,0.011000000000000001,g,7.49
dairy_and_eggs,Philadelphia,Original Cream Cheese Product,PhiladelphiaOriginal Cream Cheese Product450 g,$8.99ea,,$2.00/ 100g,False,zehrs,0.02,g,8.99
dairy_and_eggs,Heluva,"Sour Cream Dip, French Onion","HeluvaSour Cream Dip, French Onion250 g",$4.49ea,,$1.80/ 100g,False,zehrs,0.018000000000000002,g,4.49
dairy_and_eggs,Violife,Mature Cheddar Style Slices,ViolifeMature Cheddar Style Slices200 g,$6.99ea,$5.99ea,$3.00/ 100g,True,zehrs,0.03,g,5.99
dairy_and_eggs,Midday Squares,Functional Chocolate Bar Almond Crunch,Midday SquaresFunctional Chocolate Bar Almond Crunch33 g,$2.99ea,,$9.06/ 100g,False,zehrs,0.0906,g,2.99
dairy_and_eggs,Philadelphia,Light Herb & Garlic Cream Cheese,PhiladelphiaLight Herb & Garlic Cream Cheese227 g,$5.29ea,,$2.33/ 100g,False,zehrs,0.0233,g,5.29
dairy_and_eggs,Heluva,"Sour Cream Dip, French Onion","HeluvaSour Cream Dip, French Onion680 g",$5.99ea,,$0.88/ 100g,False,zehrs,0.0088,g,5.99
dairy_and_eggs,Midday Squares,Functional Chocolate Bar Peanut Butta,Midday SquaresFunctional Chocolate Bar Peanut Butta33 g,$2.99ea,,$9.06/ 100g,False,zehrs,0.0906,g,2.99
dairy_and_eggs,Black Diamond,Cheestrings Marble 18% M.F.,Black DiamondCheestrings Marble 18% M.F.252 g,$6.99ea,,$2.77/ 100g,False,zehrs,0.0277,g,6.99
dairy_and_eggs,Earth Balance,Original Buttery Spread,Earth BalanceOriginal Buttery Spread425 g,$5.49ea,,$1.29/ 100g,False,zehrs,0.0129,g,5.49
dairy_and_eggs,Activia,"Probiotic Yogurt, Strawberry/Wildberry/Mango Flavour","ActiviaProbiotic Yogurt, Strawberry/Wildberry/Mango Flavour12x100.0 g",$6.49ea,,$0.54/ 100g,False,zehrs,0.0054,g,6.49
dairy_and_eggs,PC Organics,Organic Mozzarella,PC OrganicsOrganic Mozzarella200 g,$6.49ea,,$3.25/ 100g,False,zehrs,0.0325,g,6.49
dairy_and_eggs,PC Organics,Dairy-Free Coconut Milk Kefir,PC OrganicsDairy-Free Coconut Milk Kefir1000 ml,$5.49ea,,$0.55/ 100ml,False,zehrs,0.0055000000000000005,ml,5.49
dairy_and_eggs,Philadelphia,Whipped Original Cream Cheese Product,PhiladelphiaWhipped Original Cream Cheese Product227 g,$5.29ea,,$2.33/ 100g,False,zehrs,0.0233,g,5.29
dairy_and_eggs,IOGO,"Greek Yogurt, Vanilla 0% ","IOGOGreek Yogurt, Vanilla 0% 750 g",$5.99ea,,$0.80/ 100g,False,zehrs,0.008,g,5.99
dairy_and_eggs,No Name,Shredded Part Skimmed Mozzarella,No NameShredded Part Skimmed Mozzarella320 g,$5.99ea,,$1.87/ 100g,False,zehrs,0.0187,g,5.99
dairy_and_eggs,Activia,"Probiotic Smoothie, Blueberry, Strawberry, & Beet, Drinkable Yogurt","ActiviaProbiotic Smoothie, Blueberry, Strawberry, & Beet, Drinkable Yogurt190 ml",$2.29ea,,$1.21/ 100ml,False,zehrs,0.0121,ml,2.29
dairy_and_eggs,Philadelphia,Original Cream Cheese,PhiladelphiaOriginal Cream Cheese227 g,$6.29ea,,$2.77/ 100g,False,zehrs,0.0277,g,6.29
dairy_and_eggs,No Name,Original Cream Cheese Spread ,No NameOriginal Cream Cheese Spread 340 g,$4.79ea,,$1.41/ 100g,False,zehrs,0.0141,g,4.79
dairy_and_eggs,Riviera,Coconut Milk Vegan Yogurt - Raspberry Blackcurrant,RivieraCoconut Milk Vegan Yogurt - Raspberry Blackcurrant500 g,$6.49ea,,$1.30/ 100g,False,zehrs,0.013000000000000001,g,6.49
dairy_and_eggs,Liberte,Greek Vanilla 0% MF Yogurt,LiberteGreek Vanilla 0% MF Yogurt750 g,$6.49ea,$4.99ea,$0.67/ 100g,True,zehrs,0.0067,g,4.99
dairy_and_eggs,Becel,Unsalted Plant-Based Margarine Bricks,BecelUnsalted Plant-Based Margarine Bricks454 g,$5.89ea,,$1.30/ 100g,False,zehrs,0.013000000000000001,g,5.89
dairy_and_eggs,JUST Egg,Plant Based Egg,JUST EggPlant Based Egg355 ml,$7.49ea,$6.49ea,$1.91/ 100ml,True,zehrs,0.0191,ml,6.49
dairy_and_eggs,Yoplait,Minigo 3% MF Duo Fresh Cheese Strawberry-Banana/Blueberry-Strawberry/Banana-Blueberry,YoplaitMinigo 3% MF Duo Fresh Cheese Strawberry-Banana/Blueberry-Strawberry/Banana-Blueberry6x60.0 g,$4.79ea,,$1.33/ 100g,False,zehrs,0.013300000000000001,g,4.79
dairy_and_eggs,No Name,Unsalted Butter,No NameUnsalted Butter454 g,$6.19ea,,$1.36/ 100g,False,zehrs,0.013600000000000001,g,6.19
dairy_and_eggs,Liberte,Greek Lactose Free Plain 0% MF Yogurt,LiberteGreek Lactose Free Plain 0% MF Yogurt750 g,$5.99ea,$4.99ea,$0.67/ 100g,True,zehrs,0.0067,g,4.99
dairy_and_eggs,Activia,"Yogurt With Probioticsactose Free, Strawberry, Blueberry, Peach, Mango Flavour, 12XG","ActiviaYogurt With Probioticsactose Free, Strawberry, Blueberry, Peach, Mango Flavour, 12XG12x100.0 g",$6.49ea,,$0.54/ 100g,False,zehrs,0.0054,g,6.49
dairy_and_eggs,Saputo,Mozzarellissima Light,SaputoMozzarellissima Light500 g,$9.29ea,,$1.86/ 100g,False,zehrs,0.018600000000000002,g,9.29
dairy_and_eggs,No Name,Tart Shells,No NameTart Shells30 ea,$7.49ea,,$1.31/ 100g,False,zehrs,0.0131,g,7.49
dairy_and_eggs,Kraft,Singles Original Thick Slices,KraftSingles Original Thick Slices825 g,$9.99ea,,$1.21/ 100g,False,zehrs,0.0121,g,9.99
dairy_and_eggs,Black Diamond,"Cheese Mozzarella, 27% M.F.","Black DiamondCheese Mozzarella, 27% M.F.400 g",$6.99ea,,$1.75/ 100g,False,zehrs,0.0175,g,6.99
dairy_and_eggs,No Name,Salted Butter,No NameSalted Butter454 g,$6.19ea,,$1.36/ 100g,False,zehrs,0.013600000000000001,g,6.19
dairy_and_eggs,Liberte,Yogourt Wild Blueberry 9 % M.F.,LiberteYogourt Wild Blueberry 9 % M.F.4x100.0 g,$4.99ea,,$1.25/ 100g,False,zehrs,0.0125,g,4.99
dairy_and_eggs,Pillsbury,Flaky Real Apple Turnovers,PillsburyFlaky Real Apple Turnovers383 g,$4.49ea,,$1.17/ 100g,False,zehrs,0.011699999999999999,g,4.49
dairy_and_eggs,Neilson,Strawberry Milkshake,NeilsonStrawberry Milkshake310 ml,$1.00ea,,$0.32/ 100ml,False,zehrs,0.0032,ml,1.00
dairy_and_eggs,Activia,"Yogurt With Probiotics, Fieldberry Flavour Tub","ActiviaYogurt With Probiotics, Fieldberry Flavour Tub650 g",$3.99ea,,$0.61/ 100g,False,zehrs,0.0060999999999999995,g,3.99
dairy_and_eggs,Liberte,Méditerranée Apple Pie 9%MF Yogurt,LiberteMéditerranée Apple Pie 9%MF Yogurt500 g,$5.79ea,,$1.16/ 100g,False,zehrs,0.0116,g,5.79
dairy_and_eggs,Lactantia,"Lactose Free Butter, Salted","LactantiaLactose Free Butter, Salted250 g",$6.49ea,,$2.60/ 100g,False,zehrs,0.026000000000000002,g,6.49
dairy_and_eggs,President's Choice,Tex Mex Shredded Cheese Blend,President's ChoiceTex Mex Shredded Cheese Blend320 g,$6.49ea,,$2.03/ 100g,False,zehrs,0.0203,g,6.49
dairy_and_eggs,Del Monte,Red Grapefruit In Slightly Sweetened Water 8 Cups (Case),Del MonteRed Grapefruit In Slightly Sweetened Water 8 Cups (Case)8x190.0 ml,$17.99ea,,$1.18/ 100ml,False,zehrs,0.0118,ml,17.99
dairy_and_eggs,Philadelphia,Smoked Salmon Cream Cheese Product,PhiladelphiaSmoked Salmon Cream Cheese Product227 g,$5.29ea,,$2.33/ 100g,False,zehrs,0.0233,g,5.29
dairy_and_eggs,Lactantia,Unsalted Butter,LactantiaUnsalted Butter454 g,$8.79ea,,$1.94/ 100g,False,zehrs,0.0194,g,8.79
dairy_and_eggs,International Delight,Caramel Macchiato,International DelightCaramel Macchiato946 ml,$5.99ea,,$0.63/ 100ml,False,zehrs,0.0063,ml,5.99
dairy_and_eggs,Pillsbury,Grands! Crescents,PillsburyGrands! Crescents318 g,$4.49ea,,$1.41/ 100g,False,zehrs,0.0141,g,4.49
dairy_and_eggs,No Name,Pasteurized Cream Cheese,No NamePasteurized Cream Cheese250 g,$3.79ea,,$1.52/ 100g,False,zehrs,0.0152,g,3.79
dairy_and_eggs,No Name,Cream Cheese Spread ,No NameCream Cheese Spread 227 g,$3.79ea,,$1.67/ 100g,False,zehrs,0.0167,g,3.79
dairy_and_eggs,Pillsbury,Chocolatey Chip Cookies,PillsburyChocolatey Chip Cookies468 g,$4.29ea,,$0.92/ 100g,False,zehrs,0.0092,g,4.29
dairy_and_eggs,Burnbrae Farms,Naturegg NestlaidOmega 3 Large Size 12 Eggs,Burnbrae FarmsNaturegg NestlaidOmega 3 Large Size 12 Eggs12 ea,$4.99ea,,$4.99/ 1ea,False,zehrs,4.99,,4.99
dairy_and_eggs,Pillsbury,Pbry Cookie Swt Heart,PillsburyPbry Cookie Swt Heart260 g,$4.49ea,,$1.73/ 100g,False,zehrs,0.0173,g,4.49
dairy_and_eggs,President's Choice,Marble Cheddar Cheese,President's ChoiceMarble Cheddar Cheese400 g,$6.49ea,,$1.62/ 100g,False,zehrs,0.016200000000000003,g,6.49
dairy_and_eggs,President's Choice,Lactose Free Marble Cheddar ,President's ChoiceLactose Free Marble Cheddar 400 g,$6.49ea,,$1.62/ 100g,False,zehrs,0.016200000000000003,g,6.49
dairy_and_eggs,Pillsbury,"Cinnamon Rolls, Strawberry","PillsburyCinnamon Rolls, Strawberry496 g",$4.19ea,,$0.84/ 100g,False,zehrs,0.0084,g,4.19
dairy_and_eggs,President's Choice,Lactose Free Nacho Shredded Cheese Blend,President's ChoiceLactose Free Nacho Shredded Cheese Blend320 g,$6.49ea,,$2.03/ 100g,False,zehrs,0.0203,g,6.49
dairy_and_eggs,President's Choice,Monterey Jack Cheese With Jalapeño,President's ChoiceMonterey Jack Cheese With Jalapeño400 g,$6.49ea,,$1.62/ 100g,False,zehrs,0.016200000000000003,g,6.49
dairy_and_eggs,President's Choice,Extra Old White Cheddar,President's ChoiceExtra Old White Cheddar400 g,$6.49ea,,$1.62/ 100g,False,zehrs,0.016200000000000003,g,6.49
dairy_and_eggs,PC Blue Menu,Blue Menu Free Run Large Brown Eggs 12 Pack,PC Blue MenuBlue Menu Free Run Large Brown Eggs 12 Pack12 eggs,$7.39ea,,$0.62/ 1ea,False,zehrs,0.62,,7.39
dairy_and_eggs,President's Choice,Free Run Brown Eggs Large,President's ChoiceFree Run Brown Eggs Large12 eggs,$6.59ea,,$0.55/ 1ea,False,zehrs,0.55,,6.59
dairy_and_eggs,siggi's,Simple Ingredient Skyr Black Cherry 2% M.F.,siggi'sSimple Ingredient Skyr Black Cherry 2% M.F.650 g,$7.49ea,,$1.15/ 100g,False,zehrs,0.0115,g,7.49
dairy_and_eggs,siggi's,Coffee Creamy Skyr 3.25% M.F.,siggi'sCoffee Creamy Skyr 3.25% M.F.650 g,$7.49ea,,$1.15/ 100g,False,zehrs,0.0115,g,7.49
dairy_and_eggs,Pillsbury,"Wiener Wrap, Regular","PillsburyWiener Wrap, Regular200 g",$3.19ea,,$1.60/ 100g,False,zehrs,0.016,g,3.19
dairy_and_eggs,PC Organics,Organic Skyr Yogurt 0% Mf Plain,PC OrganicsOrganic Skyr Yogurt 0% Mf Plain500 g,$5.49ea,,$1.10/ 100g,False,zehrs,0.011000000000000001,g,5.49
dairy_and_eggs,Riviera,Oat Based Vegan Delight Vanilla,RivieraOat Based Vegan Delight Vanilla650 g,$6.99ea,,$1.08/ 100g,False,zehrs,0.0108,g,6.99
dairy_and_eggs,Lactantia,Butter Sticks Salted with Sea Salt,LactantiaButter Sticks Salted with Sea Salt454 g,$8.99ea,,$1.98/ 100g,False,zehrs,0.019799999999999998,g,8.99
dairy_and_eggs,Philadelphia,Dill Pickle Dip,PhiladelphiaDill Pickle Dip340 g,$7.49ea,,$2.20/ 100g,False,zehrs,0.022000000000000002,g,7.49
dairy_and_eggs,Earth Island,Shredded Cheese Alternative Parmesan Style,Earth IslandShredded Cheese Alternative Parmesan Style113 g,$7.99ea,,$7.07/ 100g,False,zehrs,0.0707,g,7.99
dairy_and_eggs,IOGO,"Nano Drinkable Yogurt, Strawberry","IOGONano Drinkable Yogurt, Strawberry6x93.0 ml",$4.79ea,,$0.86/ 100ml,False,zehrs,0.0086,ml,4.79
dairy_and_eggs,Philadelphia,French Onion Dip,PhiladelphiaFrench Onion Dip227 g,$5.29ea,,$2.33/ 100g,False,zehrs,0.0233,g,5.29
dairy_and_eggs,PC Blue Menu,Blue Menu Margarine with Olive Oil,PC Blue MenuBlue Menu Margarine with Olive Oil907 g,$6.49ea,,$0.72/ 100g,False,zehrs,0.0072,g,6.49
dairy_and_eggs,Becel,Salted Plant-Based Margarine Bricks,BecelSalted Plant-Based Margarine Bricks454 g,$5.89ea,,$1.30/ 100g,False,zehrs,0.013000000000000001,g,5.89
dairy_and_eggs,Violife,Feta Style Block Alternative To Cheese,ViolifeFeta Style Block Alternative To Cheese200 g,$6.99ea,$5.99ea,$3.00/ 100g,True,zehrs,0.03,g,5.99
dairy_and_eggs,Liberte,Greek Strawberry 0% MF Yogurt,LiberteGreek Strawberry 0% MF Yogurt4x100.0 g,$4.99ea,,$1.25/ 100g,False,zehrs,0.0125,g,4.99
dairy_and_eggs,Liberte,Greek Lemon 2% MF Yogurt,LiberteGreek Lemon 2% MF Yogurt4x100.0 g,$4.99ea,,$1.25/ 100g,False,zehrs,0.0125,g,4.99
dairy_and_eggs,IOGO,1% Nano Cherry Drinkable Yogurt,IOGO1% Nano Cherry Drinkable Yogurt6x93.0 ml,$4.79ea,,$0.86/ 100ml,False,zehrs,0.0086,ml,4.79
dairy_and_eggs,Tim Hortons,"K-cup Pods Medium Roast, Maple","Tim HortonsK-cup Pods Medium Roast, Maple12 ea",$12.99ea,,$1.08/ 1ea,False,zehrs,1.08,,12.99
dairy_and_eggs,President's Choice,Greek Yogurt Tzatziki Dip,President's ChoiceGreek Yogurt Tzatziki Dip227 g,$3.79ea,,$1.67/ 100g,False,zehrs,0.0167,g,3.79
dairy_and_eggs,Liberte,Greek Black Cherry 2% MF Yogurt ,LiberteGreek Black Cherry 2% MF Yogurt 4x100.0 g,$4.99ea,,$1.25/ 100g,False,zehrs,0.0125,g,4.99
dairy_and_eggs,Liberte,Greek Coconut 2% MF Yogurt,LiberteGreek Coconut 2% MF Yogurt4x100.0 g,$4.99ea,,$1.25/ 100g,False,zehrs,0.0125,g,4.99
dairy_and_eggs,Tim Hortons,Fine Grind Coffee Maple Roast Medium,Tim HortonsFine Grind Coffee Maple Roast Medium300 g,$10.99ea,,$3.66/ 100g,False,zehrs,0.0366,g,10.99
dairy_and_eggs,Yoso,"Soygo Yogurt Blueberry, Vanilla, Strawberry","YosoSoygo Yogurt Blueberry, Vanilla, Strawberry6x125.0 g",$5.99ea,,$0.80/ 100g,False,zehrs,0.008,g,5.99
dairy_and_eggs,Lactantia,"My Country Butter Sticks, Unsalted","LactantiaMy Country Butter Sticks, Unsalted4x113.5 g",$8.49ea,,$1.87/ 100g,False,zehrs,0.0187,g,8.49
dairy_and_eggs,Earth Island, Mozzarella Slices,Earth Island Mozzarella Slices200 g,$8.99ea,,$4.50/ 100g,False,zehrs,0.045,g,8.99
dairy_and_eggs,Savor,Grass Fed Unsalted Butter,SavorGrass Fed Unsalted Butter250 g,$7.99ea,,$3.20/ 100g,False,zehrs,0.032,g,7.99
dairy_and_eggs,Philadelphia,Strawberry Cream Cheese Product,PhiladelphiaStrawberry Cream Cheese Product227 g,$5.29ea,,$2.33/ 100g,False,zehrs,0.0233,g,5.29
dairy_and_eggs,Philadelphia,Original Cream Cheese Product,PhiladelphiaOriginal Cream Cheese Product340 g,$7.49ea,,$2.20/ 100g,False,zehrs,0.022000000000000002,g,7.49
dairy_and_eggs,No Name,1% M.F. Fat Free Sour Cream ,No Name1% M.F. Fat Free Sour Cream 500 ml,$3.79ea,,$0.76/ 100ml,False,zehrs,0.0076,ml,3.79
dairy_and_eggs,Riviera,"Goat Yogurt, Vanilla 4.9%","RivieraGoat Yogurt, Vanilla 4.9%500 g",$6.49ea,,$1.30/ 100ml,False,zehrs,0.013000000000000001,ml,6.49
dairy_and_eggs,Activia,"Plant-Based Probiotic Yogurt, Cherry And Peach, 8 Pack","ActiviaPlant-Based Probiotic Yogurt, Cherry And Peach, 8 Pack8x100.0 g",$6.69ea,,$0.84/ 100g,False,zehrs,0.0084,g,6.69
dairy_and_eggs,Fairlife,Lactose Free 2% Partly Skimmed Ultrafiltered Milk,FairlifeLactose Free 2% Partly Skimmed Ultrafiltered Milk1.5 l,$5.29ea,,$0.35/ 100ml,False,zehrs,0.0034999999999999996,ml,5.29
dairy_and_eggs,No Name,Swiss Cheese Slices,No NameSwiss Cheese Slices210 g,$4.99ea,,$2.38/ 100g,False,zehrs,0.023799999999999998,g,4.99
dairy_and_eggs,No Name,"Cottage Cheese, 2% M.F.","No NameCottage Cheese, 2% M.F.500 g",$4.99ea,,$1.00/ 100g,False,zehrs,0.01,g,4.99
dairy_and_eggs,Riviera,"Vegan Yogurt, Plain Coconut","RivieraVegan Yogurt, Plain Coconut650 g",$6.49ea,,$1.00/ 100g,False,zehrs,0.01,g,6.49
dairy_and_eggs,PC Organics,"Organic Kefir Milk, Strawberry","PC OrganicsOrganic Kefir Milk, Strawberry1000 ml",$5.49ea,,$0.55/ 100ml,False,zehrs,0.0055000000000000005,ml,5.49
dairy_and_eggs,Liberte,Kéfir Organic 1% MF Raspberry,LiberteKéfir Organic 1% MF Raspberry1000 g,$6.79ea,,$0.68/ 100g,False,zehrs,0.0068000000000000005,g,6.79
dairy_and_eggs,No Name,French Onion Sour Cream Dip ,No NameFrench Onion Sour Cream Dip 250 g,$3.79ea,,$1.52/ 100g,False,zehrs,0.0152,g,3.79
dairy_and_eggs,PC Organics,Organic Plain Kefir Probiotic Fermented 1% M.F. Milk,PC OrganicsOrganic Plain Kefir Probiotic Fermented 1% M.F. Milk1 l,$5.49ea,,$0.55/ 100ml,False,zehrs,0.0055000000000000005,ml,5.49
dairy_and_eggs,Liberte,Greek Coconut 2% MF Yogurt,LiberteGreek Coconut 2% MF Yogurt750 g,$6.49ea,$4.99ea,$0.67/ 100g,True,zehrs,0.0067,g,4.99
dairy_and_eggs,Oikos,"Greek Yogurt With Honey On The Bottom, 2% M.F.","OikosGreek Yogurt With Honey On The Bottom, 2% M.F.4x100.0 g",$4.79ea,,$1.20/ 100g,False,zehrs,0.012,g,4.79
dairy_and_eggs,Becel,Margarine Salted Plant-Based Sticks,BecelMargarine Salted Plant-Based Sticks454 g,$5.49ea,,$1.21/ 100g,False,zehrs,0.0121,g,5.49
dairy_and_eggs,President,Premium Unsalted Cultured Butter,PresidentPremium Unsalted Cultured Butter250 g,$5.19ea,,$2.08/ 100g,False,zehrs,0.0208,g,5.19
dairy_and_eggs,Black Diamond,Marble Cheese,Black DiamondMarble Cheese400 g,$6.99ea,,$1.75/ 100g,False,zehrs,0.0175,g,6.99
dairy_and_eggs,Philadelphia,Dill Pickle Dip,PhiladelphiaDill Pickle Dip227 g,$5.29ea,,$2.33/ 100g,False,zehrs,0.0233,g,5.29
dairy_and_eggs,Riviera,"Goat Yogurt, Vanilla 4.9%","RivieraGoat Yogurt, Vanilla 4.9%500 g",$6.49ea,,$1.30/ 100ml,False,zehrs,0.013000000000000001,ml,6.49
dairy_and_eggs,PC Organics,Organic Skyr Yogurt 0% Mf Plain,PC OrganicsOrganic Skyr Yogurt 0% Mf Plain500 g,$5.49ea,,$1.10/ 100g,False,zehrs,0.011000000000000001,g,5.49
dairy_and_eggs,Riviera,Oat Based Vegan Delight Vanilla,RivieraOat Based Vegan Delight Vanilla650 g,$6.99ea,,$1.08/ 100g,False,zehrs,0.0108,g,6.99
dairy_and_eggs,Lactantia,Butter Sticks Salted with Sea Salt,LactantiaButter Sticks Salted with Sea Salt454 g,$8.99ea,,$1.98/ 100g,False,zehrs,0.019799999999999998,g,8.99
dairy_and_eggs,Philadelphia,Dill Pickle Dip,PhiladelphiaDill Pickle Dip340 g,$7.49ea,,$2.20/ 100g,False,zehrs,0.022000000000000002,g,7.49
dairy_and_eggs,Earth Island,Shredded Cheese Alternative Parmesan Style,Earth IslandShredded Cheese Alternative Parmesan Style113 g,$7.99ea,,$7.07/ 100g,False,zehrs,0.0707,g,7.99
dairy_and_eggs,IOGO,"Nano Drinkable Yogurt, Strawberry","IOGONano Drinkable Yogurt, Strawberry6x93.0 ml",$4.79ea,,$0.86/ 100ml,False,zehrs,0.0086,ml,4.79
dairy_and_eggs,No Name,Sour Cream 14%,No NameSour Cream 14%500 ml,$3.79ea,,$0.76/ 100ml,False,zehrs,0.0076,ml,3.79
dairy_and_eggs,Tim Hortons,Fine Grind Coffee Maple Roast Medium,Tim HortonsFine Grind Coffee Maple Roast Medium300 g,$10.99ea,,$3.66/ 100g,False,zehrs,0.0366,g,10.99
dairy_and_eggs,Yoso,"Soygo Yogurt Blueberry, Vanilla, Strawberry","YosoSoygo Yogurt Blueberry, Vanilla, Strawberry6x125.0 g",$5.99ea,,$0.80/ 100g,False,zehrs,0.008,g,5.99
dairy_and_eggs,Lactantia,"My Country Butter Sticks, Unsalted","LactantiaMy Country Butter Sticks, Unsalted4x113.5 g",$8.49ea,,$1.87/ 100g,False,zehrs,0.0187,g,8.49
dairy_and_eggs,Earth Island, Mozzarella Slices,Earth Island Mozzarella Slices200 g,$8.99ea,,$4.50/ 100g,False,zehrs,0.045,g,8.99
dairy_and_eggs,Savor,Grass Fed Unsalted Butter,SavorGrass Fed Unsalted Butter250 g,$7.99ea,,$3.20/ 100g,False,zehrs,0.032,g,7.99
dairy_and_eggs,Riviera,Coconut Milk Vegan Yogurt - Mango And Passion Fruit,RivieraCoconut Milk Vegan Yogurt - Mango And Passion Fruit500 g,$6.49ea,,$1.30/ 100g,False,zehrs,0.013000000000000001,g,6.49
dairy_and_eggs,Golden Gate,Mirage Margarine,Golden GateMirage Margarine907 g,$7.19ea,,$0.79/ 100g,False,zehrs,0.0079,g,7.19
dairy_and_eggs,PC Blue Menu,Blue Menu Original Margarine,PC Blue MenuBlue Menu Original Margarine907 g,$6.49ea,,$0.72/ 100g,False,zehrs,0.0072,g,6.49
dairy_and_eggs,Liberte,Greek Black Cherry 2% MF Yogurt ,LiberteGreek Black Cherry 2% MF Yogurt 4x100.0 g,$4.99ea,,$1.25/ 100g,False,zehrs,0.0125,g,4.99
dairy_and_eggs,Liberte,Greek Coconut 2% MF Yogurt,LiberteGreek Coconut 2% MF Yogurt4x100.0 g,$4.99ea,,$1.25/ 100g,False,zehrs,0.0125,g,4.99
dairy_and_eggs,Philadelphia,Strawberry Cream Cheese Product,PhiladelphiaStrawberry Cream Cheese Product227 g,$5.29ea,,$2.33/ 100g,False,zehrs,0.0233,g,5.29
dairy_and_eggs,Philadelphia,Original Cream Cheese Product,PhiladelphiaOriginal Cream Cheese Product340 g,$7.49ea,,$2.20/ 100g,False,zehrs,0.022000000000000002,g,7.49
dairy_and_eggs,No Name,1% M.F. Fat Free Sour Cream ,No Name1% M.F. Fat Free Sour Cream 500 ml,$3.79ea,,$0.76/ 100ml,False,zehrs,0.0076,ml,3.79
dairy_and_eggs,Philadelphia,French Onion Dip,PhiladelphiaFrench Onion Dip227 g,$5.29ea,,$2.33/ 100g,False,zehrs,0.0233,g,5.29
dairy_and_eggs,PC Blue Menu,Blue Menu Margarine with Olive Oil,PC Blue MenuBlue Menu Margarine with Olive Oil907 g,$6.49ea,,$0.72/ 100g,False,zehrs,0.0072,g,6.49
dairy_and_eggs,Becel,Salted Plant-Based Margarine Bricks,BecelSalted Plant-Based Margarine Bricks454 g,$5.89ea,,$1.30/ 100g,False,zehrs,0.013000000000000001,g,5.89
dairy_and_eggs,Violife,Feta Style Block Alternative To Cheese,ViolifeFeta Style Block Alternative To Cheese200 g,$6.99ea,$5.99ea,$3.00/ 100g,True,zehrs,0.03,g,5.99
dairy_and_eggs,Liberte,Greek Strawberry 0% MF Yogurt,LiberteGreek Strawberry 0% MF Yogurt4x100.0 g,$4.99ea,,$1.25/ 100g,False,zehrs,0.0125,g,4.99
dairy_and_eggs,Liberte,Greek Lemon 2% MF Yogurt,LiberteGreek Lemon 2% MF Yogurt4x100.0 g,$4.99ea,,$1.25/ 100g,False,zehrs,0.0125,g,4.99
dairy_and_eggs,IOGO,1% Nano Cherry Drinkable Yogurt,IOGO1% Nano Cherry Drinkable Yogurt6x93.0 ml,$4.79ea,,$0.86/ 100ml,False,zehrs,0.0086,ml,4.79
dairy_and_eggs,Tim Hortons,"K-cup Pods Medium Roast, Maple","Tim HortonsK-cup Pods Medium Roast, Maple12 ea",$12.99ea,,$1.08/ 1ea,False,zehrs,1.08,,12.99
dairy_and_eggs,President's Choice,Greek Yogurt Tzatziki Dip,President's ChoiceGreek Yogurt Tzatziki Dip227 g,$3.79ea,,$1.67/ 100g,False,zehrs,0.0167,g,3.79
dairy_and_eggs,Yummy Doh,Raw Cookie Dough Strawberry Confetti,Yummy DohRaw Cookie Dough Strawberry Confetti400 g,$6.49ea,,$1.62/ 100g,False,zehrs,0.016200000000000003,g,6.49
dairy_and_eggs,IOGO,3.2% M.F. Yogurt,IOGO3.2% M.F. Yogurt12x100.0 g,$7.49ea,,$0.62/ 100g,False,zehrs,0.0062,g,7.49
dairy_and_eggs,Cracker Barrel,Signature Shredded Natural Cheese Extra Old & Mozza 31 % M.F.,Cracker BarrelSignature Shredded Natural Cheese Extra Old & Mozza 31 % M.F.300 g,$7.79ea,,$2.60/ 100g,False,zehrs,0.026000000000000002,g,7.79
dairy_and_eggs,Activia,"Immune System, Raspberry Probiotic Yogurt Drink. Lactose Free, 8 Pack","ActiviaImmune System, Raspberry Probiotic Yogurt Drink. Lactose Free, 8 Pack8x93.0 ml",$6.49ea,,$0.87/ 100ml,False,zehrs,0.0087,ml,6.49
dairy_and_eggs,Tim Hortons,Creamy & Sweet Instant Coffee Mix With Natural Flavours,Tim HortonsCreamy & Sweet Instant Coffee Mix With Natural Flavours8 ea,$5.99ea,,$0.75/ 1ea,False,zehrs,0.75,,5.99
dairy_and_eggs,No Name,Swiss Flavour Processed Cheese Product Slices,No NameSwiss Flavour Processed Cheese Product Slices400 g,$4.29ea,,$1.07/ 100g,False,zehrs,0.010700000000000001,g,4.29
dairy_and_eggs,Danone,Strawberry-Banana Flavoured Paw Patrol Yogurt Drink For Kids,DanoneStrawberry-Banana Flavoured Paw Patrol Yogurt Drink For Kids8x93.0 ml,$4.49ea,,$0.60/ 100ml,False,zehrs,0.006,ml,4.49
dairy_and_eggs,Pillsbury,Sugar Cookies,PillsburySugar Cookies468 g,$4.29ea,,$0.92/ 100g,False,zehrs,0.0092,g,4.29
dairy_and_eggs,Pillsbury,Easy Roll Pie Crust   ,PillsburyEasy Roll Pie Crust   400 g,$4.29ea,,$1.07/ 100g,False,zehrs,0.010700000000000001,g,4.29
dairy_and_eggs,No Name,Cream Cheese Product With Jalapeño ,No NameCream Cheese Product With Jalapeño 227 g,$3.79ea,,$1.67/ 100g,False,zehrs,0.0167,g,3.79
dairy_and_eggs,Activia,"Immune System, Probiotic Drinkable Yogurt, Strawberry Banana, 8X","ActiviaImmune System, Probiotic Drinkable Yogurt, Strawberry Banana, 8X8x93.0 ml",$6.49ea,,$0.87/ 100ml,False,zehrs,0.0087,ml,6.49
dairy_and_eggs,Gay Lea,Whipped Topping,Gay LeaWhipped Topping400 g,$5.99ea,,$1.50/ 100g,False,zehrs,0.015,g,5.99
dairy_and_eggs,President's Choice,Naturally Lactose-Free Swiss Cheese ,President's ChoiceNaturally Lactose-Free Swiss Cheese 300 g,$6.49ea,,$2.16/ 100g,False,zehrs,0.0216,g,6.49
dairy_and_eggs,Pillsbury,Crescents - Reduced Fat,PillsburyCrescents - Reduced Fat227 g,$3.19ea,,$1.41/ 100g,False,zehrs,0.0141,g,3.19
dairy_and_eggs,President's Choice,Extra Large Free Run Brown Eggs,President's ChoiceExtra Large Free Run Brown Eggs12 eggs,$7.09ea,,$0.59/ 1ea,False,zehrs,0.59,,7.09
dairy_and_eggs,President's Choice,Mozzarella Cheese ,President's ChoiceMozzarella Cheese 400 g,$6.49ea,,$1.62/ 100g,False,zehrs,0.016200000000000003,g,6.49
dairy_and_eggs,siggi's,"Yogurt, Plain 0% M.F. Icelandic Skyr Thick Yogourt","siggi'sYogurt, Plain 0% M.F. Icelandic Skyr Thick Yogourt750 g",$7.49ea,,$1.00/ 100g,False,zehrs,0.01,g,7.49
bakery,Country Harvest,14 Grains Whole Wheat Bread,Country Harvest14 Grains Whole Wheat Bread600 g,$4.29ea,,$0.72/ 100g,False,zehrs,0.0072,g,4.29
bakery,,White Baguette,White Baguette255 g,$1.69ea,,$0.66/ 100g,False,zehrs,0.0066,g,1.69
bakery,ACE,White Baguette,ACEWhite Baguette350 g,$3.79ea,,$1.08/ 100g,False,zehrs,0.0108,g,3.79
bakery,Old Mill,White Bread,Old MillWhite Bread675 g,$2.69ea,,$0.40/ 100g,False,zehrs,0.004,g,2.69
bakery,President's Choice,Original English Muffins,President's ChoiceOriginal English Muffins342 g,$3.09ea,,$0.90/ 100g,False,zehrs,0.009000000000000001,g,3.09
bakery,Country Harvest,Ancient Grains & Red Fife Bread,Country HarvestAncient Grains & Red Fife Bread600 g,$4.29ea,,$0.72/ 100g,False,zehrs,0.0072,g,4.29
bakery,Wonder,"Bread, Sliced White","WonderBread, Sliced White675 g",$3.79ea,,$0.56/ 100g,False,zehrs,0.005600000000000001,g,3.79
bakery,Farmer's Market,Banana Chocolate Chunk Muffins,Farmer's MarketBanana Chocolate Chunk Muffins600 g,$6.99ea,,$1.17/ 100g,False,zehrs,0.011699999999999999,g,6.99
bakery,No Name,Everything Bagels,No NameEverything Bagels510 g,$2.89ea,,$0.57/ 100g,False,zehrs,0.005699999999999999,g,2.89
bakery,Farmer's Market,Butter Croissant,Farmer's MarketButter Croissant270 g,$5.99ea,,$2.22/ 100g,False,zehrs,0.0222,g,5.99
bakery,Farmer's Market,Chocolate Chip Muffins,Farmer's MarketChocolate Chip Muffins600 g,$6.99ea,,$1.17/ 100g,False,zehrs,0.011699999999999999,g,6.99
bakery,Wonder,"Thin Sandwich Bread, White","WonderThin Sandwich Bread, White675 g",$3.79ea,,$0.56/ 100g,False,zehrs,0.005600000000000001,g,3.79
bakery,Farmer's Market,Blueberry Muffins,Farmer's MarketBlueberry Muffins570 g,$6.99ea,,$1.23/ 100g,False,zehrs,0.0123,g,6.99
bakery,,French Bread Unsliced,French Bread Unsliced450 g,$2.79ea,,$0.62/ 100g,False,zehrs,0.0062,g,2.79
bakery,No Name,"Bagel Plain, 6 Pack","No NameBagel Plain, 6 Pack510 g",$2.89ea,,$0.57/ 100g,False,zehrs,0.005699999999999999,g,2.89
bakery,No Name,Original English Muffins,No NameOriginal English Muffins342 g,$2.89ea,,$0.85/ 100g,False,zehrs,0.0085,g,2.89
bakery,Wonder,White Bread with Fibre,WonderWhite Bread with Fibre675 g,$3.79ea,,$0.56/ 100g,False,zehrs,0.005600000000000001,g,3.79
bakery,Wonder,White Hotdog Buns,WonderWhite Hotdog Buns8x44.5 g,$3.79ea,,$1.06/ 100g,False,zehrs,0.0106,g,3.79
bakery,DItaliano,Brioche-Style Hamburger Buns,DItalianoBrioche-Style Hamburger Buns560 g,$4.29ea,,$0.77/ 100g,False,zehrs,0.0077,g,4.29
bakery,Country Harvest,Stone Milled Whole Wheat Bread,Country HarvestStone Milled Whole Wheat Bread600 g,$4.29ea,,$0.72/ 100g,False,zehrs,0.0072,g,4.29
bakery,DItaliano,Thick Sliced Bread 100% Whole Wheat ,DItalianoThick Sliced Bread 100% Whole Wheat 675 g,$4.29ea,,$0.64/ 100g,False,zehrs,0.0064,g,4.29
bakery,Wonder,100% Whole Wheat Bread,Wonder100% Whole Wheat Bread675 g,$3.79ea,,$0.56/ 100g,False,zehrs,0.005600000000000001,g,3.79
bakery,Farmer's Market,Carrot Muffins,Farmer's MarketCarrot Muffins600 g,$6.99ea,,$1.17/ 100g,False,zehrs,0.011699999999999999,g,6.99
bakery,Wonder,White Bread White Texas,WonderWhite Bread White Texas675 g,$3.79ea,,$0.56/ 100g,False,zehrs,0.005600000000000001,g,3.79
bakery,Country Harvest,Cinnamon Raisin Bread,Country HarvestCinnamon Raisin Bread600 g,$4.29ea,,$0.72/ 100g,False,zehrs,0.0072,g,4.29
bakery,Country Harvest,Quinoa Flax Bread,Country HarvestQuinoa Flax Bread600 g,$4.29ea,,$0.72/ 100g,False,zehrs,0.0072,g,4.29
bakery,Country Harvest,Oat & Honey Whole Wheat Bread,Country HarvestOat & Honey Whole Wheat Bread600 g,$4.29ea,,$0.72/ 100g,False,zehrs,0.0072,g,4.29
bakery,Country Harvest,Protein Bread,Country HarvestProtein Bread600 g,$4.29ea,,$0.72/ 100g,False,zehrs,0.0072,g,4.29
bakery,Country Harvest,Whole Grains Bread No Sugar Added,Country HarvestWhole Grains Bread No Sugar Added600 g,$4.29ea,,$0.72/ 100g,False,zehrs,0.0072,g,4.29
bakery,No Name,Sesame Seed Bagels,No NameSesame Seed Bagels510 g,$2.89ea,,$0.57/ 100g,False,zehrs,0.005699999999999999,g,2.89
bakery,Country Harvest,Original Bagels,Country HarvestOriginal Bagels450 g,$4.29ea,,$0.95/ 100g,False,zehrs,0.0095,g,4.29
bakery,Farmer's Market,Butter Croissants Mini,Farmer's MarketButter Croissants Mini336 g,$5.99ea,,$1.78/ 100g,False,zehrs,0.0178,g,5.99
bakery,,PC Dinner Rolls 60% Whole Wheat,PC Dinner Rolls 60% Whole Wheat12x1.0 ea,$4.29ea,,$0.36/ 1ea,False,zehrs,0.36,,4.29
bakery,,Macarons Assorted Pk 6,Macarons Assorted Pk 696 g,$5.99ea,,$6.24/ 100g,False,zehrs,0.062400000000000004,g,5.99
bakery,Farmer's Market,Cinnamon Coffee Cake,Farmer's MarketCinnamon Coffee Cake500 g,$6.00ea,,$1.20/ 100g,False,zehrs,0.012,g,6.00
bakery,,Submarine Buns 4 Pack,Submarine Buns 4 Pack464 g,$2.79ea,,$2.15/ 100g,False,zehrs,0.0215,g,2.79
bakery,Farmer's Market,Chocolate Cake,Farmer's MarketChocolate Cake490 g,$6.99ea,,$1.43/ 100g,False,zehrs,0.0143,g,6.99
bakery,,1/2 Slab Black Forrest Cake *MINIMUM 24 HOURS NOTICED REQUIRED*,1/2 Slab Black Forrest Cake *MINIMUM 24 HOURS NOTICED REQUIRED*2.4 kg,$49.99ea,,$2.08/ 100g,False,zehrs,0.0208,g,49.99
bakery,,"White Single Layer Celebration Cake, 8 in","White Single Layer Celebration Cake, 8 in500 g",$7.99ea,,$1.60/ 100g,False,zehrs,0.016,g,7.99
bakery,Baxters,Swiss Roll Chocolate,BaxtersSwiss Roll Chocolate6x67.0 g,$5.49ea,,$1.37/ 100g,False,zehrs,0.0137,g,5.49
bakery,,"Cookie and Cream Cake, 8 in","Cookie and Cream Cake, 8 in1.5 kg",$20.99ea,,$1.40/ 100g,False,zehrs,0.013999999999999999,g,20.99
bakery,ACE,Ciabatta Cluster,ACECiabatta Cluster400 g,$3.79ea,,$0.95/ 100g,False,zehrs,0.0095,g,3.79
bakery,President's Choice,Chocolate Chip Mini Muffins,President's ChoiceChocolate Chip Mini Muffins336 g,$5.69ea,,$1.69/ 100g,False,zehrs,0.0169,g,5.69
bakery,ACE,Red Pepper & Tomato Ciabatta ,ACERed Pepper & Tomato Ciabatta 225 g,$2.99ea,,$1.33/ 100g,False,zehrs,0.013300000000000001,g,2.99
bakery,Cadbury,Caramilk Dome Cake,CadburyCaramilk Dome Cake1.2 kg,$16.99ea,,$2.43/ 100g,False,zehrs,0.024300000000000002,g,16.99
bakery,,"5"" Raspberry Crème Cheese Cake","5"" Raspberry Crème Cheese Cake650 g",$12.99ea,,$2.00/ 100g,False,zehrs,0.02,g,12.99
bakery,Farmer's Market,Carrot Cake,Farmer's MarketCarrot Cake875 g,$15.99ea,,$1.83/ 100g,False,zehrs,0.0183,g,15.99
bakery,,Apple Fritter Donut 6 pack,Apple Fritter Donut 6 pack870 g,$7.99ea,,$0.92/ 100g,False,zehrs,0.0092,g,7.99
bakery,ACE,Olive Oil & Sea Salt Mini Crisps,ACEOlive Oil & Sea Salt Mini Crisps180 g,$6.29ea,,$3.49/ 100g,False,zehrs,0.0349,g,6.29
bakery,,Bread 12 Grain Unsliced,Bread 12 Grain Unsliced450 g,$3.99ea,,$0.89/ 100g,False,zehrs,0.0089,g,3.99
bakery,Poppers,Wheat Popped Grains,PoppersWheat Popped Grains120 g,$5.29ea,,$4.41/ 100g,False,zehrs,0.0441,g,5.29
bakery,,1/2 Slab Black Forrest Cake *MINIMUM 24 HOURS NOTICED REQUIRED*,1/2 Slab Black Forrest Cake *MINIMUM 24 HOURS NOTICED REQUIRED*2.4 kg,$49.99ea,,$2.08/ 100g,False,zehrs,0.0208,g,49.99
bakery,,"5"" Raspberry Crème Cheese Cake","5"" Raspberry Crème Cheese Cake650 g",$12.99ea,,$2.00/ 100g,False,zehrs,0.02,g,12.99
bakery,,All Butter Almondine Rolls,All Butter Almondine Rolls255 g,$3.99ea,,$1.16/ 100g,False,zehrs,0.0116,g,3.99
bakery,,"Small Cannoli, 6 Pack","Small Cannoli, 6 Pack6x30.0 g",$5.99ea,,$3.33/ 100g,False,zehrs,0.0333,g,5.99
bakery,,"Kaiser, 60% Whole Wheat","Kaiser, 60% Whole Wheat800 g",$5.29ea,,$0.66/ 100g,False,zehrs,0.0066,g,5.29
bakery,ACE,Red Pepper & Tomato Ciabatta ,ACERed Pepper & Tomato Ciabatta 225 g,$2.99ea,,$1.33/ 100g,False,zehrs,0.013300000000000001,g,2.99
bakery,Farmer's Market,Chocolate Cake,Farmer's MarketChocolate Cake490 g,$6.99ea,,$1.43/ 100g,False,zehrs,0.0143,g,6.99
bakery,,Bagels,Bagels113 g,$0.79ea,,$0.70/ 100g,False,zehrs,0.006999999999999999,g,0.79
bakery,Farmer's Market,Carrot Cake,Farmer's MarketCarrot Cake875 g,$15.99ea,,$1.83/ 100g,False,zehrs,0.0183,g,15.99
bakery,President's Choice,Chocolate Chip Mini Muffins,President's ChoiceChocolate Chip Mini Muffins336 g,$5.69ea,,$1.69/ 100g,False,zehrs,0.0169,g,5.69
bakery,,"Cookie and Cream Cake, 8 in","Cookie and Cream Cake, 8 in1.5 kg",$20.99ea,,$1.40/ 100g,False,zehrs,0.013999999999999999,g,20.99
bakery,,Apple Fritter Donut 6 pack,Apple Fritter Donut 6 pack870 g,$7.99ea,,$0.92/ 100g,False,zehrs,0.0092,g,7.99
bakery,ACE,Ciabatta Cluster,ACECiabatta Cluster400 g,$3.79ea,,$0.95/ 100g,False,zehrs,0.0095,g,3.79
bakery,Farmer's Market,Lemon Curd Cake,Farmer's MarketLemon Curd Cake475 g,$6.99ea,,$1.47/ 100g,False,zehrs,0.0147,g,6.99
bakery,,Cheese Swirl Buns 4 Pack,Cheese Swirl Buns 4 Pack400 g,$5.79ea,,$1.45/ 100g,False,zehrs,0.014499999999999999,g,5.79
bakery,,"Blueberry Pie, 8 Inch","Blueberry Pie, 8 Inch680 g",$6.79ea,,$1.00/ 100g,False,zehrs,0.01,g,6.79
bakery,,Chocolate Fudge 8inch Cake,Chocolate Fudge 8inch Cake1.6 kg,$27.99ea,,$2.00/ 100g,False,zehrs,0.02,g,27.99
bakery,Poppers,Popped Grains Corn Minis,PoppersPopped Grains Corn Minis45 g,$3.99ea,,$8.87/ 100g,False,zehrs,0.08869999999999999,g,3.99
bakery,Sha Sha,Ginger Snap Cookies,Sha ShaGinger Snap Cookies300x300.0 g,$6.99ea,,$2.33/ 100g,False,zehrs,0.0233,g,6.99
bakery,,"White Bread, Sliced","White Bread, Sliced450 g",$2.79ea,,$0.62/ 100g,False,zehrs,0.0062,g,2.79
bakery,,Elite Sweets Milky Way Cake,Elite Sweets Milky Way Cake900 g,$17.49ea,,$1.94/ 100g,False,zehrs,0.0194,g,17.49
bakery,Hostess,Twinkies Cakes,HostessTwinkies Cakes202 g,$3.59ea,,$1.78/ 100g,False,zehrs,0.0178,g,3.59
bakery,Vachon,Ah Louis Cakes,VachonAh Louis Cakes336 g,$4.89ea,,$1.46/ 100g,False,zehrs,0.0146,g,4.89
bakery,,Berry Strudel,Berry Strudel372 g,$4.99ea,,$1.34/ 100g,False,zehrs,0.0134,g,4.99
bakery,,"Bagel, Plain, 6-pack","Bagel, Plain, 6-pack113 g",$3.79ea,,$3.35/ 100g,False,zehrs,0.0335,g,3.79
bakery,,8' Black Forest Cake,8' Black Forest Cake1100 g,$26.99ea,,$2.45/ 100g,False,zehrs,0.0245,g,26.99
bakery,,"7 Grain Bread, Unsliced","7 Grain Bread, Unsliced570 g",$3.99ea,,$0.70/ 100g,False,zehrs,0.006999999999999999,g,3.99
bakery,,"Pumpernickel Bread, Unsliced","Pumpernickel Bread, Unsliced675 g",$4.79ea,,$0.71/ 100g,False,zehrs,0.0070999999999999995,g,4.79
bakery,President's Choice,Triple Chocolate Cake,President's ChoiceTriple Chocolate Cake710 g,$18.99ea,,$2.67/ 100g,False,zehrs,0.026699999999999998,g,18.99
bakery,,"Cookies & Cream Cheesecake, 8 Inch","Cookies & Cream Cheesecake, 8 Inch1300 g",$29.99ea,,$2.31/ 100g,False,zehrs,0.0231,g,29.99
bakery,,Chocolate Explosion Cake,Chocolate Explosion Cake1.2 kg,$27.99ea,,$2.33/ 100g,False,zehrs,0.0233,g,27.99
bakery,Ozery's,Thin Sandwich Buns Flax,Ozery'sThin Sandwich Buns Flax8x75.0 g,$4.49ea,,$0.75/ 100g,False,zehrs,0.0075,g,4.49
bakery,DItaliano,Thick Sliced Brioche-Style Loaf,DItalianoThick Sliced Brioche-Style Loaf0.62 g,$4.29ea,,$0.69/ 100g,False,zehrs,0.0069,g,4.29
bakery,President's Choice,Brioche Loaf,President's ChoiceBrioche Loaf400 g,$5.49ea,,$1.37/ 100g,False,zehrs,0.0137,g,5.49
bakery,Dimpflmeier,100% Rye Bread With Flaxseeds,Dimpflmeier100% Rye Bread With Flaxseeds454 g,$4.99ea,,$1.10/ 100g,False,zehrs,0.011000000000000001,g,4.99
bakery,Dimpflmeier,Klosterbrot Bread,DimpflmeierKlosterbrot Bread454 g,$4.09ea,,$0.90/ 100g,False,zehrs,0.009000000000000001,g,4.09
bakery,Dempster,Fresh White Bread,DempsterFresh White Bread675 g,$3.59ea,,$0.53/ 100g,False,zehrs,0.0053,g,3.59
bakery,President's Choice,Italian Style Bread Crumbs,President's ChoiceItalian Style Bread Crumbs275 g,$2.99ea,,$1.09/ 100g,False,zehrs,0.0109,g,2.99
bakery,LA FOURNEE DOREE, Croissant Bun,LA FOURNEE DOREE Croissant Bun300 g,$6.99ea,,$2.33/ 100g,False,zehrs,0.0233,g,6.99
bakery,Frontier Bakery,Lebanese Style Whole Wheat Pita,Frontier BakeryLebanese Style Whole Wheat Pita330 g,$1.39ea,,$0.42/ 100g,False,zehrs,0.0042,g,1.39
bakery,Frontier Bakery,Lebanese Style White Pita,Frontier BakeryLebanese Style White Pita330 g,$1.39ea,,$0.42/ 100g,False,zehrs,0.0042,g,1.39
bakery,No Name,"Bagel Cinnamon Raisin, 6 pack","No NameBagel Cinnamon Raisin, 6 pack510 g",$2.89ea,,$0.57/ 100g,False,zehrs,0.005699999999999999,g,2.89
bakery,Dempster,100% Whole Wheat Bread,Dempster100% Whole Wheat Bread675 g,$3.89ea,,$0.58/ 100g,False,zehrs,0.0058,g,3.89
bakery,Oroweat,22 Grains & Seeds Bread,Oroweat22 Grains & Seeds Bread680 g,$6.29ea,,$0.93/ 100g,False,zehrs,0.009300000000000001,g,6.29
bakery,Rudolphs,Rye Bread,RudolphsRye Bread907 g,$5.99ea,,$0.66/ 100g,False,zehrs,0.0066,g,5.99
bakery,Rudolphs,Rye Bread,RudolphsRye Bread907 g,$5.99ea,,$0.66/ 100g,False,zehrs,0.0066,g,5.99
bakery,,Classico White Bread Italian Style Thick Slice,Classico White Bread Italian Style Thick Slice675 g,$3.39ea,,$0.50/ 100g,False,zehrs,0.005,g,3.39
bakery,Dimpflmeier,Holzofen Art Brot Bread,DimpflmeierHolzofen Art Brot Bread,$3.20(est.)ea,,$0.80/ 100g,False,zehrs,0.008,g,3.20
bakery,President's Choice,Multigrain Flatbread,President's ChoiceMultigrain Flatbread300 g,$3.29ea,,$1.10/ 100g,False,zehrs,0.011000000000000001,g,3.29
bakery,Stonemill,"Authentic Bread, Sourdough Rye Multigrain ","StonemillAuthentic Bread, Sourdough Rye Multigrain 550 g",$4.59ea,,$0.83/ 100g,False,zehrs,0.0083,g,4.59
bakery,President's Choice,Gluten Free Hot Dog Buns,President's ChoiceGluten Free Hot Dog Buns65 g,$4.69ea,,$1.80/ 100g,False,zehrs,0.018000000000000002,g,4.69
bakery,Stonemill,Wholesome Bread Loaf Quinoa & Flax  ,StonemillWholesome Bread Loaf Quinoa & Flax  600 g,$5.69ea,,$0.95/ 100g,False,zehrs,0.0095,g,5.69
bakery,Rudolphs,Rye Bread,RudolphsRye Bread907 g,$5.99ea,,$0.66/ 100g,False,zehrs,0.0066,g,5.99
bakery,President's Choice,Brioche Loaf,President's ChoiceBrioche Loaf400 g,$5.49ea,,$1.37/ 100g,False,zehrs,0.0137,g,5.49
bakery,Dimpflmeier,100% Rye Bread With Flaxseeds,Dimpflmeier100% Rye Bread With Flaxseeds454 g,$4.99ea,,$1.10/ 100g,False,zehrs,0.011000000000000001,g,4.99
bakery,Dimpflmeier,Klosterbrot Bread,DimpflmeierKlosterbrot Bread454 g,$4.09ea,,$0.90/ 100g,False,zehrs,0.009000000000000001,g,4.09
bakery,Dempster,Fresh White Bread,DempsterFresh White Bread675 g,$3.59ea,,$0.53/ 100g,False,zehrs,0.0053,g,3.59
bakery,LA FOURNEE DOREE,Brioche Hot Dog Rolls,LA FOURNEE DOREEBrioche Hot Dog Rolls16x385.0 g,$4.49ea,,$1.17/ 100g,False,zehrs,0.011699999999999999,g,4.49
bakery,LA FOURNEE DOREE,Sesame Brioche Burger Buns,LA FOURNEE DOREESesame Brioche Burger Buns200 g,$4.29ea,,$2.15/ 100g,False,zehrs,0.0215,g,4.29
bakery,Dimpflmeier,Bread Original Swedish Style Light Rye,DimpflmeierBread Original Swedish Style Light Rye454 g,$4.49ea,,$0.99/ 100g,False,zehrs,0.009899999999999999,g,4.49
bakery,Dempster,Original Bagels,DempsterOriginal Bagels6x75.0 g,$4.09ea,,$0.91/ 100g,False,zehrs,0.0091,g,4.09
bakery,Schar,Gluten-free Hot Dog Rolls,ScharGluten-free Hot Dog Rolls228 g,$8.49ea,,$3.72/ 100g,False,zehrs,0.037200000000000004,g,8.49
bakery,No Name,Bagel Poppy Seed,No NameBagel Poppy Seed510 g,$2.89ea,,$0.57/ 100g,False,zehrs,0.005699999999999999,g,2.89
bakery,President's Choice,Italian Style Bread Crumbs,President's ChoiceItalian Style Bread Crumbs275 g,$2.99ea,,$1.09/ 100g,False,zehrs,0.0109,g,2.99
bakery,LA FOURNEE DOREE, Croissant Bun,LA FOURNEE DOREE Croissant Bun300 g,$6.99ea,,$2.33/ 100g,False,zehrs,0.0233,g,6.99
bakery,Frontier Bakery,Lebanese Style Whole Wheat Pita,Frontier BakeryLebanese Style Whole Wheat Pita330 g,$1.39ea,,$0.42/ 100g,False,zehrs,0.0042,g,1.39
bakery,ACE,Ciabatta Piccola,ACECiabatta Piccola800 g,$6.79ea,,$0.85/ 100g,False,zehrs,0.0085,g,6.79
bakery,Ozery's,Broiche Buns Bakery Soft and Fluffy Pre-Sliced Thin Buns,Ozery'sBroiche Buns Bakery Soft and Fluffy Pre-Sliced Thin Buns6x378.0 g,$4.49ea,,$1.19/ 100g,False,zehrs,0.011899999999999999,g,4.49
bakery,Dimpflmeier,Leinsamen Flaxseed & Rye Bread,DimpflmeierLeinsamen Flaxseed & Rye Bread454 g,$4.09ea,,$0.90/ 100g,False,zehrs,0.009000000000000001,g,4.09
bakery,PC Organics,Organic 100% Whole Grain Bread,PC OrganicsOrganic 100% Whole Grain Bread709 g,$5.29ea,,$0.75/ 100g,False,zehrs,0.0075,g,5.29
bakery,Frontier Bakery,Thick Pouch White Bread Pitas,Frontier BakeryThick Pouch White Bread Pitas425 g,$1.59ea,,$0.37/ 100g,False,zehrs,0.0037,g,1.59
bakery,ACE,Brioche Sliced Loaf,ACEBrioche Sliced Loaf380 g,$6.49ea,,$1.71/ 100g,False,zehrs,0.0171,g,6.49
bakery,Farmer's Market,Vanilla Cake,Farmer's MarketVanilla Cake850 g,$15.99ea,,$1.88/ 100g,False,zehrs,0.018799999999999997,g,15.99
bakery,President's Choice,Vanilla Bark Cake,President's ChoiceVanilla Bark Cake690 g,$18.99ea,,$2.75/ 100g,False,zehrs,0.0275,g,18.99
bakery,President's Choice,Banana Chocolate Chip Mini Muffins,President's ChoiceBanana Chocolate Chip Mini Muffins336 g,$5.69ea,,$1.69/ 100g,False,zehrs,0.0169,g,5.69
bakery,Farmer's Market,Chocolate Cake,Farmer's MarketChocolate Cake850 g,$15.99ea,,$1.88/ 100g,False,zehrs,0.018799999999999997,g,15.99
bakery,,Portuguese Tarts,Portuguese Tarts4x75.0 g,$5.99ea,,$2.00/ 100g,False,zehrs,0.02,g,5.99
bakery,,Truffle Royale,Truffle Royale600 g,$18.99ea,,$3.17/ 100g,False,zehrs,0.0317,g,18.99
bakery,,"100% Whole Wheat Bread, Sliced","100% Whole Wheat Bread, Sliced450 g",$2.79ea,,$0.62/ 100g,False,zehrs,0.0062,g,2.79
bakery,,Chocolate Chip Cookie 18 Pk,Chocolate Chip Cookie 18 Pk774 g,$6.99ea,,$0.90/ 100g,False,zehrs,0.009000000000000001,g,6.99
bakery,ACE,Rustic Italian Oval,ACERustic Italian Oval350 g,$4.59ea,,$1.31/ 100g,False,zehrs,0.0131,g,4.59
bakery,,Croissant Plain Mini 10 Pack,Croissant Plain Mini 10 Pack300 g,$3.99ea,,$1.33/ 100g,False,zehrs,0.013300000000000001,g,3.99
bakery,Farmer's Market,Tuxedo Cake,Farmer's MarketTuxedo Cake753 g,$14.99ea,,$1.99/ 100g,False,zehrs,0.0199,g,14.99
bakery,,"Cherry New York Cheesecake, 8 Inch","Cherry New York Cheesecake, 8 Inch1600 g",$29.99ea,,$1.87/ 100g,False,zehrs,0.0187,g,29.99
bakery,Apple Valley,"Apple Pie, No Sugar Added 8""","Apple ValleyApple Pie, No Sugar Added 8""620 g",$6.99ea,,$1.13/ 100g,False,zehrs,0.0113,g,6.99
bakery,,"Full Slab Cake, White *MINIMUM 24 HOURS NOTICED REQUIRED*","Full Slab Cake, White *MINIMUM 24 HOURS NOTICED REQUIRED*3 kg",$69.99ea,,$2.33/ 100g,False,zehrs,0.0233,g,69.99
bakery,La Baguetterie,Ciabatta Demi ,La BaguetterieCiabatta Demi 450 g,$3.49ea,,$0.78/ 100g,False,zehrs,0.0078000000000000005,g,3.49
bakery,,White Sliced Miche,White Sliced Miche800 g,$5.79ea,,$0.72/ 100g,False,zehrs,0.0072,g,5.79
bakery,,"Sourdough Bread, Sliced","Sourdough Bread, Sliced675 g",$4.79ea,,$0.71/ 100g,False,zehrs,0.0070999999999999995,g,4.79
bakery,ACE,Harvest Grain Oval,ACEHarvest Grain Oval454 g,$4.99ea,,$1.10/ 100g,False,zehrs,0.011000000000000001,g,4.99
bakery,,"Red Velvet Cake 8""","Red Velvet Cake 8""1300 g",$29.99ea,,$2.31/ 100g,False,zehrs,0.0231,g,29.99
bakery,,Chocolate Chunk Brownies,Chocolate Chunk Brownies175 g,$2.99ea,,$2.72/ 100g,False,zehrs,0.027200000000000002,g,2.99
bakery,,PC Kaiser Crsty 12,PC Kaiser Crsty 12700 g,$5.29ea,,$0.76/ 100g,False,zehrs,0.0076,g,5.29
bakery,,White Sliced Miche,White Sliced Miche800 g,$5.79ea,,$0.72/ 100g,False,zehrs,0.0072,g,5.79
bakery,,"Jamocha Almond Fudge Cake, 8 Inch","Jamocha Almond Fudge Cake, 8 Inch1250 g",$29.99ea,,$2.40/ 100g,False,zehrs,0.024,g,29.99
bakery,,Chocolate Chip Cookie 18 Pk,Chocolate Chip Cookie 18 Pk774 g,$6.99ea,,$0.90/ 100g,False,zehrs,0.009000000000000001,g,6.99
bakery,ACE,Rustic Italian Oval,ACERustic Italian Oval350 g,$4.59ea,,$1.31/ 100g,False,zehrs,0.0131,g,4.59
bakery,,Truffle Royale,Truffle Royale600 g,$18.99ea,,$3.17/ 100g,False,zehrs,0.0317,g,18.99
bakery,,"100% Whole Wheat Bread, Sliced","100% Whole Wheat Bread, Sliced450 g",$2.79ea,,$0.62/ 100g,False,zehrs,0.0062,g,2.79
bakery,La Rocca,"Cookie Dough Cake, 8""","La RoccaCookie Dough Cake, 8""1.5 kg",$28.99ea,,$1.93/ 100g,False,zehrs,0.019299999999999998,g,28.99
bakery,President's Choice,Gluten Free Strawberry Cake ,President's ChoiceGluten Free Strawberry Cake 553 g,$9.99ea,,$1.81/ 100g,False,zehrs,0.0181,g,9.99
bakery,Farmer's Market,Rhubarb Strawberry Pie 10 Inch,Farmer's MarketRhubarb Strawberry Pie 10 Inch1 kg,$10.99ea,,$1.10/ 100g,False,zehrs,0.011000000000000001,g,10.99
bakery,,Baguette Crisps,Baguette Crisps200 g,$3.39ea,,$1.70/ 100g,False,zehrs,0.017,g,3.39
bakery,President's Choice,Carrot Mini Muffins,President's ChoiceCarrot Mini Muffins336 g,$5.69ea,,$1.69/ 100g,False,zehrs,0.0169,g,5.69
bakery,,Half Garlic Crusty Loaf,Half Garlic Crusty Loaf200 g,$1.99ea,,$1.00/ 100g,False,zehrs,0.01,g,1.99
bakery,,Plain Croissants 6 Pack,Plain Croissants 6 Pack372 g,$4.29ea,,$1.15/ 100g,False,zehrs,0.0115,g,4.29
bakery,,German Chocolate Double Layer Cake,German Chocolate Double Layer Cake1.2 kg,$20.99ea,,$1.75/ 100g,False,zehrs,0.0175,g,20.99
bakery,,Amazing Grain Raisin Bread Sliced,Amazing Grain Raisin Bread Sliced450 g,$4.49ea,,$1.00/ 100g,False,zehrs,0.01,g,4.49
bakery,ACE,Ciabatta Lunga,ACECiabatta Lunga390 g,$3.79ea,,$0.97/ 100g,False,zehrs,0.0097,g,3.79
bakery,,Croissant Chocolatine 4 Pack,Croissant Chocolatine 4 Pack324 g,$3.99ea,,$1.23/ 100g,False,zehrs,0.0123,g,3.99
bakery,,German Chocolate Cake,German Chocolate Cake700 g,$12.99ea,,$1.86/ 100g,False,zehrs,0.018600000000000002,g,12.99
bakery,Paneriso,Oatmeal Raisin Cookies,PanerisoOatmeal Raisin Cookies350 g,$8.49ea,,$2.43/ 100g,False,zehrs,0.024300000000000002,g,8.49
bakery,,"Sourdough Bread, Unsliced","Sourdough Bread, Unsliced675 g",$4.79ea,,$0.71/ 100g,False,zehrs,0.0070999999999999995,g,4.79
bakery,ACE,Potato Focaccia,ACEPotato Focaccia480 g,$5.99ea,,$1.25/ 100g,False,zehrs,0.0125,g,5.99
bakery,,Croissant 2 Pack,Croissant 2 Pack124 g,$1.59ea,,$1.28/ 100g,False,zehrs,0.0128,g,1.59
bakery,Farmer's Market,Oatmeal & Chocolate Cookies,Farmer's MarketOatmeal & Chocolate Cookies456 g,$5.99ea,,$1.31/ 100g,False,zehrs,0.0131,g,5.99
bakery,Farmer's Market,Hello Dolly 7 Layer Square,Farmer's MarketHello Dolly 7 Layer Square450 g,$6.99ea,,$1.55/ 100g,False,zehrs,0.0155,g,6.99
bakery,,"Truffle Royale Cake 8""","Truffle Royale Cake 8""1100 g",$29.99ea,,$2.73/ 100g,False,zehrs,0.0273,g,29.99
bakery,,"Cheesecake, Fruit Topped 6""","Cheesecake, Fruit Topped 6""900 g",$15.99ea,,$1.78/ 100g,False,zehrs,0.0178,g,15.99
bakery,,Oatmeal Chocolate Chip Cookie 18Pk,Oatmeal Chocolate Chip Cookie 18Pk774 g,$6.99ea,,$0.90/ 100g,False,zehrs,0.009000000000000001,g,6.99
bakery,,"Cake, Round Chocolate","Cake, Round Chocolate800 g",$19.99ea,,$2.50/ 100g,False,zehrs,0.025,g,19.99
bakery,,"6"" Mixed Berry Custard Flan","6"" Mixed Berry Custard Flan400 g",$12.99ea,,$3.25/ 100g,False,zehrs,0.0325,g,12.99
bakery,,PC Multigrain Kaiser 6S,PC Multigrain Kaiser 6S400 g,$3.99ea,,$1.00/ 100g,False,zehrs,0.01,g,3.99
bakery,,"Black Forest Strudel, 4 pack","Black Forest Strudel, 4 pack372 g",$4.99ea,,$1.34/ 100g,False,zehrs,0.0134,g,4.99
bakery,,"Panini Rolls, White Sesame","Panini Rolls, White Sesame340 g",$3.99ea,,$1.17/ 100g,False,zehrs,0.011699999999999999,g,3.99
bakery,Vachon,Vanilla Flavour Cakes 1/2 Lune Moon ,VachonVanilla Flavour Cakes 1/2 Lune Moon 282 g,$4.89ea,,$1.73/ 100g,False,zehrs,0.0173,g,4.89
bakery,,"Bagels, Poppy Seed 6 Pack","Bagels, Poppy Seed 6 Pack108 g",$3.79ea,,$3.51/ 100g,False,zehrs,0.0351,g,3.79
bakery,Farmer's Market,"Loaf Cake, Golden","Farmer's MarketLoaf Cake, Golden390 g",$5.49ea,,$1.41/ 100g,False,zehrs,0.0141,g,5.49
bakery,,"Italian Bread, Multi-grain  Sliced","Italian Bread, Multi-grain  Sliced450 g",$2.79ea,,$0.62/ 100g,False,zehrs,0.0062,g,2.79
bakery,,Maple Pecan Braided Danish,Maple Pecan Braided Danish300 g,$4.99ea,,$1.66/ 100g,False,zehrs,0.0166,g,4.99
bakery,,"Sourdough Bread, Sliced","Sourdough Bread, Sliced675 g",$4.79ea,,$0.71/ 100g,False,zehrs,0.0070999999999999995,g,4.79
bakery,Hostess,King Dons Cakes,HostessKing Dons Cakes225 g,$3.59ea,,$1.60/ 100g,False,zehrs,0.016,g,3.59
bakery,School Safe,Muffin Bars Banana Chocolate Chip,School SafeMuffin Bars Banana Chocolate Chip296 g,$3.99ea,,$1.35/ 100g,False,zehrs,0.013500000000000002,g,3.99
bakery,Hostess,Cupcakes Cakes Vanilla Fun Pack,HostessCupcakes Cakes Vanilla Fun Pack232 g,$3.59ea,,$1.55/ 100g,False,zehrs,0.0155,g,3.59
bakery,Vachon,Flaky Pastries Apple-Raspberry,VachonFlaky Pastries Apple-Raspberry305 g,$4.89ea,,$1.60/ 100g,False,zehrs,0.016,g,4.89
bakery,Sara Lee,Little Bites Blueberry Muffins,Sara LeeLittle Bites Blueberry Muffins234 g,$4.59ea,,$1.96/ 100g,False,zehrs,0.0196,g,4.59
bakery,Farmer's Market,Lemon Coffee Cake,Farmer's MarketLemon Coffee Cake500 g,$6.00ea,,$1.20/ 100g,False,zehrs,0.012,g,6.00
bakery,Farmer's Market,"Sliced Loaf Cake, Marble","Farmer's MarketSliced Loaf Cake, Marble420 g",$5.49ea,,$1.31/ 100g,False,zehrs,0.0131,g,5.49
bakery,School Safe,Brownie Bars ,School SafeBrownie Bars 296 g,$3.99ea,,$1.35/ 100g,False,zehrs,0.013500000000000002,g,3.99
bakery,,"White Bread, Unsliced","White Bread, Unsliced450 g",$2.79ea,,$0.62/ 100g,False,zehrs,0.0062,g,2.79
bakery,Molinaro's,"Pizza Starter Kit, Deep Dish","Molinaro'sPizza Starter Kit, Deep Dish890 g",$5.49ea,,$0.62/ 100g,False,zehrs,0.0062,g,5.49
bakery,PC Organics,Organic Original Tortilla 10,PC OrganicsOrganic Original Tortilla 10390 g,$4.29ea,,$1.10/ 100g,False,zehrs,0.011000000000000001,g,4.29
bakery,Country Harvest,Cranberry & Oats Bagel,Country HarvestCranberry & Oats Bagel450 g,$4.29ea,,$0.95/ 100g,False,zehrs,0.0095,g,4.29
bakery,Stonemill,Authentic Sourdough Rye Bread Bavarian Light,StonemillAuthentic Sourdough Rye Bread Bavarian Light550 g,$4.59ea,,$0.83/ 100g,False,zehrs,0.0083,g,4.59
bakery,Weight Watchers,100% Whole Wheat Loaf,Weight Watchers100% Whole Wheat Loaf450 g,$4.79ea,$4.49ea,$1.00/ 100g,True,zehrs,0.01,g,4.49
bakery,Schar,Ciabatta Rolls,ScharCiabatta Rolls200 g,$8.99ea,,$4.50/ 100g,False,zehrs,0.045,g,8.99
bakery,President's Choice,Gluten Free Tortillas Original,President's ChoiceGluten Free Tortillas Original360 g,$5.99ea,,$1.66/ 100g,False,zehrs,0.0166,g,5.99
bakery,President's Choice,Gigantico Burger Buns ,President's ChoiceGigantico Burger Buns 8x71.0 g,$4.29ea,,$0.76/ 100g,False,zehrs,0.0076,g,4.29
bakery,Schar,Artisan Bread,ScharArtisan Bread400 g,$8.99ea,,$2.25/ 100g,False,zehrs,0.0225,g,8.99
bakery,Weight Watchers,White Bread,Weight WatchersWhite Bread450 g,$4.79ea,$4.49ea,$1.00/ 100g,True,zehrs,0.01,g,4.49
bakery,Dimpflmeier,Marble Rye Bread,DimpflmeierMarble Rye Bread500 g,$3.89ea,,$0.78/ 100g,False,zehrs,0.0078000000000000005,g,3.89
bakery,Wonder,Whole Wheat Hot Dog Rolls,WonderWhole Wheat Hot Dog Rolls8x60.0 g,$3.79ea,,$0.79/ 100g,False,zehrs,0.0079,g,3.79
bakery,Wonder,Whole Wheat Hamburger Buns,WonderWhole Wheat Hamburger Buns8x56.0 g,$3.79ea,,$0.85/ 100g,False,zehrs,0.0085,g,3.79
bakery,President's Choice,Extra Raisins Hot Cross Buns,President's ChoiceExtra Raisins Hot Cross Buns8x70.6 g,$4.99ea,,$0.88/ 100g,False,zehrs,0.0088,g,4.99
bakery,DItaliano,Thick Sliced Sesame Bread,DItalianoThick Sliced Sesame Bread675 g,$4.29ea,,$0.64/ 100g,False,zehrs,0.0064,g,4.29
bakery,President's Choice,Gluten Free Hamburger Buns,President's ChoiceGluten Free Hamburger Buns80 g,$4.69ea,,$1.47/ 100g,False,zehrs,0.0147,g,4.69
bakery,ACE,Classic Gourmet Hamburger Bun,ACEClassic Gourmet Hamburger Bun260 g,$3.99ea,,$1.53/ 100g,False,zehrs,0.015300000000000001,g,3.99
bakery,ACE,Bocata Ronda Roll,ACEBocata Ronda Roll800 g,$6.79ea,,$0.85/ 100g,False,zehrs,0.0085,g,6.79
bakery,Dempster,Sesame Bagels,DempsterSesame Bagels6x75.0 g,$4.39ea,$4.09ea,$0.91/ 100g,True,zehrs,0.0091,g,4.09
bakery,Dempster,Parmesan Garlic & Herb Flavour Bagels,DempsterParmesan Garlic & Herb Flavour Bagels375 g,$4.79ea,,$1.28/ 100g,False,zehrs,0.0128,g,4.79
bakery,Stonemill,Honest  Bread Wellness Sprouted Rye & 12 Grains ,StonemillHonest  Bread Wellness Sprouted Rye & 12 Grains 425 g,$5.69ea,,$1.34/ 100g,False,zehrs,0.0134,g,5.69
bakery,Wonder,"English Muffins, Whole Wheat","WonderEnglish Muffins, Whole Wheat342 g",$3.79ea,,$1.11/ 100g,False,zehrs,0.0111,g,3.79
bakery,Rudolphs,Light Rye Bread,RudolphsLight Rye Bread907 g,$5.99ea,,$0.66/ 100g,False,zehrs,0.0066,g,5.99
bakery,No Name,Blueberry Bagel,No NameBlueberry Bagel450 g,$2.89ea,,$0.64/ 100g,False,zehrs,0.0064,g,2.89
bakery,Dempster,Malt Bread,DempsterMalt Bread340 g,$4.99ea,$4.79ea,$1.41/ 100g,True,zehrs,0.0141,g,4.79
bakery,Dimpflmeier,Pumpernickel Bread,DimpflmeierPumpernickel Bread454 g,$4.99ea,,$1.10/ 100g,False,zehrs,0.011000000000000001,g,4.99
bakery,Country Harvest,Sourdough Loaf,Country HarvestSourdough Loaf650 g,$4.29ea,,$0.66/ 100g,False,zehrs,0.0066,g,4.29
bakery,,"12 Grain Bread, Sliced","12 Grain Bread, Sliced450 g",$3.99ea,,$0.89/ 100g,False,zehrs,0.0089,g,3.99
bakery,,Strawberry Mascarpone Cake,Strawberry Mascarpone Cake1.86 kg,$26.99ea,,$1.45/ 100g,False,zehrs,0.014499999999999999,g,26.99
bakery,Farmer's Market,Date Square,Farmer's MarketDate Square450 g,$6.99ea,,$1.55/ 100g,False,zehrs,0.0155,g,6.99
bakery,,Garlic Bread with Cheese,Garlic Bread with Cheese260 g,$3.49ea,,$1.34/ 100g,False,zehrs,0.0134,g,3.49
bakery,,Chocolate Tpped Long John Donut 6 pack,Chocolate Tpped Long John Donut 6 pack780 g,$7.99ea,,$1.02/ 100g,False,zehrs,0.0102,g,7.99
bakery,,"Cream Horns, Large","Cream Horns, Large50 g",$1.99ea,,$3.98/ 100g,False,zehrs,0.0398,g,1.99
bakery,Ready Bake,Garlic Bread,Ready BakeGarlic Bread330 g,$3.99ea,,$1.21/ 100g,False,zehrs,0.0121,g,3.99
bakery,ACE,Rosemary Crisps,ACERosemary Crisps180 g,$6.29ea,,$3.49/ 100g,False,zehrs,0.0349,g,6.29
bakery,,Kaiser Rolls Whole Wheat 6 Pack,Kaiser Rolls Whole Wheat 6 Pack400 g,$3.99ea,,$1.00/ 100g,False,zehrs,0.01,g,3.99
bakery,,Harvest Wheat Baguette,Harvest Wheat Baguette255 g,$1.69ea,,$0.66/ 100g,False,zehrs,0.0066,g,1.69
bakery,La Baguetterie,White Oval,La BaguetterieWhite Oval454 g,$3.49ea,,$0.77/ 100g,False,zehrs,0.0077,g,3.49
bakery,Farmer's Market,Raisin Bran Muffins,Farmer's MarketRaisin Bran Muffins600 g,$6.99ea,,$1.17/ 100g,False,zehrs,0.011699999999999999,g,6.99
bakery,,Cheese Pizza Buns 4 Pack,Cheese Pizza Buns 4 Pack460 g,$5.79ea,,$1.26/ 100g,False,zehrs,0.0126,g,5.79
bakery,,Pizza Dough,Pizza Dough650 g,$2.79ea,,$0.43/ 100g,False,zehrs,0.0043,g,2.79
bakery,Farmer's Market,Cookies and Creme Cake,Farmer's MarketCookies and Creme Cake825 g,$15.99ea,,$1.94/ 100g,False,zehrs,0.0194,g,15.99
bakery,,"Chocolate Iced Donuts, package of 6","Chocolate Iced Donuts, package of 6470 g",$7.99ea,,$1.70/ 100g,False,zehrs,0.017,g,7.99
bakery,,Portuguese Custard Tart,Portuguese Custard Tart75 g,$1.99ea,,$2.65/ 100g,False,zehrs,0.0265,g,1.99
bakery,,"Pumpernickel Bread, Sliced","Pumpernickel Bread, Sliced450 g",$3.19ea,,$0.71/ 100g,False,zehrs,0.0070999999999999995,g,3.19
bakery,,Bread Cheese Unsliced,Bread Cheese Unsliced470 g,$6.29ea,,$1.34/ 100g,False,zehrs,0.0134,g,6.29
bakery,,"Cannoli, Small","Cannoli, Small30 g",$1.69ea,,$5.63/ 100g,False,zehrs,0.056299999999999996,g,1.69
bakery,,Chocolate Boston Donuts 6 pack,Chocolate Boston Donuts 6 pack720 g,$7.99ea,,$1.11/ 100g,False,zehrs,0.0111,g,7.99
bakery,,"Instore Made Cinnamon Raisin Buns, Glaze 4 pack","Instore Made Cinnamon Raisin Buns, Glaze 4 pack552 g",$4.49ea,,$0.81/ 100g,False,zehrs,0.008100000000000001,g,4.49
bakery,,"Instore Made Cinnamon Raisin Buns, Glaze 4 pack","Instore Made Cinnamon Raisin Buns, Glaze 4 pack552 g",$4.49ea,,$0.81/ 100g,False,zehrs,0.008100000000000001,g,4.49
bakery,Farmer's Market,Sandwich Croissant,Farmer's MarketSandwich Croissant260 g,$5.99ea,,$2.30/ 100g,False,zehrs,0.023,g,5.99
bakery,Farmer's Market,"Cookies, Peanut Butter, 12 Pack","Farmer's MarketCookies, Peanut Butter, 12 Pack456 g",$5.99ea,,$1.31/ 100g,False,zehrs,0.0131,g,5.99
bakery,,"Boston Cake, Fruit Topped","Boston Cake, Fruit Topped900 g",$21.99ea,,$2.44/ 100g,False,zehrs,0.024399999999999998,g,21.99
bakery,Farmer's Market,Morning Glory Muffins,Farmer's MarketMorning Glory Muffins600 g,$6.99ea,,$1.17/ 100g,False,zehrs,0.011699999999999999,g,6.99
bakery,,"6"" Chocolate Truffle Cake","6"" Chocolate Truffle Cake600 g",$18.99ea,,$3.17/ 100g,False,zehrs,0.0317,g,18.99
bakery,Farmer's Market,Muffins Double Chocolate    ,Farmer's MarketMuffins Double Chocolate    570 g,$6.99ea,,$1.23/ 100g,False,zehrs,0.0123,g,6.99
bakery,Farmer's Market,Blueberry Pie 10 Inch,Farmer's MarketBlueberry Pie 10 Inch1 kg,$10.99ea,,$1.10/ 100g,False,zehrs,0.011000000000000001,g,10.99
bakery,,Mini Mousse,Mini Mousse57 g,$1.99ea,,$3.49/ 100g,False,zehrs,0.0349,g,1.99
bakery,Farmer's Market,Raisin Butter Tarts,Farmer's MarketRaisin Butter Tarts6x85.0 g,$7.99ea,,$1.57/ 100g,False,zehrs,0.015700000000000002,g,7.99
bakery,Moms,Golden Pound Cake,MomsGolden Pound Cake450 g,$5.49ea,,$1.22/ 100g,False,zehrs,0.012199999999999999,g,5.49
bakery,two-bite,Mini Vanilla Cupcakes 12 Pack,two-biteMini Vanilla Cupcakes 12 Pack284 g,$5.29ea,,$1.86/ 100g,False,zehrs,0.018600000000000002,g,5.29
bakery,ACE,Roasted Garlic Mini Crisps,ACERoasted Garlic Mini Crisps180 g,$6.29ea,,$3.49/ 100g,False,zehrs,0.0349,g,6.29
bakery,Farmer's Market,Cinnamon Mini Coffee Cakes,Farmer's MarketCinnamon Mini Coffee Cakes324 g,$4.99ea,,$1.54/ 100g,False,zehrs,0.0154,g,4.99
bakery,,Boston Cream Pie,Boston Cream Pie900 g,$19.99ea,,$2.22/ 100g,False,zehrs,0.0222,g,19.99
bakery,,"Chia Bread, Unsliced","Chia Bread, Unsliced450 g",$3.99ea,,$0.89/ 100g,False,zehrs,0.0089,g,3.99
bakery,La Rocca,Lemon Mousse Cake 6 inch,La RoccaLemon Mousse Cake 6 inch85 g,$21.99ea,,$25.87/ 100g,False,zehrs,0.2587,g,21.99
bakery,Kimberley's Bakeshoppe,"Frosted Cookies, Vanilla","Kimberley's BakeshoppeFrosted Cookies, Vanilla383 g",$3.99ea,,$1.04/ 100g,False,zehrs,0.0104,g,3.99
bakery,La Rocca,6 Inch Red Velvet Cake,La Rocca6 Inch Red Velvet Cake600 g,$18.99ea,,$3.17/ 100g,False,zehrs,0.0317,g,18.99
bakery,Furlani,Parmesan Garlic Knots,FurlaniParmesan Garlic Knots296 g,$4.79ea,,$1.62/ 100g,False,zehrs,0.016200000000000003,g,4.79
bakery,ACE,Cheddar & Onion Demi Baguette,ACECheddar & Onion Demi Baguette200 g,$2.99ea,,$1.50/ 100g,False,zehrs,0.015,g,2.99
bakery,,"Chocolate Celebration Cake, 5 in","Chocolate Celebration Cake, 5 in0.66 kg",$12.99ea,,$1.97/ 100g,False,zehrs,0.0197,g,12.99
bakery,,"Premium Cupcakes, Small","Premium Cupcakes, Small80 g",$2.29ea,,$2.86/ 100g,False,zehrs,0.0286,g,2.29
bakery,two-bite,Mini Chocolate Cupcakes 12 Pack,two-biteMini Chocolate Cupcakes 12 Pack284 g,$5.29ea,,$1.86/ 100g,False,zehrs,0.018600000000000002,g,5.29
bakery,,"Chia Bread, Sliced","Chia Bread, Sliced450 g",$3.99ea,,$0.89/ 100g,False,zehrs,0.0089,g,3.99
bakery,Gestion Touche,"Sponge Flan, 8""","Gestion ToucheSponge Flan, 8""200 g",$3.99ea,,$2.00/ 100g,False,zehrs,0.02,g,3.99
bakery,,Savoury Roll,Savoury Roll85 g,$1.49ea,,$1.75/ 100g,False,zehrs,0.0175,g,1.49
bakery,,"5"" Round Tuxedo Baby Cake","5"" Round Tuxedo Baby Cake700 g",$12.99ea,,$1.86/ 100g,False,zehrs,0.018600000000000002,g,12.99
bakery,Farmer's Market,Berry Medley Muffins,Farmer's MarketBerry Medley Muffins570 g,$6.99ea,,$1.23/ 100g,False,zehrs,0.0123,g,6.99
bakery,Scheps Bakeries,Stroopwafles Caramel Filled Waffles ,Scheps BakeriesStroopwafles Caramel Filled Waffles 264 g,$3.99ea,,$1.51/ 100g,False,zehrs,0.0151,g,3.99
bakery,,"Assorted Square Platter, 24 Pieces","Assorted Square Platter, 24 Pieces592 g",$10.00ea,,$1.69/ 100g,False,zehrs,0.0169,g,10.00
bakery,,Cinnamon Raisin Bread Unsliced,Cinnamon Raisin Bread Unsliced725 g,$4.49ea,,$0.82/ 100g,False,zehrs,0.008199999999999999,g,4.49
bakery,,"Rolls, 60% Whole Wheat","Rolls, 60% Whole Wheat400 g",$2.79ea,,$0.70/ 100g,False,zehrs,0.006999999999999999,g,2.79
bakery,ACE,Aged Cheddar Mini Crisps,ACEAged Cheddar Mini Crisps150 g,$6.29ea,,$4.19/ 100g,False,zehrs,0.04190000000000001,g,6.29
bakery,,"Celebration Cupcakes, Chocolate","Celebration Cupcakes, Chocolate300 g",$6.49ea,,$2.16/ 100g,False,zehrs,0.0216,g,6.49
bakery,,"9"" Mixed Berry Custard Tart","9"" Mixed Berry Custard Tart700 g",$19.99ea,,$2.86/ 100g,False,zehrs,0.0286,g,19.99
bakery,Poppers, Popped Grains Wheat Minis,Poppers Popped Grains Wheat Minis45 g,$3.99ea,,$8.87/ 100g,False,zehrs,0.08869999999999999,g,3.99
bakery,,"Baguette, Garlic","Baguette, Garlic200 g",$1.99ea,,$1.00/ 100g,False,zehrs,0.01,g,1.99
bakery,,Exotic Fruit Cluster Flan,Exotic Fruit Cluster Flan1.3 kg,$19.99ea,,$1.54/ 100g,False,zehrs,0.0154,g,19.99
bakery,Farmer's Market,Everything Butter Croissants,Farmer's MarketEverything Butter Croissants270 g,$5.99ea,,$2.22/ 100g,False,zehrs,0.0222,g,5.99
bakery,Vachon,Ah Caramel,VachonAh Caramel336 g,$4.89ea,,$1.46/ 100g,False,zehrs,0.0146,g,4.89
bakery,,"60% Whole Wheat Bread, Sliced","60% Whole Wheat Bread, Sliced450 g",$2.79ea,,$0.62/ 100g,False,zehrs,0.0062,g,2.79
bakery,,"Apple Strudel Braids, 4-pack","Apple Strudel Braids, 4-pack372 g",$4.99ea,,$1.34/ 100g,False,zehrs,0.0134,g,4.99
bakery,,"Bagels, Cinnamon Raisin 6 Pack","Bagels, Cinnamon Raisin 6 Pack648 g",$3.79ea,,$3.51/ 100g,False,zehrs,0.0351,g,3.79
bakery,Farmer's Market,Lemon Tarts,Farmer's MarketLemon Tarts400 g,$7.99ea,,$2.00/ 100g,False,zehrs,0.02,g,7.99
bakery,,"Bagels, Everything 6 Pack","Bagels, Everything 6 Pack108 g",$3.79ea,,$3.51/ 100g,False,zehrs,0.0351,g,3.79
bakery,Farmer's Market,"Loaf Cake, Banana","Farmer's MarketLoaf Cake, Banana390 g",$5.49ea,,$1.41/ 100g,False,zehrs,0.0141,g,5.49
bakery,,"Strawberry Cheese Strudel, 4-pack","Strawberry Cheese Strudel, 4-pack372 g",$4.99ea,,$1.34/ 100g,False,zehrs,0.0134,g,4.99
bakery,,Sesame Kaiser Roll 6 Pack,Sesame Kaiser Roll 6 Pack330 g,$3.99ea,,$1.21/ 100g,False,zehrs,0.0121,g,3.99
bakery,Farmer's Market,Bumbleberry Crumble Pie,Farmer's MarketBumbleberry Crumble Pie1 kg,$10.99ea,,$1.10/ 100g,False,zehrs,0.011000000000000001,g,10.99
bakery,PC Organics,Organic Everything Bagel,PC OrganicsOrganic Everything Bagel450 g,$4.29ea,,$0.95/ 100g,False,zehrs,0.0095,g,4.29
bakery,Pita Break,"Snacking Rounds, Apple Cinnamon","Pita BreakSnacking Rounds, Apple Cinnamon312 g",$4.29ea,,$1.38/ 100g,False,zehrs,0.0138,g,4.29
bakery,DItaliano,Sausage Buns,DItalianoSausage Buns456 g,$4.29ea,,$0.94/ 100g,False,zehrs,0.009399999999999999,g,4.29
bakery,Dimpflmeier,Power Slice     ,DimpflmeierPower Slice     400 g,$8.99ea,,$2.25/ 100g,False,zehrs,0.0225,g,8.99
bakery,Promise Gluten Free, Soft White Loaf,Promise Gluten Free Soft White Loaf480 g,$7.99ea,,$1.66/ 100g,False,zehrs,0.0166,g,7.99
bakery,Rudolphs,Light Rye Bread,RudolphsLight Rye Bread680 g,$4.29ea,,$0.63/ 100g,False,zehrs,0.0063,g,4.29
bakery,Dempster,Bagels Signature Maple French Toast Flavour ,DempsterBagels Signature Maple French Toast Flavour 375 g,$4.79ea,,$1.28/ 100g,False,zehrs,0.0128,g,4.79
bakery,Dempster,Signature Bagels Blueberry Flavour,DempsterSignature Bagels Blueberry Flavour375 g,$4.79ea,,$1.28/ 100g,False,zehrs,0.0128,g,4.79
bakery,Old Mill,Hot Dog Buns,Old MillHot Dog Buns344 g,$3.09ea,,$0.90/ 100g,False,zehrs,0.009000000000000001,g,3.09
bakery,Country Harvest,14 Grain Bagels,Country Harvest14 Grain Bagels450 g,$4.29ea,,$0.95/ 100g,False,zehrs,0.0095,g,4.29
bakery,,Italian Multigrain Unsliced Bread,Italian Multigrain Unsliced Bread450 g,$2.79ea,,$0.62/ 100g,False,zehrs,0.0062,g,2.79
bakery,Sha Sha,Ginger Snaps,Sha ShaGinger Snaps300x300.0 g,$6.99ea,,$2.33/ 100g,False,zehrs,0.0233,g,6.99
bakery,Furlani,Frozen Texas Toast Parmesan Garlic,FurlaniFrozen Texas Toast Parmesan Garlic16x40.0 g,$5.29ea,,$0.83/ 100g,False,zehrs,0.0083,g,5.29
bakery,Dimpflmeier,Sonnenblumenkerne Bread,DimpflmeierSonnenblumenkerne Bread454 g,$4.09ea,,$0.90/ 100g,False,zehrs,0.009000000000000001,g,4.09
bakery,Oroweat,Quinoa and Sunflower Seeds Loaf,OroweatQuinoa and Sunflower Seeds Loaf680 g,$6.29ea,,$0.93/ 100g,False,zehrs,0.009300000000000001,g,6.29
bakery,President's Choice,Yukon Gold Potato Loaf,President's ChoiceYukon Gold Potato Loaf480 g,$3.99ea,,$0.83/ 100g,False,zehrs,0.0083,g,3.99
bakery,ACE,Ciabatta Pezzetti Duo,ACECiabatta Pezzetti Duo840 g,$6.79ea,,$0.81/ 100g,False,zehrs,0.008100000000000001,g,6.79
bakery,ACE,Rosemary Focaccia Triangle,ACERosemary Focaccia Triangle960 g,$6.79ea,,$0.71/ 100g,False,zehrs,0.0070999999999999995,g,6.79
bakery,ACE,Sliced Sourdough Miche,ACESliced Sourdough Miche700 g,$6.99ea,,$1.00/ 100g,False,zehrs,0.01,g,6.99
bakery,ACE,Sesame Gourmet Hamburger Buns,ACESesame Gourmet Hamburger Buns260 g,$3.99ea,,$1.53/ 100g,False,zehrs,0.015300000000000001,g,3.99
bakery,ACE,Pane Rustico,ACEPane Rustico600 g,$5.79ea,,$0.97/ 100g,False,zehrs,0.0097,g,5.79
bakery,Schar,Ten Grain Seeds Bread,ScharTen Grain Seeds Bread400 g,$8.99ea,,$2.25/ 100g,False,zehrs,0.0225,g,8.99
bakery,Oroweat,22 Grains & Seeds Thin Sliced Loaf,Oroweat22 Grains & Seeds Thin Sliced Loaf510 g,$6.49ea,,$1.27/ 100g,False,zehrs,0.0127,g,6.49
bakery,President's Choice,Multigrain Rye Loaf Bread,President's ChoiceMultigrain Rye Loaf Bread480 g,$3.99ea,,$0.83/ 100g,False,zehrs,0.0083,g,3.99
bakery,,"Mini Plain Croissants, 10 pack","Mini Plain Croissants, 10 pack310 g",$3.99ea,,$1.29/ 100g,False,zehrs,0.0129,g,3.99
bakery,Farmer's Market,Pecan Pie 9 Inch,Farmer's MarketPecan Pie 9 Inch580 g,$10.99ea,,$1.89/ 100g,False,zehrs,0.0189,g,10.99
bakery,,Bread Cinnamon Raisin Sliced,Bread Cinnamon Raisin Sliced550 g,$4.49ea,,$0.82/ 100g,False,zehrs,0.008199999999999999,g,4.49
bakery,,"Lemon Mousse Cake, 8 Inch","Lemon Mousse Cake, 8 Inch1250 g",$29.99ea,,$2.40/ 100g,False,zehrs,0.024,g,29.99
bakery,ACE,Sesame Baguette,ACESesame Baguette325 g,$3.79ea,,$1.17/ 100g,False,zehrs,0.011699999999999999,g,3.79
bakery,Farmer's Market,Nanaimo Square,Farmer's MarketNanaimo Square400 g,$6.99ea,,$1.75/ 100g,False,zehrs,0.0175,g,6.99
bakery,ACE,Olive Oil & Sea Salt Crisps,ACEOlive Oil & Sea Salt Crisps180 g,$6.29ea,,$3.49/ 100g,False,zehrs,0.0349,g,6.29
bakery,Paneriso,Chocolate Chip Cookies,PanerisoChocolate Chip Cookies350 g,$8.49ea,,$2.43/ 100g,False,zehrs,0.024300000000000002,g,8.49
bakery,,1/4 Slab Vanilla Shadow Cake *MINIMUM 24 HOURS NOTICED REQUIRED*,1/4 Slab Vanilla Shadow Cake *MINIMUM 24 HOURS NOTICED REQUIRED*1.76 kg,$27.99ea,,$1.59/ 100g,False,zehrs,0.0159,g,27.99
bakery,,Cheesecake Tray (Minimum 24 Hours Notice Required),Cheesecake Tray (Minimum 24 Hours Notice Required)108 g,$25.00ea,,$0.02/ 100g,False,zehrs,0.0002,g,25.00
bakery,,"Rolls, Calabrese","Rolls, Calabrese480 g",$3.99ea,,$0.83/ 100g,False,zehrs,0.0083,g,3.99
bakery,,"Croissants, All Butter","Croissants, All Butter65 g",$1.49ea,,$2.29/ 100g,False,zehrs,0.0229,g,1.49
bakery,,"Flax Bread, Unsliced","Flax Bread, Unsliced450 g",$3.99ea,,$0.89/ 100g,False,zehrs,0.0089,g,3.99
bakery,President's Choice,Carrot Nut Rustic Cake,President's ChoiceCarrot Nut Rustic Cake610 g,$7.99ea,,$1.31/ 100g,False,zehrs,0.0131,g,7.99
bakery,,Bread Cheese Sliced,Bread Cheese Sliced470 g,$6.29ea,,$1.34/ 100g,False,zehrs,0.0134,g,6.29
bakery,,Bruschetta,Bruschetta370 g,$3.99ea,,$1.08/ 100g,False,zehrs,0.0108,g,3.99
bakery,Farmer's Market,Waffles,Farmer's MarketWaffles420 g,$6.99ea,,$1.66/ 100g,False,zehrs,0.0166,g,6.99
bakery,,Old Fashioned Lemon Pie ,Old Fashioned Lemon Pie 114 g,$1.79ea,,$1.57/ 100g,False,zehrs,0.015700000000000002,g,1.79
bakery,Farmer's Market,Brownies,Farmer's MarketBrownies265 g,$4.99ea,,$1.88/ 100g,False,zehrs,0.018799999999999997,g,4.99
bakery,Farmer's Market,Marble Coffee Cake,Farmer's MarketMarble Coffee Cake500 g,$6.00ea,,$1.20/ 100g,False,zehrs,0.012,g,6.00
bakery,ACE,Harvest Grain Baguette,ACEHarvest Grain Baguette380 g,$3.79ea,,$1.00/ 100g,False,zehrs,0.01,g,3.79
bakery,ACE,Focaccia Quarter with Rosemary,ACEFocaccia Quarter with Rosemary390 g,$4.99ea,,$1.28/ 100g,False,zehrs,0.0128,g,4.99
bakery,Farmer's Market,Waffles,Farmer's MarketWaffles420 g,$6.99ea,,$1.66/ 100g,False,zehrs,0.0166,g,6.99
bakery,,Old Fashioned Lemon Pie ,Old Fashioned Lemon Pie 114 g,$1.79ea,,$1.57/ 100g,False,zehrs,0.015700000000000002,g,1.79
bakery,Farmer's Market,Marble Coffee Cake,Farmer's MarketMarble Coffee Cake500 g,$6.00ea,,$1.20/ 100g,False,zehrs,0.012,g,6.00
bakery,,"Cake Slice, Chocolate Fudge","Cake Slice, Chocolate Fudge200 g",$4.00ea,,$2.00/ 100g,False,zehrs,0.02,g,4.00
bakery,Farmer's Market,Pumpkin Pie 10 Inch,Farmer's MarketPumpkin Pie 10 Inch900 g,$10.99ea,,$1.22/ 100g,False,zehrs,0.012199999999999999,g,10.99
bakery,Farmer's Market,Vanilla Cake,Farmer's MarketVanilla Cake490 g,$6.99ea,,$1.43/ 100g,False,zehrs,0.0143,g,6.99
bakery,ACE,Sourdough Baguette,ACESourdough Baguette380 g,$3.79ea,,$1.00/ 100g,False,zehrs,0.01,g,3.79
bakery,ACE,Harvest Grain Baguette,ACEHarvest Grain Baguette380 g,$3.79ea,,$1.00/ 100g,False,zehrs,0.01,g,3.79
bakery,,Bruschetta,Bruschetta370 g,$3.99ea,,$1.08/ 100g,False,zehrs,0.0108,g,3.99
bakery,Ready Bake,"Oval, Olive","Ready BakeOval, Olive450 g",$4.99ea,,$1.11/ 100g,False,zehrs,0.0111,g,4.99
bakery,,"6"" Grand Maman Marie Sponge Flan","6"" Grand Maman Marie Sponge Flan100 g",$2.99ea,,$2.99/ 100g,False,zehrs,0.029900000000000003,g,2.99
bakery,,"Mini Plain Croissants, 10 pack","Mini Plain Croissants, 10 pack310 g",$3.99ea,,$1.29/ 100g,False,zehrs,0.0129,g,3.99
bakery,Farmer's Market,Pecan Pie 9 Inch,Farmer's MarketPecan Pie 9 Inch580 g,$10.99ea,,$1.89/ 100g,False,zehrs,0.0189,g,10.99
bakery,,"Lemon Mousse Cake, 8 Inch","Lemon Mousse Cake, 8 Inch1250 g",$29.99ea,,$2.40/ 100g,False,zehrs,0.024,g,29.99
bakery,,"Rolls, Calabrese","Rolls, Calabrese480 g",$3.99ea,,$0.83/ 100g,False,zehrs,0.0083,g,3.99
bakery,ACE,Sesame Baguette,ACESesame Baguette325 g,$3.79ea,,$1.17/ 100g,False,zehrs,0.011699999999999999,g,3.79
bakery,Paneriso,Blueberry Muffins,PanerisoBlueberry Muffins372 g,$8.49ea,,$2.28/ 100g,False,zehrs,0.022799999999999997,g,8.49
bakery,,"Apple Pie, 8 Inch","Apple Pie, 8 Inch750 g",$6.79ea,,$0.91/ 100g,False,zehrs,0.0091,g,6.79
bakery,,Cheese Dinner Rolls,Cheese Dinner Rolls375 g,$3.49ea,,$0.93/ 100g,False,zehrs,0.009300000000000001,g,3.49
bakery,La Baguetterie,Roasted Garlic Oval,La BaguetterieRoasted Garlic Oval398 g,$3.49ea,,$0.88/ 100g,False,zehrs,0.0088,g,3.49
bakery,,"Cake, 1/2 Slab *MINIMUM 24 HOURS NOTICED REQUIRED*","Cake, 1/2 Slab *MINIMUM 24 HOURS NOTICED REQUIRED*1 ea",$50.99ea,,$3.40/ 100g,False,zehrs,0.034,g,50.99
bakery,,Glazed Croissant Donut 6 pack,Glazed Croissant Donut 6 pack450 g,$7.99ea,,$1.78/ 100g,False,zehrs,0.0178,g,7.99
bakery,Farmer's Market,T&S Shortbread Cookies Pk 12  ,Farmer's MarketT&S Shortbread Cookies Pk 12  372 g,$5.99ea,,$1.61/ 100g,False,zehrs,0.0161,g,5.99
bakery,,Lemon Swirl Cake,Lemon Swirl Cake650 g,$12.99ea,,$2.00/ 100g,False,zehrs,0.02,g,12.99
bakery,,"Assorted Macarons, Single","Assorted Macarons, Single26 g",$1.99ea,,$7.65/ 100g,False,zehrs,0.0765,g,1.99
bakery,,"Cherry Pie, 8 Inch","Cherry Pie, 8 Inch680 g",$6.79ea,,$1.00/ 100g,False,zehrs,0.01,g,6.79
bakery,ACE,Olive Ciabatta,ACEOlive Ciabatta225 g,$2.99ea,,$1.33/ 100g,False,zehrs,0.013300000000000001,g,2.99
bakery,,Oatmeal Cookies 18 Pk,Oatmeal Cookies 18 Pk756 g,$6.99ea,,$0.92/ 100g,False,zehrs,0.0092,g,6.99
bakery,Farmer's Market,Macaroons,Farmer's MarketMacaroons350 g,$6.49ea,,$1.85/ 100g,False,zehrs,0.018500000000000003,g,6.49
bakery,,"Flax Bread, Unsliced","Flax Bread, Unsliced450 g",$3.99ea,,$0.89/ 100g,False,zehrs,0.0089,g,3.99
bakery,,"8"" Raspberry Crème Cheese Cake","8"" Raspberry Crème Cheese Cake800 g",$20.99ea,,$2.62/ 100g,False,zehrs,0.0262,g,20.99
bakery,,"Pumpkin Pie, 8 Inch","Pumpkin Pie, 8 Inch680 g",$6.79ea,,$1.00/ 100g,False,zehrs,0.01,g,6.79
bakery,ACE,Roasted Garlic Crostino,ACERoasted Garlic Crostino125 g,$5.49ea,,$4.39/ 100g,False,zehrs,0.043899999999999995,g,5.49
bakery,Farmer's Market,"Sliced Loaf Cake, Vanilla","Farmer's MarketSliced Loaf Cake, Vanilla420 g",$5.49ea,,$1.31/ 100g,False,zehrs,0.0131,g,5.49
bakery,,Old Fashioned Wild Blueberry Pie,Old Fashioned Wild Blueberry Pie114 g,$1.79ea,,$1.57/ 100g,False,zehrs,0.015700000000000002,g,1.79
bakery,Farmer's Market,Oatmeal Raisin Cookies,Farmer's MarketOatmeal Raisin Cookies456 g,$5.99ea,,$1.31/ 100g,False,zehrs,0.0131,g,5.99
bakery,Farmer's Market,Black Forest Cake,Farmer's MarketBlack Forest Cake750 g,$15.99ea,,$2.13/ 100g,False,zehrs,0.0213,g,15.99
bakery,,Boston Chocolate Strawberry Cake,Boston Chocolate Strawberry Cake1.1 kg,$21.99ea,,$2.00/ 100g,False,zehrs,0.02,g,21.99
bakery,Hostess,Cupcakes Chocolate Cakes,HostessCupcakes Chocolate Cakes206 g,$3.59ea,,$1.74/ 100g,False,zehrs,0.0174,g,3.59
bakery,Vachon,Flaky Pastries Three Fruits,VachonFlaky Pastries Three Fruits305 g,$4.89ea,,$1.60/ 100g,False,zehrs,0.016,g,4.89
bakery,Farmer's Market,Red Velvet Cake,Farmer's MarketRed Velvet Cake490 g,$6.99ea,,$1.43/ 100g,False,zehrs,0.0143,g,6.99
bakery,Sha Sha,Shasha Cocoa Snaps,Sha ShaShasha Cocoa Snaps300x300.0 g,$6.99ea,,$2.33/ 100g,False,zehrs,0.0233,g,6.99
bakery,Baxters,Swiss Rolls Strawberry Shortcake,BaxtersSwiss Rolls Strawberry Shortcake402 g,$5.49ea,,$1.37/ 100g,False,zehrs,0.0137,g,5.49
bakery,,White Buns Dinner Rolls,White Buns Dinner Rolls12x1.0 ea,$4.29ea,,$0.36/ 1ea,False,zehrs,0.36,,4.29
bakery,,"100% Whole Wheat Bread, Unsliced","100% Whole Wheat Bread, Unsliced450 g",$2.79ea,,$0.62/ 100g,False,zehrs,0.0062,g,2.79
bakery,Farmer's Market,Butter Tarts,Farmer's MarketButter Tarts765 g,$8.99ea,,$1.18/ 100g,False,zehrs,0.0118,g,8.99
bakery,,"Brownie Chocolate Cheesecake, 8 Inch","Brownie Chocolate Cheesecake, 8 Inch1400 g",$29.99ea,,$2.14/ 100g,False,zehrs,0.021400000000000002,g,29.99
bakery,,"Bagel, Herb N' Cheese","Bagel, Herb N' Cheese108 g",$3.79ea,,$3.51/ 100g,False,zehrs,0.0351,g,3.79
bakery,,Old Fashioned Wild Blueberry Pie,Old Fashioned Wild Blueberry Pie114 g,$1.79ea,,$1.57/ 100g,False,zehrs,0.015700000000000002,g,1.79
bakery,Farmer's Market,Oatmeal Raisin Cookies,Farmer's MarketOatmeal Raisin Cookies456 g,$5.99ea,,$1.31/ 100g,False,zehrs,0.0131,g,5.99
bakery,Sha Sha,Shasha Cocoa Snaps,Sha ShaShasha Cocoa Snaps300x300.0 g,$6.99ea,,$2.33/ 100g,False,zehrs,0.0233,g,6.99
bakery,Schar,Deli Seeded Bread,ScharDeli Seeded Bread240 g,$8.99ea,,$3.75/ 100g,False,zehrs,0.0375,g,8.99
bakery,PC Blue Menu,100% Whole Wheat Loaf,PC Blue Menu100% Whole Wheat Loaf450 g,$5.19ea,,$1.15/ 100g,False,zehrs,0.0115,g,5.19
bakery,Schar,Artisan Baker White Bread,ScharArtisan Baker White Bread400 g,$8.99ea,,$2.25/ 100g,False,zehrs,0.0225,g,8.99
bakery,Stonemill,Chia and Supergrains Bread,StonemillChia and Supergrains Bread454 g,$5.69ea,,$1.25/ 100g,False,zehrs,0.0125,g,5.69
bakery,President's Choice,Gigantico Sausage Buns,President's ChoiceGigantico Sausage Buns432 g,$4.29ea,,$0.99/ 100g,False,zehrs,0.009899999999999999,g,4.29
bakery,Frontier Bakery,White Bread Greek Pitas,Frontier BakeryWhite Bread Greek Pitas425 g,$1.59ea,,$0.37/ 100g,False,zehrs,0.0037,g,1.59
bakery,Stonemill,Bread Honest Wellness Cranberry Pumpkin Seed ,StonemillBread Honest Wellness Cranberry Pumpkin Seed 454 g,$5.69ea,,$1.25/ 100g,False,zehrs,0.0125,g,5.69
bakery,President's Choice,Mini Tortilllas Original ,President's ChoiceMini Tortilllas Original 192 g,$3.39ea,,$1.77/ 100g,False,zehrs,0.0177,g,3.39
bakery,No Name,Whole Wheat English Muffins,No NameWhole Wheat English Muffins342 g,$2.89ea,,$0.85/ 100g,False,zehrs,0.0085,g,2.89
bakery,,Flame-Baked Naan Original,Flame-Baked Naan Original400 g,$3.99ea,,$1.00/ 100g,False,zehrs,0.01,g,3.99
bakery,Promise Gluten Free, Multigrain Loaf,Promise Gluten Free Multigrain Loaf480 g,$7.99ea,,$1.66/ 100g,False,zehrs,0.0166,g,7.99
bakery,Country Harvest,No Sugar Whole Wheat,Country HarvestNo Sugar Whole Wheat600 g,$4.29ea,,$0.72/ 100g,False,zehrs,0.0072,g,4.29
bakery,Rudolphs,Bavarian Dark Caraway Bread,RudolphsBavarian Dark Caraway Bread500 g,$4.29ea,,$0.86/ 100g,False,zehrs,0.0086,g,4.29
bakery,President's Choice,Whole Wheat Naan Rounds Buns,President's ChoiceWhole Wheat Naan Rounds Buns480 g,$4.59ea,,$0.96/ 100g,False,zehrs,0.0096,g,4.59
bakery,Frontier Bakery,Thick Pouch Whole Wheat Pitas,Frontier BakeryThick Pouch Whole Wheat Pitas425 g,$1.59ea,,$0.37/ 100g,False,zehrs,0.0037,g,1.59
bakery,Lanthier,Croissant Mini'S ,LanthierCroissant Mini'S 14x210.0 g,$5.49ea,,$2.61/ 100g,False,zehrs,0.026099999999999998,g,5.49
bakery,Weston,"Texas Toast Bread, 100% Whole Wheat","WestonTexas Toast Bread, 100% Whole Wheat675 g",$3.79ea,,$0.56/ 100g,False,zehrs,0.005600000000000001,g,3.79
bakery,Country Harvest,Sunflower Flax Bread,Country HarvestSunflower Flax Bread600 g,$4.29ea,,$0.72/ 100g,False,zehrs,0.0072,g,4.29
bakery,Country Harvest,Sesame Bagels,Country HarvestSesame Bagels450 g,$4.29ea,,$0.95/ 100g,False,zehrs,0.0095,g,4.29
bakery,DItaliano,Brizzolio Hamburger Buns,DItalianoBrizzolio Hamburger Buns528 g,$4.29ea,,$0.81/ 100g,False,zehrs,0.008100000000000001,g,4.29
bakery,Casa Mendosa,"Tortilla Queso 10""","Casa MendosaTortilla Queso 10""384 g",$4.79ea,,$1.25/ 100g,False,zehrs,0.0125,g,4.79
bakery,LA FOURNEE DOREE,Mini Brioches,LA FOURNEE DOREEMini Brioches480 g,$4.79ea,,$1.00/ 100g,False,zehrs,0.01,g,4.79
bakery,,Bread Bruschetta,Bread Bruschetta360 g,$3.49ea,,$0.97/ 100g,False,zehrs,0.0097,g,3.49
bakery,Sha Sha,Coconut Chia Snaps ,Sha ShaCoconut Chia Snaps 300 g,$6.99ea,,$2.33/ 100g,False,zehrs,0.0233,g,6.99
bakery,Farmer's Market,Mini Cinnamon Rolls,Farmer's MarketMini Cinnamon Rolls9x30.0 g,$6.29ea,,$2.33/ 100g,False,zehrs,0.0233,g,6.29
bakery,ACE,Vanilla & Peal Sugar Brioche Roll,ACEVanilla & Peal Sugar Brioche Roll288 g,$4.79ea,,$1.66/ 100g,False,zehrs,0.0166,g,4.79
bakery,La Rocca,"Cake, Chocolate Truffle","La RoccaCake, Chocolate Truffle1300 g",$29.99ea,,$2.73/ 100g,False,zehrs,0.0273,g,29.99
bakery,,"Celebration Cupcakes, White","Celebration Cupcakes, White6x300.0 g",$6.49ea,,$0.36/ 100g,False,zehrs,0.0036,g,6.49
bakery,,Italian Loaf,Italian Loaf450 g,$2.79ea,,$0.62/ 100g,False,zehrs,0.0062,g,2.79
bakery,ACE,Pumpkin Seed Sourdough Loaf,ACEPumpkin Seed Sourdough Loaf454 g,$6.49ea,,$1.43/ 100g,False,zehrs,0.0143,g,6.49
bakery,,"Flax Bread, Sliced","Flax Bread, Sliced450 g",$3.99ea,,$0.89/ 100g,False,zehrs,0.0089,g,3.99
bakery,,Cheese Stick Buns,Cheese Stick Buns360 g,$5.89ea,,$1.64/ 100g,False,zehrs,0.016399999999999998,g,5.89
bakery,,"Caramel Apple Pie, 8 Inch","Caramel Apple Pie, 8 Inch680 g",$6.79ea,,$1.00/ 100g,False,zehrs,0.01,g,6.79
bakery,,Cookies and Cream 8inch Cake,Cookies and Cream 8inch Cake1.2 kg,$27.99ea,,$2.33/ 100g,False,zehrs,0.0233,g,27.99
bakery,,"Bread, Farmers Crusty French , Sliced","Bread, Farmers Crusty French , Sliced450 g",$2.99ea,,$0.66/ 100g,False,zehrs,0.0066,g,2.99
bakery,,Amazing Grain Bread Sliced,Amazing Grain Bread Sliced450 g,$4.49ea,,$1.00/ 100g,False,zehrs,0.01,g,4.49
bakery,Paneriso,Lemon Loaf Cake,PanerisoLemon Loaf Cake454 g,$8.49ea,,$1.87/ 100g,False,zehrs,0.0187,g,8.49
bakery,,Sweet Squares Tray (Minimum 24 Hours Notice Required),Sweet Squares Tray (Minimum 24 Hours Notice Required)750 g,$25.00ea,,$3.33/ 100g,False,zehrs,0.0333,g,25.00
bakery,Farmer's Market,Double Chocolate Cake,Farmer's MarketDouble Chocolate Cake770 g,$14.99ea,,$1.95/ 100g,False,zehrs,0.0195,g,14.99
bakery,,"Ancient Grain Bread, Sliced","Ancient Grain Bread, Sliced560 g",$3.99ea,,$0.71/ 100g,False,zehrs,0.0070999999999999995,g,3.99
bakery,ACE,Roasted Garlic Oval,ACERoasted Garlic Oval454 g,$5.99ea,,$1.32/ 100g,False,zehrs,0.0132,g,5.99
bakery,Vachon,Jelly Log Rolled Sponge Cakes,VachonJelly Log Rolled Sponge Cakes288 g,$4.89ea,,$1.70/ 100g,False,zehrs,0.017,g,4.89
bakery,Farmer's Market,"Tea Biscuits, Original","Farmer's MarketTea Biscuits, Original315 g",$6.29ea,,$2.00/ 100g,False,zehrs,0.02,g,6.29
bakery,ACE,Toasted Sesame Mini Crisps,ACEToasted Sesame Mini Crisps180 g,$6.29ea,,$3.49/ 100g,False,zehrs,0.0349,g,6.29
bakery,,Corn Popped Grains,Corn Popped Grains120 g,$5.29ea,,$4.41/ 100g,False,zehrs,0.0441,g,5.29
bakery,,"Caramel Apple Pie, 8 Inch","Caramel Apple Pie, 8 Inch680 g",$6.79ea,,$1.00/ 100g,False,zehrs,0.01,g,6.79
bakery,,Cookies and Cream 8inch Cake,Cookies and Cream 8inch Cake1.2 kg,$27.99ea,,$2.33/ 100g,False,zehrs,0.0233,g,27.99
bakery,Farmer's Market,Mini Cinnamon Rolls,Farmer's MarketMini Cinnamon Rolls9x30.0 g,$6.29ea,,$2.33/ 100g,False,zehrs,0.0233,g,6.29
bakery,ACE,Vanilla & Peal Sugar Brioche Roll,ACEVanilla & Peal Sugar Brioche Roll288 g,$4.79ea,,$1.66/ 100g,False,zehrs,0.0166,g,4.79
bakery,,"Celebration Cupcakes, White","Celebration Cupcakes, White6x300.0 g",$6.49ea,,$0.36/ 100g,False,zehrs,0.0036,g,6.49
bakery,,Mini Cheese Cake  with Fruit Top,Mini Cheese Cake  with Fruit Top90 g,$1.99ea,,$2.21/ 100g,False,zehrs,0.022099999999999998,g,1.99
bakery,Farmer's Market,Assorted Mini Tarts,Farmer's MarketAssorted Mini Tarts300 g,$7.99ea,,$2.66/ 100g,False,zehrs,0.026600000000000002,g,7.99
bakery,Farmer's Market,Apple Pie 10 Inch,Farmer's MarketApple Pie 10 Inch1 kg,$10.99ea,,$1.10/ 100g,False,zehrs,0.011000000000000001,g,10.99
bakery,,"Italian Bread, Crusty Sliced","Italian Bread, Crusty Sliced450 g",$2.79ea,,$0.62/ 100g,False,zehrs,0.0062,g,2.79
bakery,La Baguetterie,Ciabatta Rolls ,La BaguetterieCiabatta Rolls 400 g,$3.49ea,,$0.87/ 100g,False,zehrs,0.0087,g,3.49
bakery,President's Choice,Blueberry Mini Muffins,President's ChoiceBlueberry Mini Muffins336 g,$5.69ea,,$1.69/ 100g,False,zehrs,0.0169,g,5.69
bakery,two-bite,Lunar New Year Cupcakes,two-biteLunar New Year Cupcakes300 g,$4.99ea,,$1.66/ 100g,False,zehrs,0.0166,g,4.99
bakery,,"Cake, 1/2 Slab White *MINIMUM 24 HOURS NOTICED REQUIRED*","Cake, 1/2 Slab White *MINIMUM 24 HOURS NOTICED REQUIRED*2 kg",$42.99ea,,$2.87/ 100g,False,zehrs,0.0287,g,42.99
bakery,,Italian Garlic Bread,Italian Garlic Bread500 g,$3.49ea,,$0.70/ 100g,False,zehrs,0.006999999999999999,g,3.49
bakery,,"Round Black Forrest Cake, 5""","Round Black Forrest Cake, 5""700 g",$12.99ea,,$1.86/ 100g,False,zehrs,0.018600000000000002,g,12.99
bakery,Farmer's Market,Tiramisu Cake,Farmer's MarketTiramisu Cake675 g,$14.99ea,,$2.22/ 100g,False,zehrs,0.0222,g,14.99
bakery,Ready Bake,ACE White Demi Baguette,Ready BakeACE White Demi Baguette200 g,$2.99ea,,$1.50/ 100g,False,zehrs,0.015,g,2.99
bakery,,"5"" Round Strawberry Shortcake","5"" Round Strawberry Shortcake700 g",$12.99ea,,$1.86/ 100g,False,zehrs,0.018600000000000002,g,12.99
bakery,,Italian Loaf,Italian Loaf450 g,$2.79ea,,$0.62/ 100g,False,zehrs,0.0062,g,2.79
bakery,ACE,Pumpkin Seed Sourdough Loaf,ACEPumpkin Seed Sourdough Loaf454 g,$6.49ea,,$1.43/ 100g,False,zehrs,0.0143,g,6.49
bakery,Paneriso,Lemon Loaf Cake,PanerisoLemon Loaf Cake454 g,$8.49ea,,$1.87/ 100g,False,zehrs,0.0187,g,8.49
bakery,,Sweet Squares Tray (Minimum 24 Hours Notice Required),Sweet Squares Tray (Minimum 24 Hours Notice Required)750 g,$25.00ea,,$3.33/ 100g,False,zehrs,0.0333,g,25.00
bakery,Farmer's Market,"Tea Biscuits, Raisin","Farmer's MarketTea Biscuits, Raisin315 g",$6.29ea,,$2.00/ 100g,False,zehrs,0.02,g,6.29
bakery,,"6"" Chocolate Brownie Cheesecake","6"" Chocolate Brownie Cheesecake600 g",$18.99ea,,$3.17/ 100g,False,zehrs,0.0317,g,18.99
bakery,,White Batard Bread,White Batard Bread275 g,$2.39ea,,$0.87/ 100g,False,zehrs,0.0087,g,2.39
bakery,,"Sesame Egg Bread, Sliced","Sesame Egg Bread, Sliced450 g",$3.89ea,,$0.86/ 100g,False,zehrs,0.0086,g,3.89
bakery,Gestion Touche,Vanilla Sunny Shell Cakes,Gestion ToucheVanilla Sunny Shell Cakes23.67 g,$3.29ea,,$2.32/ 100g,False,zehrs,0.0232,g,3.29
bakery,School Safe,Muffin Bars Birthday Cake,School SafeMuffin Bars Birthday Cake296 g,$3.99ea,,$1.35/ 100g,False,zehrs,0.013500000000000002,g,3.99
bakery,Farmer's Market,Apple Crumble Pie,Farmer's MarketApple Crumble Pie1 kg,$10.99ea,,$1.10/ 100g,False,zehrs,0.011000000000000001,g,10.99
bakery,,"Carrot Cake, 8 Inch","Carrot Cake, 8 Inch1700 g",$29.99ea,,$1.76/ 100g,False,zehrs,0.0176,g,29.99
bakery,Farmer's Market,"Loaf Cake, Cinnamon Swirl","Farmer's MarketLoaf Cake, Cinnamon Swirl390 g",$5.49ea,,$1.41/ 100g,False,zehrs,0.0141,g,5.49
bakery,,"Bagel, Blueberry","Bagel, Blueberry108 g",$3.79ea,,$3.51/ 100g,False,zehrs,0.0351,g,3.79
bakery,,"Bagels, Sesame","Bagels, Sesame108 g",$3.79ea,,$3.51/ 100g,False,zehrs,0.0351,g,3.79
bakery,,Strawberry Cake 1/4 Slab,Strawberry Cake 1/4 Slab1300 g,$34.99ea,,$2.69/ 100g,False,zehrs,0.0269,g,34.99
bakery,,Pumpernickel Sesame Bagels,Pumpernickel Sesame Bagels600 g,$3.79ea,,$0.63/ 100g,False,zehrs,0.0063,g,3.79
bakery,Farmer's Market,"Loaf Cake, Marble","Farmer's MarketLoaf Cake, Marble390 g",$5.49ea,,$1.41/ 100g,False,zehrs,0.0141,g,5.49
bakery,Farmer's Market,Lemon Cranberry Muffins,Farmer's MarketLemon Cranberry Muffins600 g,$6.99ea,,$1.17/ 100g,False,zehrs,0.011699999999999999,g,6.99
bakery,,"60% Whole Wheat Bread, Unsliced","60% Whole Wheat Bread, Unsliced450 g",$2.79ea,,$0.62/ 100g,False,zehrs,0.0062,g,2.79
bakery,Elite Sweets,Tiramisu,Elite SweetsTiramisu700 g,$17.49ea,,$2.50/ 100g,False,zehrs,0.025,g,17.49
bakery,Vachon,Jos Louis The Original Cakes,VachonJos Louis The Original Cakes324 g,$4.89ea,,$1.51/ 100g,False,zehrs,0.0151,g,4.89
bakery,Hostess,POP Cakes,HostessPOP Cakes159 g,$3.59ea,,$2.26/ 100g,False,zehrs,0.0226,g,3.59
bakery,ACE,Parmesan Crostino,ACEParmesan Crostino125 g,$5.49ea,,$4.39/ 100g,False,zehrs,0.043899999999999995,g,5.49
bakery,LA FOURNEE DOREE,Sliced Brioche Bread,LA FOURNEE DOREESliced Brioche Bread500 g,$6.29ea,,$1.26/ 100g,False,zehrs,0.0126,g,6.29
bakery,Pita Break,"Snacking Rounds, Cinnamon Raisin","Pita BreakSnacking Rounds, Cinnamon Raisin312 g",$4.29ea,,$1.38/ 100g,False,zehrs,0.0138,g,4.29
bakery,Old Mill,Cracked Wheat Bread,Old MillCracked Wheat Bread675 g,$2.69ea,,$0.40/ 100g,False,zehrs,0.004,g,2.69
bakery,Wonder,Hotdog Buns Ballpark Classics Limited Edition 6 ,WonderHotdog Buns Ballpark Classics Limited Edition 6 432 g,$3.79ea,,$0.88/ 100g,False,zehrs,0.0088,g,3.79
bakery,President's Choice,European Multi Grain Bread,President's ChoiceEuropean Multi Grain Bread500 g,$3.99ea,,$0.80/ 100g,False,zehrs,0.008,g,3.99
bakery,President's Choice,Gluten Free White Bread,President's ChoiceGluten Free White Bread454 g,$4.29ea,,$0.94/ 100g,False,zehrs,0.009399999999999999,g,4.29
bakery,Schar,Gluten-Free Pizza Crust,ScharGluten-Free Pizza Crust300 g,$15.99ea,,$5.33/ 100g,False,zehrs,0.0533,g,15.99
bakery,President's Choice,Raisin Cinnamon English Muffins,President's ChoiceRaisin Cinnamon English Muffins342 g,$3.09ea,,$0.90/ 100g,False,zehrs,0.009000000000000001,g,3.09
bakery,Rudolphs,Bavarian Multi-grain Bread,RudolphsBavarian Multi-grain Bread500 g,$4.29ea,,$0.86/ 100g,False,zehrs,0.0086,g,4.29
bakery,Dimpflmeier,Pumpernickel Bread,DimpflmeierPumpernickel Bread454 g,$3.79ea,,$0.83/ 100g,False,zehrs,0.0083,g,3.79
bakery,Country Harvest,Cranberry & Oats Loaf,Country HarvestCranberry & Oats Loaf600 g,$4.29ea,,$0.71/ 100g,False,zehrs,0.0070999999999999995,g,4.29
bakery,Oroweat,100% Whole Grain Bread,Oroweat100% Whole Grain Bread680 g,$6.29ea,,$0.93/ 100g,False,zehrs,0.009300000000000001,g,6.29
bakery,President's Choice,Everything Naan Dippers Club Size,President's ChoiceEverything Naan Dippers Club Size410 g,$6.99ea,,$1.70/ 100g,False,zehrs,0.017,g,6.99
bakery,Pita Break,"Morning Rounds, Muesli","Pita BreakMorning Rounds, Muesli450 g",$4.69ea,,$1.04/ 100g,False,zehrs,0.0104,g,4.69
bakery,Dempster,Bread 100% Whole Grains Ancient Grains with Quinoa ,DempsterBread 100% Whole Grains Ancient Grains with Quinoa 600 g,$4.19ea,,$0.70/ 100g,False,zehrs,0.006999999999999999,g,4.19
bakery,Dempster,Bread,DempsterBread600 g,$4.19ea,,$0.70/ 100g,False,zehrs,0.006999999999999999,g,4.19
bakery,Wonder,Top Sliced Hotdog Rolls,WonderTop Sliced Hotdog Rolls502 g,$3.79ea,,$0.75/ 100g,False,zehrs,0.0075,g,3.79
bakery,PC Blue Menu,Multigrain English Muffins,PC Blue MenuMultigrain English Muffins342 g,$3.09ea,,$0.90/ 100g,False,zehrs,0.009000000000000001,g,3.09
bakery,Dimpflmeier,Rye Bread With Sunflower Seeds,DimpflmeierRye Bread With Sunflower Seeds454 g,$4.99ea,,$1.10/ 100g,False,zehrs,0.011000000000000001,g,4.99
bakery,Rudolphs,Bavarian Poppy Seed & Bran Bread,RudolphsBavarian Poppy Seed & Bran Bread500 g,$4.29ea,,$0.86/ 100g,False,zehrs,0.0086,g,4.29
bakery,DItaliano,Sausage Buns Brizzolio Extra Soft,DItalianoSausage Buns Brizzolio Extra Soft420 g,$4.29ea,,$1.02/ 100g,False,zehrs,0.0102,g,4.29
bakery,Pita Break,"Mini Pitas, Regular","Pita BreakMini Pitas, Regular450 g",$3.89ea,,$0.86/ 100g,False,zehrs,0.0086,g,3.89
bakery,Schar,Gluten-free Hamburger Buns,ScharGluten-free Hamburger Buns300 g,$8.49ea,,$2.83/ 100g,False,zehrs,0.028300000000000002,g,8.49
bakery,Casa Mendosa,"6 Medium Tortillas, 50-50 Corn Wheat Mix","Casa Mendosa6 Medium Tortillas, 50-50 Corn Wheat Mix204 g",$4.29ea,,$2.10/ 100g,False,zehrs,0.021,g,4.29
bakery,Stonemill,Wholesome Bread Loaf 21 Grains ,StonemillWholesome Bread Loaf 21 Grains 454 g,$5.69ea,,$1.25/ 100g,False,zehrs,0.0125,g,5.69
bakery,PC Blue Menu,Everything Bagels 6 Bagels,PC Blue MenuEverything Bagels 6 Bagels336 g,$4.49ea,,$1.23/ 100g,False,zehrs,0.0123,g,4.49
bakery,Old Mill,"12"" Thin Pizza Starter Kit","Old Mill12"" Thin Pizza Starter Kit700 g",$4.39ea,,$0.63/ 100g,False,zehrs,0.0063,g,4.39
bakery,Casa Mendosa,Large Original Tortillas,Casa MendosaLarge Original Tortillas640 g,$4.79ea,,$0.75/ 100g,False,zehrs,0.0075,g,4.79
bakery,Farmer's Market,Pecan Butter Tarts,Farmer's MarketPecan Butter Tarts6x85.0 g,$7.99ea,,$1.57/ 100g,False,zehrs,0.015700000000000002,g,7.99
bakery,Casa Mendosa,"6 Large Tortillas, Tomato Salsa","Casa Mendosa6 Large Tortillas, Tomato Salsa384 g",$4.79ea,,$1.25/ 100g,False,zehrs,0.0125,g,4.79
bakery,Casa Mendosa,"10 Medium Tortillas, Original","Casa Mendosa10 Medium Tortillas, Original340 g",$4.29ea,,$1.26/ 100g,False,zehrs,0.0126,g,4.29
bakery,President's Choice,Pumpernickel Rye Loaf Bread,President's ChoicePumpernickel Rye Loaf Bread480 g,$3.99ea,,$0.83/ 100g,False,zehrs,0.0083,g,3.99
bakery,President's Choice,Plain Barbari Flatbread,President's ChoicePlain Barbari Flatbread250 g,$3.49ea,,$1.40/ 100g,False,zehrs,0.013999999999999999,g,3.49
bakery,President's Choice,Traditional Naan,President's ChoiceTraditional Naan250 g,$3.69ea,,$1.48/ 100g,False,zehrs,0.0148,g,3.69
bakery,President's Choice,Mini Naan Garlic 4 Flatbreads,President's ChoiceMini Naan Garlic 4 Flatbreads180 g,$3.49ea,,$1.94/ 100g,False,zehrs,0.0194,g,3.49
bakery,PC Blue Menu,100% Whole Grain Tortillas,PC Blue Menu100% Whole Grain Tortillas6x65.0 g,$4.29ea,,$1.10/ 100g,False,zehrs,0.011000000000000001,g,4.29
bakery,President's Choice,Thick Pizza Crust,President's ChoiceThick Pizza Crust300 g,$4.29ea,,$1.43/ 100g,False,zehrs,0.0143,g,4.29
bakery,Rubschlager,Sesame Multigrain Loaf,RubschlagerSesame Multigrain Loaf454 g,$3.49ea,,$0.77/ 100g,False,zehrs,0.0077,g,3.49
bakery,Dempster,Parmesan Garlic & Herb Flavour Bagels,DempsterParmesan Garlic & Herb Flavour Bagels375 g,$4.79ea,,$1.28/ 100g,False,zehrs,0.0128,g,4.79
bakery,Stonemill,Honest  Bread Wellness Sprouted Rye & 12 Grains ,StonemillHonest  Bread Wellness Sprouted Rye & 12 Grains 425 g,$5.69ea,,$1.34/ 100g,False,zehrs,0.0134,g,5.69
bakery,Wonder,"English Muffins, Whole Wheat","WonderEnglish Muffins, Whole Wheat342 g",$3.79ea,,$1.11/ 100g,False,zehrs,0.0111,g,3.79
bakery,Rudolphs,Light Rye Bread,RudolphsLight Rye Bread907 g,$5.99ea,,$0.66/ 100g,False,zehrs,0.0066,g,5.99
bakery,No Name,Blueberry Bagel,No NameBlueberry Bagel450 g,$2.89ea,,$0.64/ 100g,False,zehrs,0.0064,g,2.89
bakery,ACE,Classic Gourmet Hamburger Bun,ACEClassic Gourmet Hamburger Bun260 g,$3.99ea,,$1.53/ 100g,False,zehrs,0.015300000000000001,g,3.99
bakery,President's Choice,Garlic Naan ,President's ChoiceGarlic Naan 250 g,$3.69ea,,$1.48/ 100g,False,zehrs,0.0148,g,3.69
bakery,ACE,Bocata Ronda Roll,ACEBocata Ronda Roll800 g,$6.79ea,,$0.85/ 100g,False,zehrs,0.0085,g,6.79
bakery,Rubschlager,Marble Rye Loaf,RubschlagerMarble Rye Loaf454 g,$3.49ea,,$0.77/ 100g,False,zehrs,0.0077,g,3.49
bakery,,King’s Hawaiian Sweet Rolls ,King’s Hawaiian Sweet Rolls 0.34 kg,$4.49ea,,$1.32/ 100g,False,zehrs,0.0132,g,4.49
bakery,Suraj,Naan Garlic 5 Flatbreads,SurajNaan Garlic 5 Flatbreads500 g,$3.99ea,,$0.80/ 100g,False,zehrs,0.008,g,3.99
bakery,,Flame-Baked Naan Cilantro & Roasted Garlic,Flame-Baked Naan Cilantro & Roasted Garlic400 g,$3.99ea,,$1.00/ 100g,False,zehrs,0.01,g,3.99
bakery,President's Choice,Traditional Naan Dippers Flatbreads Club Pack,President's ChoiceTraditional Naan Dippers Flatbreads Club Pack400 g,$6.99ea,,$1.75/ 100g,False,zehrs,0.0175,g,6.99
bakery,,Core 12 Grain Breads,Core 12 Grain Breads284 g,$4.29ea,,$1.51/ 100g,False,zehrs,0.0151,g,4.29
bakery,Suraj,Naan Original 5 Flatbreads,SurajNaan Original 5 Flatbreads500 g,$3.99ea,,$0.80/ 100g,False,zehrs,0.008,g,3.99
bakery,Suraj,Naan Original Flatbreads,SurajNaan Original Flatbreads1 ea,$5.49ea,,$5.49/ 1ea,False,zehrs,5.49,,5.49
bakery,Wonder,"6 Pack English Muffin Breakfast Sandwich Bun, White","Wonder6 Pack English Muffin Breakfast Sandwich Bun, White342 g",$3.79ea,,$1.11/ 100g,False,zehrs,0.0111,g,3.79
bakery,,Savoury Butter Rolls,Savoury Butter Rolls340 g,$4.49ea,,$1.32/ 100g,False,zehrs,0.0132,g,4.49
bakery,Country Harvest,Protein Bread,Country HarvestProtein Bread600 g,$4.29ea,,$0.72/ 100g,False,zehrs,0.0072,g,4.29
bakery,Country Harvest,"Bagels, Raisin Cinnamon with Whole Wheat","Country HarvestBagels, Raisin Cinnamon with Whole Wheat450 g",$4.29ea,,$0.95/ 100g,False,zehrs,0.0095,g,4.29
bakery,No Name,Original English Muffins,No NameOriginal English Muffins342 g,$2.89ea,,$0.85/ 100g,False,zehrs,0.0085,g,2.89
bakery,Schar,Deli Sourdough Bread,ScharDeli Sourdough Bread240 g,$8.99ea,,$3.75/ 100g,False,zehrs,0.0375,g,8.99
bakery,Ozery's,Blueberry Morning Rounds,Ozery'sBlueberry Morning Rounds450 g,$4.29ea,,$0.95/ 100g,False,zehrs,0.0095,g,4.29
bakery,LA FOURNEE DOREE,Milk Brioche Rolls,LA FOURNEE DOREEMilk Brioche Rolls350 g,$6.49ea,,$1.85/ 100g,False,zehrs,0.018500000000000003,g,6.49
bakery,Rudolphs,Bavarian Premium Sandwich Bread,RudolphsBavarian Premium Sandwich Bread500 g,$4.29ea,,$0.86/ 100g,False,zehrs,0.0086,g,4.29
bakery,,"Crusty Bread, Unsliced","Crusty Bread, Unsliced450 g",$2.99ea,,$0.66/ 100g,False,zehrs,0.0066,g,2.99
bakery,DItaliano,Thick Slice Original Bread,DItalianoThick Slice Original Bread675 g,$4.29ea,,$0.64/ 100g,False,zehrs,0.0064,g,4.29
bakery,Pita Break,"Morning Rounds, Cranberry Orange","Pita BreakMorning Rounds, Cranberry Orange450 g",$4.69ea,,$1.04/ 100g,False,zehrs,0.0104,g,4.69
bakery,LA PETITE BRETONNE,Croissant Cocktail ,LA PETITE BRETONNECroissant Cocktail 370x370.0 g,$4.59ea,,$1.24/ 100g,False,zehrs,0.0124,g,4.59
bakery,Ozery's,Brioche Bites (Rolls),Ozery'sBrioche Bites (Rolls)12x324.0 g,$4.49ea,,$1.39/ 100g,False,zehrs,0.0139,g,4.49
bakery,President's Choice,Cannoli Kit,President's ChoiceCannoli Kit300 g,$9.99ea,,$3.33/ 100g,False,zehrs,0.0333,g,9.99
bakery,President's Choice,Gluten Free Millet & Quinoa,President's ChoiceGluten Free Millet & Quinoa454 g,$4.29ea,,$0.94/ 100g,False,zehrs,0.009399999999999999,g,4.29
bakery,President's Choice,Crumpets,President's ChoiceCrumpets284 g,$2.99ea,,$1.05/ 100g,False,zehrs,0.0105,g,2.99
bakery,Pita Break,"Mini Pitas, Whole Grain Wheat","Pita BreakMini Pitas, Whole Grain Wheat480 g",$3.89ea,,$0.81/ 100g,False,zehrs,0.008100000000000001,g,3.89
bakery,Country Harvest,Everything Bagel,Country HarvestEverything Bagel450 g,$4.29ea,,$0.95/ 100g,False,zehrs,0.0095,g,4.29
bakery,Wonder,100% Whole Wheat Bread Thin Sliced,Wonder100% Whole Wheat Bread Thin Sliced675 g,$3.79ea,,$0.56/ 100g,False,zehrs,0.005600000000000001,g,3.79
bakery,Dempster,Signature Four Cheese Bagels,DempsterSignature Four Cheese Bagels375 g,$4.79ea,,$1.28/ 100g,False,zehrs,0.0128,g,4.79
bakery,Dempster,100% Whole Grains 12 Grain Bread,Dempster100% Whole Grains 12 Grain Bread600 g,$4.19ea,,$0.70/ 100g,False,zehrs,0.006999999999999999,g,4.19
bakery,Old Mill,Hamburger Buns,Old MillHamburger Buns360 g,$3.09ea,,$0.86/ 100g,False,zehrs,0.0086,g,3.09
bakery,Weight Watchers,100% Whole Wheat Bagels ,Weight Watchers100% Whole Wheat Bagels 378 g,$5.39ea,,$1.43/ 100g,False,zehrs,0.0143,g,5.39
bakery,Dimpflmeier,Bread Original Swedish Style Light Rye,DimpflmeierBread Original Swedish Style Light Rye680 g,$5.29ea,,$0.78/ 100g,False,zehrs,0.0078000000000000005,g,5.29
bakery,Pita Break,"Morning Rounds, Apple Cinnamon","Pita BreakMorning Rounds, Apple Cinnamon450 g",$4.69ea,,$1.04/ 100g,False,zehrs,0.0104,g,4.69
bakery,Wonder,White Hamburger Buns,WonderWhite Hamburger Buns8x47.25 g,$3.79ea,,$1.00/ 100g,False,zehrs,0.01,g,3.79
bakery,President's Choice,Tortillas Original ,President's ChoiceTortillas Original 340 g,$3.79ea,,$1.11/ 100g,False,zehrs,0.0111,g,3.79
bakery,Suraj,Naan Garlic Flatbreads,SurajNaan Garlic Flatbreads1 kg,$5.49ea,,$0.55/ 100g,False,zehrs,0.0055000000000000005,g,5.49
bakery,President's Choice,Traditional Naan Club Size ,President's ChoiceTraditional Naan Club Size 750 g,$5.59ea,,$0.75/ 100g,False,zehrs,0.0075,g,5.59
bakery,,ProteinUp Tortilla Wrap with Sea Salt & Pepper,ProteinUp Tortilla Wrap with Sea Salt & Pepper284 g,$4.29ea,,$1.51/ 100g,False,zehrs,0.0151,g,4.29
bakery,President's Choice,À L’Européenne Light Rye Loaf,President's ChoiceÀ L’Européenne Light Rye Loaf480 g,$3.99ea,,$0.83/ 100g,False,zehrs,0.0083,g,3.99
bakery,President's Choice,Traditional Naan Rounds,President's ChoiceTraditional Naan Rounds480 g,$4.59ea,,$0.96/ 100g,False,zehrs,0.0096,g,4.59
bakery,Rubschlager,Bavarian Rye Loaf,RubschlagerBavarian Rye Loaf454 g,$3.49ea,,$0.77/ 100g,False,zehrs,0.0077,g,3.49
bakery,Rubschlager,Pumpernickel Loaf,RubschlagerPumpernickel Loaf454 g,$3.49ea,,$0.77/ 100g,False,zehrs,0.0077,g,3.49
bakery,President's Choice,Mini Tortilllas Original ,President's ChoiceMini Tortilllas Original 192 g,$3.39ea,,$1.77/ 100g,False,zehrs,0.0177,g,3.39
bakery,No Name,Whole Wheat English Muffins,No NameWhole Wheat English Muffins342 g,$2.89ea,,$0.85/ 100g,False,zehrs,0.0085,g,2.89
bakery,,Flame-Baked Naan Original,Flame-Baked Naan Original400 g,$3.99ea,,$1.00/ 100g,False,zehrs,0.01,g,3.99
bakery,Country Harvest,Seeds and Grains Bread,Country HarvestSeeds and Grains Bread600 g,$4.29ea,,$0.72/ 100g,False,zehrs,0.0072,g,4.29
bakery,ACE,Sesame Baguette Bagel,ACESesame Baguette Bagel300 g,$4.19ea,,$1.40/ 100g,False,zehrs,0.013999999999999999,g,4.19
bakery,ACE,Brioche Gourmet Hamburger Bun,ACEBrioche Gourmet Hamburger Bun260 g,$3.99ea,,$1.53/ 100g,False,zehrs,0.015300000000000001,g,3.99
bakery,ACE,Cheddar Ciabatta Bun,ACECheddar Ciabatta Bun300 g,$3.99ea,,$1.33/ 100g,False,zehrs,0.013300000000000001,g,3.99
bakery,ACE,Brioche Bagel,ACEBrioche Bagel272 g,$4.19ea,,$1.54/ 100g,False,zehrs,0.0154,g,4.19
bakery,DItaliano,Brioche-Style Sausage Buns,DItalianoBrioche-Style Sausage Buns420 g,$4.29ea,,$1.02/ 100g,False,zehrs,0.0102,g,4.29
bakery,Rubschlager,Bavarian Multigrain Loaf,RubschlagerBavarian Multigrain Loaf454 g,$3.49ea,,$0.77/ 100g,False,zehrs,0.0077,g,3.49
bakery,President's Choice,Tortillas Original ,President's ChoiceTortillas Original 650 g,$4.29ea,,$0.66/ 100g,False,zehrs,0.0066,g,4.29
bakery,Casa Mendosa,Large Spinach Tortillas,Casa MendosaLarge Spinach Tortillas384 g,$4.79ea,,$1.25/ 100g,False,zehrs,0.0125,g,4.79
bakery,Wonder,Flour Tortillas White 10 Medium ,WonderFlour Tortillas White 10 Medium 340 g,$4.29ea,,$1.26/ 100g,False,zehrs,0.0126,g,4.29
bakery,President's Choice, Khubz Middle Eastern-Style Pita,President's Choice Khubz Middle Eastern-Style Pita400 g,$3.49ea,,$0.87/ 100g,False,zehrs,0.0087,g,3.49
bakery,,Red Pepper Breads,Red Pepper Breads284 g,$4.29ea,,$1.73/ 100g,False,zehrs,0.0173,g,4.29
bakery,Rubschlager,Bavarian Multigrain Loaf,RubschlagerBavarian Multigrain Loaf454 g,$3.49ea,,$0.77/ 100g,False,zehrs,0.0077,g,3.49
bakery,Rubschlager,Flax Seeds Loaf,RubschlagerFlax Seeds Loaf454 g,$3.49ea,,$0.77/ 100g,False,zehrs,0.0077,g,3.49
bakery,PC Blue Menu,Everything Bagels 6 Bagels,PC Blue MenuEverything Bagels 6 Bagels336 g,$4.49ea,,$1.23/ 100g,False,zehrs,0.0123,g,4.49
bakery,DItaliano,Bread Brizzolio Extra Soft Thick Slice,DItalianoBread Brizzolio Extra Soft Thick Slice600 g,$4.29ea,,$0.72/ 100g,False,zehrs,0.0072,g,4.29
bakery,ACE,Everything Baguette Bagel,ACEEverything Baguette Bagel360 g,$4.19ea,,$1.16/ 100g,False,zehrs,0.0116,g,4.19
bakery,PC Blue Menu,Multigrain Loaf With Quinoa,PC Blue MenuMultigrain Loaf With Quinoa450 g,$5.19ea,,$1.15/ 100g,False,zehrs,0.0115,g,5.19
bakery,DItaliano,Italian Style Grains Sliced Bread,DItalianoItalian Style Grains Sliced Bread600 g,$4.29ea,,$0.72/ 100g,False,zehrs,0.0072,g,4.29
bakery,Ozery's,Moroccan-Style Buns Original,Ozery'sMoroccan-Style Buns Original420 g,$3.99ea,,$0.95/ 100g,False,zehrs,0.0095,g,3.99
bakery,No Name,Bagel Whole Wheat,No NameBagel Whole Wheat510 g,$2.89ea,,$0.57/ 100g,False,zehrs,0.005699999999999999,g,2.89
bakery,ACE,White Baguette Bagel,ACEWhite Baguette Bagel300 g,$4.19ea,,$1.40/ 100g,False,zehrs,0.013999999999999999,g,4.19
bakery,ACE,White Gourmet Sausage Bun,ACEWhite Gourmet Sausage Bun340 g,$3.99ea,,$1.17/ 100g,False,zehrs,0.011699999999999999,g,3.99
bakery,ACE,Organic White Sliced Bread,ACEOrganic White Sliced Bread410 g,$6.19ea,,$1.51/ 100g,False,zehrs,0.0151,g,6.19
bakery,ACE,Organic 100% Whole Wheat Sliced Bread,ACEOrganic 100% Whole Wheat Sliced Bread454 g,$6.19ea,,$1.36/ 100g,False,zehrs,0.013600000000000001,g,6.19
bakery,President's Choice,Original Pizza Crusts,President's ChoiceOriginal Pizza Crusts440 g,$4.49ea,,$0.98/ 100g,False,zehrs,0.0098,g,4.49
bakery,President's Choice,Protein Tortillas,President's ChoiceProtein Tortillas342 g,$4.29ea,,$1.25/ 100g,False,zehrs,0.0125,g,4.29
bakery,Casa Mendosa,Large Whole Wheat Tortillas,Casa MendosaLarge Whole Wheat Tortillas640 g,$4.79ea,,$0.75/ 100g,False,zehrs,0.0075,g,4.79
bakery,No Name,Original Mini Pitas,No NameOriginal Mini Pitas170 g,$1.99ea,,$1.17/ 100g,False,zehrs,0.011699999999999999,g,1.99
bakery,President's Choice,Multigrain Pizza Crusts,President's ChoiceMultigrain Pizza Crusts440 g,$4.49ea,,$0.98/ 100g,False,zehrs,0.0098,g,4.49
bakery,President's Choice,Appetizer Flatbreads,President's ChoiceAppetizer Flatbreads220 g,$3.29ea,,$1.50/ 100g,False,zehrs,0.015,g,3.29
bakery,Charlottes,Real Chocolate Brownie Bites,CharlottesReal Chocolate Brownie Bites290 g,$4.99ea,,$1.72/ 100g,False,zehrs,0.0172,g,4.99
bakery,President's Choice,Mini Naan Traditional 4 Flatbreads,President's ChoiceMini Naan Traditional 4 Flatbreads180 g,$3.49ea,,$1.94/ 100g,False,zehrs,0.0194,g,3.49
bakery,Wonder,Wrap Me White Flour Tortillas Large ,WonderWrap Me White Flour Tortillas Large 640 g,$4.79ea,,$0.75/ 100g,False,zehrs,0.0075,g,4.79
bakery,President's Choice,"Flatbread, Original","President's ChoiceFlatbread, Original300 g",$3.29ea,,$1.10/ 100g,False,zehrs,0.011000000000000001,g,3.29
meat,PC Blue Menu,"Chicken Breast, Boneless Skinless, 3 Pack","PC Blue MenuChicken Breast, Boneless Skinless, 3 Pack1 ea",$12.00ea,,$12.00/ 1ea,False,zehrs,12.0,,12.00
meat,PC Blue Menu,"Boneless Skinless Chicken Breasts, 4 Pack","PC Blue MenuBoneless Skinless Chicken Breasts, 4 Pack1 ea",$15.00ea,,$15.00/ 1ea,False,zehrs,15.0,,15.00
meat,President's Choice,"Pub Recipe Chicken Strips, Fully Cooked","President's ChoicePub Recipe Chicken Strips, Fully Cooked700 g",$5.99ea,$4.99ea,$0.71/ 100g,True,zehrs,0.0070999999999999995,g,4.99
meat,Schneider,Hickory Smoked Classic Cut Bacon,SchneiderHickory Smoked Classic Cut Bacon375 g,$8.49ea,,$2.26/ 100g,False,zehrs,0.0226,g,8.49
meat,Janes,"Pub Style Chicken Strips, Fully Cooked","JanesPub Style Chicken Strips, Fully Cooked700 g",$12.99ea,,$1.86/ 100g,False,zehrs,0.018600000000000002,g,12.99
meat,President's Choice,Reduced Salt Bacon  ,President's ChoiceReduced Salt Bacon  500 g,$8.49ea,$6.99ea,$1.40/ 100g,True,zehrs,0.013999999999999999,g,6.99
meat,PC Blue Menu,"Air Chilled Chicken Breasts, Boneless, Skinless, Club Pack","PC Blue MenuAir Chilled Chicken Breasts, Boneless, Skinless, Club Pack",$23.13(est.)ea,,$23.13/ 1kg,False,zehrs,0.023129999999999998,g,23.13
meat,No Name,Mild Sugar-Cured Bacon,No NameMild Sugar-Cured Bacon500 g,$7.49ea,,$1.50/ 100g,False,zehrs,0.015,g,7.49
meat,PC Blue Menu,Chicken Thighs  boneless Skinless  8 Pack,PC Blue MenuChicken Thighs  boneless Skinless  8 Pack1 ea,$12.00ea,,$12.00/ 1ea,False,zehrs,12.0,,12.00
meat,President's Choice,"Free From Chicken Breast, Boneless, Skinless","President's ChoiceFree From Chicken Breast, Boneless, Skinless",$12.14(est.)ea,,$23.35/ 1kg,False,zehrs,0.023350000000000003,g,12.14
meat,PC Blue Menu,Ground Chicken,PC Blue MenuGround Chicken454 g,$7.00ea,,$1.54/ 100g,False,zehrs,0.0154,g,7.00
meat,Janes,"Pub Style Chicken Nugget, Fully Cooked","JanesPub Style Chicken Nugget, Fully Cooked700 g",$12.99ea,,$1.86/ 100g,False,zehrs,0.018600000000000002,g,12.99
meat,Maple Leaf,Original Natural Bacon,Maple LeafOriginal Natural Bacon375 g,$8.49ea,,$2.26/ 100g,False,zehrs,0.0226,g,8.49
meat,,"Pork Back Ribs, 2 Pack","Pork Back Ribs, 2 Pack",$29.74(est.)ea,,$15.41/ 1kg,False,zehrs,0.01541,g,29.74
meat,No Name,Original Hot Dogs    ,No NameOriginal Hot Dogs    450 g,$4.49ea,,$1.00/ 100g,False,zehrs,0.01,g,4.49
meat,No Name,Chicken Hot Dogs,No NameChicken Hot Dogs450 g,$2.79ea,,$0.62/ 100g,False,zehrs,0.0062,g,2.79
meat,No Name,"Bacon, Mild Sugar Cured with Reduced Salt, Uncooked","No NameBacon, Mild Sugar Cured with Reduced Salt, Uncooked500 g",$7.49ea,,$1.50/ 100g,False,zehrs,0.015,g,7.49
meat,,"Lean Ground Beef, Club Pack","Lean Ground Beef, Club Pack",$12.52(est.)ea,,$7.69/ 1kg,False,zehrs,0.007690000000000001,g,12.52
meat,President's Choice,Free From Mild Italian Pork Sausages,President's ChoiceFree From Mild Italian Pork Sausages500 g,$7.49ea,,$1.50/ 100g,False,zehrs,0.015,g,7.49
meat,President's Choice,"Air Chilled Chicken, Whole","President's ChoiceAir Chilled Chicken, Whole",$7.90(est.)ea,,$4.39/ 1kg,False,zehrs,0.00439,g,7.90
meat,,Chicken Thigh  Boneless Skinless Club Pack,Chicken Thigh  Boneless Skinless Club Pack,$21.67(est.)ea,,$18.06/ 1kg,False,zehrs,0.01806,g,21.67
meat,Maple Leaf,Natural Top Dogs Original Hot Dogs,Maple LeafNatural Top Dogs Original Hot Dogs375 g,$6.99ea,,$1.86/ 100g,False,zehrs,0.018600000000000002,g,6.99
meat,Janes,"Pub Style Chicken Burger, Fully Cooked","JanesPub Style Chicken Burger, Fully Cooked700 g",$12.99ea,,$1.86/ 100g,False,zehrs,0.018600000000000002,g,12.99
meat,,Lean Ground Beef,Lean Ground Beef500 g,$7.00ea,,$1.40/ 100g,False,zehrs,0.013999999999999999,g,7.00
meat,,Beef Striploin Steak,Beef Striploin Steak,$15.75(est.)ea,,$39.66/ 1kg,False,zehrs,0.039659999999999994,g,15.75
meat,,Ground Bison,Ground Bison280 g,$13.49ea,,$4.82/ 100g,False,zehrs,0.0482,g,13.49
meat,President's Choice,Free From Air Chilled Whole Chicken Breast Strips,President's ChoiceFree From Air Chilled Whole Chicken Breast Strips,$10.41(est.)ea,,$23.13/ 1kg,False,zehrs,0.023129999999999998,g,10.41
meat,President's Choice,Free From Lean Ground Lamb,President's ChoiceFree From Lean Ground Lamb454 g,$13.99ea,,$3.08/ 100g,False,zehrs,0.0308,g,13.99
meat,,French Rib Roast,French Rib Roast,$21.05(est.)ea,,$12.10/ 1kg,False,zehrs,0.0121,g,21.05
meat,,Beef Porterhouse T-Bone Grilling Steak,Beef Porterhouse T-Bone Grilling Steak,$24.95(est.)ea,,$41.87/ 1kg,False,zehrs,0.04187,g,24.95
meat,Schneider,Smokies Honey Garlic Smoked Sausage,SchneiderSmokies Honey Garlic Smoked Sausage900 g,$15.49ea,,$1.72/ 100g,False,zehrs,0.0172,g,15.49
meat,Sufra,Halal Chicken Strips,SufraHalal Chicken Strips840 g,$11.99ea,,$1.43/ 100g,False,zehrs,0.0143,g,11.99
meat,Maple Leaf,Oktoberfest Dinner Sausage,Maple LeafOktoberfest Dinner Sausage375 g,$8.49ea,,$2.26/ 100g,False,zehrs,0.0226,g,8.49
meat,Butcher's Choice,Hot Italian Pork Sausages,Butcher's ChoiceHot Italian Pork Sausages1.45 kg,$15.99ea,,$1.10/ 100g,False,zehrs,0.011000000000000001,g,15.99
meat,President's Choice,Free From Bangers Pork Sausages,President's ChoiceFree From Bangers Pork Sausages500 g,$7.49ea,,$1.50/ 100g,False,zehrs,0.015,g,7.49
meat,President's Choice,Australian Lamb Frozen Short Cut Leg Of Lamb,President's ChoiceAustralian Lamb Frozen Short Cut Leg Of Lamb,$60.78(est.)ea,,$22.02/ 1kg,False,zehrs,0.022019999999999998,g,60.78
meat,Maple Leaf,Mini-Sizzlers Breakfast Sausages,Maple LeafMini-Sizzlers Breakfast Sausages375 g,$8.49ea,,$2.26/ 100g,False,zehrs,0.0226,g,8.49
meat,The Keg,Prime Rib Beef Burger,The KegPrime Rib Beef Burger1.02 kg,$20.99ea,,$2.06/ 100g,False,zehrs,0.0206,g,20.99
meat,,Honey Garlic Pork Sausage Meat,Honey Garlic Pork Sausage Meat,$6.38(est.)ea,,$13.21/ 1kg,False,zehrs,0.013210000000000001,g,6.38
meat,President's Choice,"Free From Pork Loin Chop, Centre Cut","President's ChoiceFree From Pork Loin Chop, Centre Cut",$7.03(est.)ea,,$15.39/ 1kg,False,zehrs,0.015390000000000001,g,7.03
meat,,Beef Tenderloin Premium Oven Roast,Beef Tenderloin Premium Oven Roast,$55.01(est.)ea,,$70.52/ 1kg,False,zehrs,0.07052,g,55.01
meat,Janes,"Boneless Chicken Bites, Honey Garlic","JanesBoneless Chicken Bites, Honey Garlic710 g",$20.99ea,,$2.96/ 100g,False,zehrs,0.0296,g,20.99
meat,,"Pork Center Chop Bone In, Club Pack","Pork Center Chop Bone In, Club Pack",$18.75(est.)ea,,$13.21/ 1kg,False,zehrs,0.013210000000000001,g,18.75
meat,Schneider,"Smoked Sausage, Spicy Sicilian","SchneiderSmoked Sausage, Spicy Sicilian375 g",$7.79ea,,$2.08/ 100g,False,zehrs,0.0208,g,7.79
meat,Houston Avenue Bar & Grill,Portuguese Flavoured Flattened Chicken ,Houston Avenue Bar & GrillPortuguese Flavoured Flattened Chicken ,$12.10/1 kg,,$12.10/ 1kg,False,zehrs,0.0121,g,12.10
meat,President's Choice,Free From Whole Chicken,President's ChoiceFree From Whole Chicken,$14.87(est.)ea,,$8.80/ 1kg,False,zehrs,0.0088,g,14.87
meat,Janes,Boneless Chicken Bites,JanesBoneless Chicken Bites710 g,$20.99ea,,$2.96/ 100g,False,zehrs,0.0296,g,20.99
meat,,Beef Marinated Striploin Steak,Beef Marinated Striploin Steak,$13.04(est.)ea,,$44.07/ 1kg,False,zehrs,0.04407,g,13.04
meat,President's Choice,Honey Barbecue Pork Back Ribs,President's ChoiceHoney Barbecue Pork Back Ribs680 g,$16.99ea,,$2.50/ 100g,False,zehrs,0.025,g,16.99
meat,President's Choice,Free From Split Turkey Breast ,President's ChoiceFree From Split Turkey Breast ,$12.10(est.)ea,,$16.51/ 1kg,False,zehrs,0.01651,g,12.10
meat,Gold Label,Naturally Smokeys Smoked Sausages With Natural Ingredient Brats,Gold LabelNaturally Smokeys Smoked Sausages With Natural Ingredient Brats375 g,$5.49ea,,$1.46/ 100g,False,zehrs,0.0146,g,5.49
meat,,"Capiccolo Casing, Extra Wide","Capiccolo Casing, Extra Wide1 ea",$6.49ea,,$6.49/ 1ea,False,zehrs,6.49,,6.49
meat,St Hubert,Montana's Texan BBQ Ribs,St HubertMontana's Texan BBQ Ribs650 g,$16.99ea,,$2.61/ 100g,False,zehrs,0.026099999999999998,g,16.99
meat,,Beef Tenderloin Grilling Steak,Beef Tenderloin Grilling Steak,$24.43(est.)ea,,$74.93/ 1kg,False,zehrs,0.07493000000000001,g,24.43
meat,,Pork Loin Schnitzel,Pork Loin Schnitzel,$5.46(est.)ea,,$22.02/ 1kg,False,zehrs,0.022019999999999998,g,5.46
meat,Schneider,"Smoked Sausage, Oktoberfest","SchneiderSmoked Sausage, Oktoberfest375 g",$7.79ea,,$2.08/ 100g,False,zehrs,0.0208,g,7.79
meat,Maple Leaf,Natural Top Dogs BBQ Hot Dogs,Maple LeafNatural Top Dogs BBQ Hot Dogs375 g,$6.99ea,,$1.86/ 100g,False,zehrs,0.018600000000000002,g,6.99
meat,Marcangelo,"Bacon Wrapped Beef Medallion, Value Pack","MarcangeloBacon Wrapped Beef Medallion, Value Pack678 g",$33.99ea,,$5.01/ 100g,False,zehrs,0.0501,g,33.99
meat,,Extra Lean Ground Beef,Extra Lean Ground Beef454 g,$7.00ea,,$1.54/ 100g,False,zehrs,0.0154,g,7.00
meat,,Oktoberfest Pork Sausage Meat,Oktoberfest Pork Sausage Meat,$8.30(est.)ea,,$13.21/ 1kg,False,zehrs,0.013210000000000001,g,8.30
meat,Lous,Peameal Bacon Original,LousPeameal Bacon Original800 g,$7.99ea,,$1.00/ 100g,False,zehrs,0.01,g,7.99
meat,President's Choice,Nashville Breaded Chicken Bites,President's ChoiceNashville Breaded Chicken Bites700 g,$15.99ea,,$2.28/ 100g,False,zehrs,0.022799999999999997,g,15.99
meat,Lous,Smoked Applewood Back Bacon,LousSmoked Applewood Back Bacon375 g,$7.99ea,,$2.13/ 100g,False,zehrs,0.0213,g,7.99
meat,Beyond Meat,Beyond Sausage Hot Italian,Beyond MeatBeyond Sausage Hot Italian400 g,$9.99ea,,$2.50/ 100g,False,zehrs,0.025,g,9.99
meat,Prime,"Chicken Burgers, Raised Without Antibiotics","PrimeChicken Burgers, Raised Without Antibiotics581 g",$15.99ea,,$2.75/ 100g,False,zehrs,0.0275,g,15.99
meat,President's Choice,"Free From Chicken Thigh, Boneless, Skinless","President's ChoiceFree From Chicken Thigh, Boneless, Skinless",$10.46(est.)ea,,$20.92/ 1kg,False,zehrs,0.02092,g,10.46
meat,,Rib Steak Fast Fry,Rib Steak Fast Fry,$12.69(est.)ea,,$41.87/ 1kg,False,zehrs,0.04187,g,12.69
meat,,Beef T-Bone Grilling Steak,Beef T-Bone Grilling Steak,$19.16(est.)ea,,$39.66/ 1kg,False,zehrs,0.039659999999999994,g,19.16
meat,President's Choice,"Certified Angus Beef, Tenderloin Grilling Steak","President's ChoiceCertified Angus Beef, Tenderloin Grilling Steak",$30.49(est.)ea,,$83.75/ 1kg,False,zehrs,0.08375,g,30.49
meat,,Turkey Breast,Turkey Breast,$21.63(est.)ea,,$15.41/ 1kg,False,zehrs,0.01541,g,21.63
meat,President's Choice,Too Good To Be Wings Maple Barbecue Boneless Coated Chicken Breast Chunks,President's ChoiceToo Good To Be Wings Maple Barbecue Boneless Coated Chicken Breast Chunks800 g,$15.99ea,,$2.00/ 100g,False,zehrs,0.02,g,15.99
meat,,Beef Braising Short Ribs,Beef Braising Short Ribs,$17.96(est.)ea,,$29.74/ 1kg,False,zehrs,0.02974,g,17.96
meat,Maple Leaf,Fully Cooked Natural Pork Breakfast Sausage Patties,Maple LeafFully Cooked Natural Pork Breakfast Sausage Patties300 g,$8.29ea,,$2.76/ 100g,False,zehrs,0.0276,g,8.29
meat,,Marinated Chicken Breasts Boneless,Marinated Chicken Breasts Boneless,$10.39(est.)ea,,$24.22/ 1kg,False,zehrs,0.02422,g,10.39
meat,President's Choice,October Wurst Fully Cooked Pork Sausages,President's ChoiceOctober Wurst Fully Cooked Pork Sausages1 kg,$14.29ea,,$1.43/ 100g,False,zehrs,0.0143,g,14.29
meat,Butterball,Reduced Salt Bacon    ,ButterballReduced Salt Bacon    375 g,$8.49ea,,$2.26/ 100g,False,zehrs,0.0226,g,8.49
meat,Schneider,Juicy Jumbos Original Hot Dogs Family Pack,SchneiderJuicy Jumbos Original Hot Dogs Family Pack900 g,$11.99ea,,$1.33/ 100g,False,zehrs,0.013300000000000001,g,11.99
meat,,"Chicken Whole, Tray Pack","Chicken Whole, Tray Pack",$17.23(est.)ea,,$9.90/ 1kg,False,zehrs,0.0099,g,17.23
meat,President's Choice,"Pub Recipe Chicken Strips, Fully Cooked, Club Size","President's ChoicePub Recipe Chicken Strips, Fully Cooked, Club Size1.4 kg",$11.99ea,,$0.86/ 100g,False,zehrs,0.0086,g,11.99
meat,President's Choice,"Certified Angus Beef, Grilling Rib Steak","President's ChoiceCertified Angus Beef, Grilling Rib Steak",$19.97(est.)ea,,$45.18/ 1kg,False,zehrs,0.04518,g,19.97
meat,PC Blue Menu,Angus Burger,PC Blue MenuAngus Burger1.02 kg,$15.99ea,,$1.57/ 100g,False,zehrs,0.015700000000000002,g,15.99
meat,Sufra,Halal Chicken Nuggets,SufraHalal Chicken Nuggets840 g,$11.99ea,,$1.43/ 100g,False,zehrs,0.0143,g,11.99
meat,,Lamb Lollipop Chops,Lamb Lollipop Chops,$16.94(est.)ea,,$68.32/ 1kg,False,zehrs,0.06831999999999999,g,16.94
meat,President's Choice,Free From Bacon Style Turkey,President's ChoiceFree From Bacon Style Turkey300 g,$7.99ea,,$2.66/ 100g,False,zehrs,0.026600000000000002,g,7.99
meat,King Cole,Duck Leg Confit,King ColeDuck Leg Confit280 g,$13.86ea,,$4.95/ 100g,False,zehrs,0.0495,g,13.86
meat,President's Choice,Sirloin Beef Meatballs ,President's ChoiceSirloin Beef Meatballs 907 g,$17.49ea,,$1.93/ 100g,False,zehrs,0.019299999999999998,g,17.49
meat,Lous,Pork Back Ribs BBQ Sauce,LousPork Back Ribs BBQ Sauce610 g,$15.99ea,,$2.62/ 100g,False,zehrs,0.0262,g,15.99
meat,President's Choice,Maple Flavoured Naturally Smoked Bacon,President's ChoiceMaple Flavoured Naturally Smoked Bacon500 g,$8.49ea,,$1.70/ 100g,False,zehrs,0.017,g,8.49
meat,No Name,Breaded Chicken Cutlettes Chicken Nuggets Club Size,No NameBreaded Chicken Cutlettes Chicken Nuggets Club Size1810 g,$12.49ea,,$0.69/ 100g,False,zehrs,0.0069,g,12.49
meat,Pinty's,Chicken Wings Honey & Garlic Flavoured,Pinty'sChicken Wings Honey & Garlic Flavoured780 g,$23.99ea,,$3.08/ 100g,False,zehrs,0.0308,g,23.99
meat,President's Choice,"Certified Angus Beef Premium Tenderloin Oven Roast, Service Case","President's ChoiceCertified Angus Beef Premium Tenderloin Oven Roast, Service Case",$67.27(est.)ea,,$81.54/ 1kg,False,zehrs,0.08154,g,67.27
meat,Zabiha Halal,"Chicken Stix, Fully Cooked","Zabiha HalalChicken Stix, Fully Cooked300 g",$9.99ea,,$3.33/ 100g,False,zehrs,0.0333,g,9.99
meat,,"Boneless Pork Chop Center & Rib, Club Pack","Boneless Pork Chop Center & Rib, Club Pack",$8.09(est.)ea,,$10.56/ 1kg,False,zehrs,0.01056,g,8.09
meat,Butterball,Homestyle Stuffing,ButterballHomestyle Stuffing900 g,$6.99ea,,$0.78/ 100g,False,zehrs,0.0078000000000000005,g,6.99
meat,President's Choice,Free From Skin On Turkey Drumsticks,President's ChoiceFree From Skin On Turkey Drumsticks,$6.09(est.)ea,,$12.10/ 1kg,False,zehrs,0.0121,g,6.09
meat,President's Choice,Too Good To Be Wings Garlic Parmesan Boneless Turkey Breast Chunks,President's ChoiceToo Good To Be Wings Garlic Parmesan Boneless Turkey Breast Chunks800 g,$15.99ea,,$2.00/ 100g,False,zehrs,0.02,g,15.99
meat,President's Choice,Jerk Chicken Wings,President's ChoiceJerk Chicken Wings907 g,$17.49ea,,$1.93/ 100g,False,zehrs,0.019299999999999998,g,17.49
meat,,Southern-Style Popcorn Chicken,Southern-Style Popcorn Chicken1.13 kg,$10.00ea,,$0.88/ 100g,False,zehrs,0.0088,g,10.00
meat,Maple Lodge Farms LT,Chicken Wiener,Maple Lodge Farms LTChicken Wiener450 g,$3.99ea,,$0.89/ 100g,False,zehrs,0.0089,g,3.99
meat,President's Choice,"Free From Chicken Thigh, Boneless, Skinless","President's ChoiceFree From Chicken Thigh, Boneless, Skinless",$10.46(est.)ea,,$20.92/ 1kg,False,zehrs,0.02092,g,10.46
meat,Johnsonville,"Smoked Sausage, Polish Style","JohnsonvilleSmoked Sausage, Polish Style375 g",$6.49ea,,$1.73/ 100g,False,zehrs,0.0173,g,6.49
meat,Johnsonville,Smoked & Fully Cooked Sausages Pure Pork Smoked Bratwurst,JohnsonvilleSmoked & Fully Cooked Sausages Pure Pork Smoked Bratwurst375 g,$6.49ea,,$1.73/ 100g,False,zehrs,0.0173,g,6.49
meat,Maple Lodge Farms LT,Ultimate Chicken Wiener,Maple Lodge Farms LTUltimate Chicken Wiener900 g,$7.19ea,,$0.80/ 100g,False,zehrs,0.008,g,7.19
meat,Marcangelo,"Chicken Souvlaki, Value Pack","MarcangeloChicken Souvlaki, Value Pack480 g",$14.99ea,,$3.12/ 100g,False,zehrs,0.031200000000000002,g,14.99
meat,Johnsonville,Salt & Pepper Sausage Meat ,JohnsonvilleSalt & Pepper Sausage Meat 375 g,$6.99ea,,$1.86/ 100g,False,zehrs,0.018600000000000002,g,6.99
meat,President's Choice,"Free From Chicken Thigh, Bone-in, Skin-on","President's ChoiceFree From Chicken Thigh, Bone-in, Skin-on",$6.90(est.)ea,,$12.10/ 1kg,False,zehrs,0.0121,g,6.90
meat,Sufra,Halal Breaded Chicken Burgers,SufraHalal Breaded Chicken Burgers828 g,$11.99ea,,$1.45/ 100g,False,zehrs,0.014499999999999999,g,11.99
meat,President's Choice,Butter Infused Young Turkey - Frozen - 3-5 kg,President's ChoiceButter Infused Young Turkey - Frozen - 3-5 kg1 kg,$35.00ea,,,False,zehrs,35.00,,35.00
meat,President's Choice,"Centre Cut Pork Loin Roast, Boneless","President's ChoiceCentre Cut Pork Loin Roast, Boneless",$14.44(est.)ea,,$17.59/ 1kg,False,zehrs,0.01759,g,14.44
meat,King Cole, Rendered Duck Fat,King Cole Rendered Duck Fat300 g,$6.99ea,,$2.33/ 100g,False,zehrs,0.0233,g,6.99
meat,,Beef Inside Round Fast Fry Steak,Beef Inside Round Fast Fry Steak,$4.16(est.)ea,,$15.41/ 1kg,False,zehrs,0.01541,g,4.16
meat,,Lamb Shoulder Chops,Lamb Shoulder Chops,$9.29(est.)ea,,$22.02/ 1kg,False,zehrs,0.022019999999999998,g,9.29
meat,Maple Leaf,"Natural Top Dogs Original Hot Dogs, Family Size","Maple LeafNatural Top Dogs Original Hot Dogs, Family Size900 g",$9.99ea,,$1.11/ 100g,False,zehrs,0.0111,g,9.99
meat,President's Choice,"Chicken Wings Club Pack, Honey Garlic","President's ChoiceChicken Wings Club Pack, Honey Garlic1.81 kg",$29.99ea,,$1.66/ 100g,False,zehrs,0.0166,g,29.99
meat,,"Frozen Cornish Hen, Grade A","Frozen Cornish Hen, Grade A",$9.24(est.)ea,,$11.00/ 1kg,False,zehrs,0.011,g,9.24
meat,PC Blue Menu,Lean Beef Burgers,PC Blue MenuLean Beef Burgers2.27 kg,$26.99ea,,$1.19/ 100g,False,zehrs,0.011899999999999999,g,26.99
meat,President's Choice,Turkey Breast Roast,President's ChoiceTurkey Breast Roast,$23.07(est.)ea,,$24.23/ 1kg,False,zehrs,0.02423,g,23.07
meat,New Zealand,Lamb Sausage,New ZealandLamb Sausage500 g,$9.99ea,,$19.98/ 1kg,False,zehrs,0.01998,g,9.99
meat,President's Choice,World of Flavours French Style Braising Beef Short Ribs,President's ChoiceWorld of Flavours French Style Braising Beef Short Ribs600 g,$15.99ea,,$2.67/ 100g,False,zehrs,0.026699999999999998,g,15.99
meat,,Boneless Pork Center Roast ,Boneless Pork Center Roast ,$15.62(est.)ea,,$15.41/ 1kg,False,zehrs,0.01541,g,15.62
meat,,Beef Boneless Blade Steak,Beef Boneless Blade Steak,$7.36(est.)ea,,$17.61/ 1kg,False,zehrs,0.01761,g,7.36
meat,President's Choice,Turkey Smokies,President's ChoiceTurkey Smokies300 g,$8.49ea,,$2.83/ 100g,False,zehrs,0.028300000000000002,g,8.49
meat,,Fresh Rabbit,Fresh Rabbit,$29.14(est.)ea,,$22.02/ 1kg,False,zehrs,0.022019999999999998,g,29.14
meat,Swiss Chalet,BBQ Pork Ribs,Swiss ChaletBBQ Pork Ribs600 g,$16.99ea,,$2.83/ 100g,False,zehrs,0.028300000000000002,g,16.99
meat,Marcangelo,Bacon Wrapped Beef,MarcangeloBacon Wrapped Beef340 g,$16.99ea,,$5.00/ 100g,False,zehrs,0.05,g,16.99
meat,,Turkey Drumsticks,Turkey Drumsticks,$5.45(est.)ea,,$9.90/ 1kg,False,zehrs,0.0099,g,5.45
meat,Zabiha Halal,Chicken Breast Strips,Zabiha HalalChicken Breast Strips800 g,$12.99ea,,$1.62/ 100g,False,zehrs,0.016200000000000003,g,12.99
meat,Beyond Meat,Beyond Beef Grounds,Beyond MeatBeyond Beef Grounds340 g,$9.99ea,,$2.94/ 100g,False,zehrs,0.0294,g,9.99
meat,President's Choice,Free From Striploin Steak,President's ChoiceFree From Striploin Steak,$13.09(est.)ea,,$48.48/ 1kg,False,zehrs,0.048479999999999995,g,13.09
meat,President's Choice,"Certified Angus Beef Sirloin Tip Roast, Service Case","President's ChoiceCertified Angus Beef Sirloin Tip Roast, Service Case",$24.75(est.)ea,,$20.92/ 1kg,False,zehrs,0.02092,g,24.75
meat,President's Choice,"Italian Meatballs, Club Pack","President's ChoiceItalian Meatballs, Club Pack1.81 kg",$29.99ea,,$1.66/ 100g,False,zehrs,0.0166,g,29.99
meat,Janes,Little Wins Chicken & Vegetable Chicken Strips,JanesLittle Wins Chicken & Vegetable Chicken Strips600 g,$15.99ea,,$2.67/ 100g,False,zehrs,0.026699999999999998,g,15.99
meat,Schneider,Hickory Smoked 50% Less Salt Bacon,SchneiderHickory Smoked 50% Less Salt Bacon375 g,$8.49ea,,$2.26/ 100g,False,zehrs,0.0226,g,8.49
meat,Schneider,"Smokies, Sharp Cheddar Smoked Sausage","SchneiderSmokies, Sharp Cheddar Smoked Sausage900 g",$15.49ea,,$1.72/ 100g,False,zehrs,0.0172,g,15.49
meat,Lilydale,Sausage Chicken,LilydaleSausage Chicken375 g,$5.99ea,,$1.60/ 100g,False,zehrs,0.016,g,5.99
meat,,"Fresh Whole Turkey, Boneless","Fresh Whole Turkey, Boneless",$38.65(est.)ea,,$19.82/ 1kg,False,zehrs,0.01982,g,38.65
meat,King Cole,Boneless Duck Breast,King ColeBoneless Duck Breast,$9.79(est.)ea,,$30.99/ 1kg,False,zehrs,0.030989999999999997,g,9.79
meat,President's Choice,Free From Boneless Blade Roast Beef,President's ChoiceFree From Boneless Blade Roast Beef,$18.77(est.)ea,,$26.43/ 1kg,False,zehrs,0.02643,g,18.77
meat,Butterball,"Frozen Turkey, 5-7 Kg","ButterballFrozen Turkey, 5-7 Kg6 kg",$48.00ea,,$0.80/ 100g,False,zehrs,0.008,g,48.00
meat,No Name,Pork Cottage Roll,No NamePork Cottage Roll,$15.51(est.)ea,,$10.34/ 1kg,False,zehrs,0.01034,g,15.51
meat,President's Choice,Rosemary & Garlic Rack,President's ChoiceRosemary & Garlic Rack,$34.50(est.)ea,,$68.32/ 1kg,False,zehrs,0.06831999999999999,g,34.50
meat,President's Choice,Free From Split Turkey Wings,President's ChoiceFree From Split Turkey Wings,$5.90(est.)ea,,$13.21/ 1kg,False,zehrs,0.013210000000000001,g,5.90
meat,Maple Leaf,Red Hots Original Hot Dogs Party Size,Maple LeafRed Hots Original Hot Dogs Party Size900 g,$9.99ea,,$1.11/ 100g,False,zehrs,0.0111,g,9.99
meat,,Extra Lean Ground Beef,Extra Lean Ground Beef500 g,$8.00ea,,$1.60/ 100g,False,zehrs,0.016,g,8.00
meat,President's Choice,Free From Striploin Steak,President's ChoiceFree From Striploin Steak,$13.09(est.)ea,,$48.48/ 1kg,False,zehrs,0.048479999999999995,g,13.09
meat,,Veal Rib Chops,Veal Rib Chops,$12.98(est.)ea,,$30.84/ 1kg,False,zehrs,0.03084,g,12.98
meat,PC Blue Menu,Lean Beef Burgers,PC Blue MenuLean Beef Burgers2.27 kg,$26.99ea,,$1.19/ 100g,False,zehrs,0.011899999999999999,g,26.99
meat,President's Choice,"Centre Cut Pork Loin Roast, Boneless","President's ChoiceCentre Cut Pork Loin Roast, Boneless",$14.44(est.)ea,,$17.59/ 1kg,False,zehrs,0.01759,g,14.44
meat,King Cole, Rendered Duck Fat,King Cole Rendered Duck Fat300 g,$6.99ea,,$2.33/ 100g,False,zehrs,0.0233,g,6.99
meat,President's Choice,World of Flavours French Style Braising Beef Short Ribs,President's ChoiceWorld of Flavours French Style Braising Beef Short Ribs600 g,$15.99ea,,$2.67/ 100g,False,zehrs,0.026699999999999998,g,15.99
meat,President's Choice,Butter Infused Young Turkey - Frozen - 3-5 kg,President's ChoiceButter Infused Young Turkey - Frozen - 3-5 kg1 kg,$35.00ea,,,False,zehrs,35.00,,35.00
meat,,Beef Striploin Fast Fry Steak,Beef Striploin Fast Fry Steak,$12.64(est.)ea,,$41.87/ 1kg,False,zehrs,0.04187,g,12.64
meat,Maple Leaf,Red Hots Original Hot Dogs Party Size,Maple LeafRed Hots Original Hot Dogs Party Size900 g,$9.99ea,,$1.11/ 100g,False,zehrs,0.0111,g,9.99
meat,,Extra Lean Ground Beef,Extra Lean Ground Beef500 g,$8.00ea,,$1.60/ 100g,False,zehrs,0.016,g,8.00
meat,Hayter's Farm,Turkey Sausage Original,Hayter's FarmTurkey Sausage Original1.14 kg,$17.49ea,,$1.53/ 100g,False,zehrs,0.015300000000000001,g,17.49
meat,President's Choice,Cheddar Jalapeno Smokies Pork Sausages,President's ChoiceCheddar Jalapeno Smokies Pork Sausages1000 g,$14.29ea,,$1.43/ 100g,False,zehrs,0.0143,g,14.29
meat,Dynasty Meats,Lamb Skewers ,Dynasty MeatsLamb Skewers 300 g,$19.99ea,,$6.66/ 100g,False,zehrs,0.0666,g,19.99
meat,Schneider,Butcher Cut Double Smoked Bacon,SchneiderButcher Cut Double Smoked Bacon500 g,$13.29ea,,$2.66/ 100g,False,zehrs,0.026600000000000002,g,13.29
meat,President's Choice,Vermont-Style Maple Flavour Extra Lean Boneless Ham,President's ChoiceVermont-Style Maple Flavour Extra Lean Boneless Ham800 g,$13.99ea,,$1.75/ 100g,False,zehrs,0.0175,g,13.99
meat,President's Choice,World of Flavours Chicken Legs Skin-On Jerk,President's ChoiceWorld of Flavours Chicken Legs Skin-On Jerk,$15.41/1 kg,,$15.41/ 1kg,False,zehrs,0.01541,g,15.41
meat,,Inside Round Marinating Steak,Inside Round Marinating Steak,$7.27(est.)ea,,$22.02/ 1kg,False,zehrs,0.022019999999999998,g,7.27
meat,Maple Leaf,"Natural Pork Breakfast Sausage, Fully Cooked","Maple LeafNatural Pork Breakfast Sausage, Fully Cooked300 g",$8.29ea,,$2.76/ 100g,False,zehrs,0.0276,g,8.29
meat,,Beef Sirloin Tip Steak,Beef Sirloin Tip Steak,$8.79(est.)ea,,$20.92/ 1kg,False,zehrs,0.02092,g,8.79
meat,Butterball,Bacon-Rasher Turkey     ,ButterballBacon-Rasher Turkey     300 g,$8.49ea,,$2.83/ 100g,False,zehrs,0.028300000000000002,g,8.49
meat,Shopsys,Deli-Fresh All Beef Wieners,ShopsysDeli-Fresh All Beef Wieners375 g,$8.79ea,,$2.34/ 100g,False,zehrs,0.023399999999999997,g,8.79
meat,President's Choice,Crisp & Crunchy Mild Southern-Style Chicken Wings,President's ChoiceCrisp & Crunchy Mild Southern-Style Chicken Wings1.81 kg,$29.99ea,,$1.66/ 100g,False,zehrs,0.0166,g,29.99
meat,President's Choice,Free From Split Turkey Wings,President's ChoiceFree From Split Turkey Wings,$5.90(est.)ea,,$13.21/ 1kg,False,zehrs,0.013210000000000001,g,5.90
meat,President's Choice,Gluten Free Chicken Nuggets,President's ChoiceGluten Free Chicken Nuggets600 g,$8.49ea,,$1.42/ 100g,False,zehrs,0.014199999999999999,g,8.49
meat,,Pork Center Chop Bone In,Pork Center Chop Bone In,$7.55(est.)ea,,$15.41/ 1kg,False,zehrs,0.01541,g,7.55
meat,Beretta,Organic Chicken Dogs,BerettaOrganic Chicken Dogs300 g,$9.99ea,,$3.33/ 100g,False,zehrs,0.0333,g,9.99
meat,President's Choice,"Air Chilled Chicken Breast Cutlet, Boneless, Skinless","President's ChoiceAir Chilled Chicken Breast Cutlet, Boneless, Skinless1 ea",$12.00ea,,$12.00/ 1ea,False,zehrs,12.0,,12.00
meat,,"Salami Casings, Extra Wide 3+3","Salami Casings, Extra Wide 3+31 ea",$39.99ea,,$39.99/ 1ea,False,zehrs,39.99,,39.99
meat,,"Marinated Beef Striploin Steak, Service Case","Marinated Beef Striploin Steak, Service Case",$19.70(est.)ea,,$44.07/ 1kg,False,zehrs,0.04407,g,19.70
meat,PC Blue Menu,"Air Chilled Chicken Breast Fillets, Boneless, Skinless","PC Blue MenuAir Chilled Chicken Breast Fillets, Boneless, Skinless1 ea",$10.00ea,,$10.00/ 1ea,False,zehrs,10.0,,10.00
meat,,"Beef Rib Grilling Steak, Boneless, Club Pack","Beef Rib Grilling Steak, Boneless, Club Pack",$31.69(est.)ea,,$44.07/ 1kg,False,zehrs,0.04407,g,31.69
meat,,Double Smoked Back Bacon,Double Smoked Back Bacon375 g,$8.49ea,,$2.26/ 100g,False,zehrs,0.0226,g,8.49
meat,,"Beef Rib Grilling Steak, Boneless","Beef Rib Grilling Steak, Boneless",$15.09(est.)ea,,$46.28/ 1kg,False,zehrs,0.04628,g,15.09
meat,Impossible Foods Inc.,Simulated Meat Burger Patties Made From Plants,Impossible Foods Inc.Simulated Meat Burger Patties Made From Plants226 g,$9.49ea,,$4.20/ 100g,False,zehrs,0.042,g,9.49
meat,President's Choice,Free From Lean Ground Beef,President's ChoiceFree From Lean Ground Beef454 g,$9.00ea,,$1.98/ 100g,False,zehrs,0.019799999999999998,g,9.00
meat,,Top Sirloin Beefeater Medallion,Top Sirloin Beefeater Medallion,$8.99(est.)ea,,$26.43/ 1kg,False,zehrs,0.02643,g,8.99
meat,,Sirloin Tip Oven Roast,Sirloin Tip Oven Roast,$23.79(est.)ea,,$17.61/ 1kg,False,zehrs,0.01761,g,23.79
meat,President's Choice,Plant Based Beefless Ground,President's ChoicePlant Based Beefless Ground340 g,$9.99ea,,$2.94/ 100g,False,zehrs,0.0294,g,9.99
meat,President's Choice,Honey Garlic Smokies,President's ChoiceHoney Garlic Smokies1 kg,$14.29ea,,$1.43/ 100g,False,zehrs,0.0143,g,14.29
meat,,Beef Top Sirloin Oven Roast,Beef Top Sirloin Oven Roast,$29.40(est.)ea,,$22.02/ 1kg,False,zehrs,0.022019999999999998,g,29.40
meat,President's Choice,Nashville-Style Chicken Wings,President's ChoiceNashville-Style Chicken Wings907 g,$14.99ea,,$1.65/ 100g,False,zehrs,0.0165,g,14.99
meat,President's Choice,Rotisserie-Style Chicken Wings,President's ChoiceRotisserie-Style Chicken Wings907 g,$14.99ea,,$1.65/ 100g,False,zehrs,0.0165,g,14.99
meat,President's Choice,Crisp & Crunchy Spicy Southern-Style Chicken Wings,President's ChoiceCrisp & Crunchy Spicy Southern-Style Chicken Wings907 g,$14.99ea,,$1.65/ 100g,False,zehrs,0.0165,g,14.99
meat,President's Choice,Rosemary & Garlic Rack,President's ChoiceRosemary & Garlic Rack,$34.50(est.)ea,,$68.32/ 1kg,False,zehrs,0.06831999999999999,g,34.50
meat,PC Blue Menu,Thick & Juicy™ Lean Beef Burgers  ,PC Blue MenuThick & Juicy™ Lean Beef Burgers  1.13 kg,$15.99ea,,$1.42/ 100g,False,zehrs,0.014199999999999999,g,15.99
meat,Maple Leaf,Original Natural Smoked Ham,Maple LeafOriginal Natural Smoked Ham600 g,$7.99ea,,$1.33/ 100g,False,zehrs,0.013300000000000001,g,7.99
meat,President's Choice,Kofta Beef Meatballs,President's ChoiceKofta Beef Meatballs454 g,$9.99ea,,$2.20/ 100g,False,zehrs,0.022000000000000002,g,9.99
meat,No Name,All-Beef Wieners,No NameAll-Beef Wieners450 g,$6.50ea,,$1.44/ 100g,False,zehrs,0.0144,g,6.50
meat,President's Choice,Smokin Stampede Pork Back Ribs ,President's ChoiceSmokin Stampede Pork Back Ribs 680 g,$16.99ea,,$2.50/ 100g,False,zehrs,0.025,g,16.99
meat,St Hubert,"Back Ribs, Texas Style","St HubertBack Ribs, Texas Style680 g",$17.99ea,,$2.65/ 100g,False,zehrs,0.0265,g,17.99
meat,St Hubert,Frozen Back Ribs,St HubertFrozen Back Ribs680 g,$17.99ea,,$2.65/ 100g,False,zehrs,0.0265,g,17.99
meat,President's Choice,Swedish Beef Meatballs,President's ChoiceSwedish Beef Meatballs907 g,$17.49ea,,$1.93/ 100g,False,zehrs,0.019299999999999998,g,17.49
meat,,Chicken Strips,Chicken Strips1.5 kg,$10.00ea,,$0.67/ 100g,False,zehrs,0.0067,g,10.00
meat,PC Blue Menu,Sirloin Beef Burger,PC Blue MenuSirloin Beef Burger1.02 kg,$14.99ea,,$1.47/ 100g,False,zehrs,0.0147,g,14.99
meat,President's Choice,Cheddar Smokies ,President's ChoiceCheddar Smokies 1 kg,$14.29ea,,$1.43/ 100g,False,zehrs,0.0143,g,14.29
meat,President's Choice,Free From Lean Ground Pork,President's ChoiceFree From Lean Ground Pork454 g,$7.00ea,,$1.54/ 100g,False,zehrs,0.0154,g,7.00
meat,President's Choice,Jerk Frenched Chops,President's ChoiceJerk Frenched Chops440 g,$10.39ea,,$2.36/ 100g,False,zehrs,0.0236,g,10.39
meat,,Pork Classic Roast,Pork Classic Roast,$19.71(est.)ea,,$11.66/ 1kg,False,zehrs,0.01166,g,19.71
meat,President's Choice,World of Flavours Filipino Adobo Pork Stir Fry Strips,President's ChoiceWorld of Flavours Filipino Adobo Pork Stir Fry Strips350 g,$9.99ea,$8.99ea,$2.57/ 100g,True,zehrs,0.025699999999999997,g,8.99
meat,,"Sausage Casings, 20 Yards","Sausage Casings, 20 Yards1 ea",$8.49ea,,$8.49/ 1ea,False,zehrs,8.49,,8.49
meat,Montpak,Lean Ground Veal ,MontpakLean Ground Veal 454 g,$7.99ea,,$1.76/ 100g,False,zehrs,0.0176,g,7.99
meat,President's Choice,Plant Based Spicy Italian Sausage,President's ChoicePlant Based Spicy Italian Sausage400 g,$8.99ea,,$2.25/ 100g,False,zehrs,0.0225,g,8.99
meat,,Beef Brisket,Beef Brisket,$20.89(est.)ea,,$17.61/ 1kg,False,zehrs,0.01761,g,20.89
meat,,Veal Loin Chop,Veal Loin Chop,$10.55(est.)ea,,$26.43/ 1kg,False,zehrs,0.02643,g,10.55
meat,,Beef Sirloin Tip Fast Fry,Beef Sirloin Tip Fast Fry,$5.48(est.)ea,,$22.02/ 1kg,False,zehrs,0.022019999999999998,g,5.48
meat,President's Choice,World Of Flavours Greek Seasoned Pork Loin Roast,President's ChoiceWorld Of Flavours Greek Seasoned Pork Loin Roast730 g,$13.49ea,,$1.85/ 100g,False,zehrs,0.018500000000000003,g,13.49
meat,President's Choice,Free From Skinless Boneless Turkey Breast Strips,President's ChoiceFree From Skinless Boneless Turkey Breast Strips,$8.36(est.)ea,,$25.33/ 1kg,False,zehrs,0.02533,g,8.36
meat,,Beef Marrow Soup Bones,Beef Marrow Soup Bones,$7.67(est.)ea,,$9.90/ 1kg,False,zehrs,0.0099,g,7.67
meat,Janes,Chicken Burgers,JanesChicken Burgers852 g,$12.99ea,,$1.52/ 100g,False,zehrs,0.0152,g,12.99
meat,,"Navel Beef, 4LB","Navel Beef, 4LB1.814 kg",$22.99ea,,$1.27/ 100g,False,zehrs,0.0127,g,22.99
meat,,Free From Boneless Center Cut Chop,Free From Boneless Center Cut Chop,$9.30(est.)ea,,$19.82/ 1kg,False,zehrs,0.01982,g,9.30
meat,,Beef Eye of Round Marinating Steak,Beef Eye of Round Marinating Steak,$7.30(est.)ea,,$20.92/ 1kg,False,zehrs,0.02092,g,7.30
meat,,"Stewing Beef, Club Pack","Stewing Beef, Club Pack",$16.11(est.)ea,,$17.61/ 1kg,False,zehrs,0.01761,g,16.11
meat,Schneider,Texas BBQ Chicken Wings,SchneiderTexas BBQ Chicken Wings615 g,$16.99ea,,$2.76/ 100g,False,zehrs,0.0276,g,16.99
meat,Cooks,Premium Lean Hickory Smoked Ham Steak,CooksPremium Lean Hickory Smoked Ham Steak454 g,$4.99ea,,$1.10/ 100g,False,zehrs,0.011000000000000001,g,4.99
meat,Sufra,Halal Boneless Rib Steak,SufraHalal Boneless Rib Steak,$8.81(est.)ea,,$35.25/ 1kg,False,zehrs,0.03525,g,8.81
meat,Janes,Chicken Wings Honey Garlic,JanesChicken Wings Honey Garlic660 g,$17.49ea,,$2.65/ 100g,False,zehrs,0.0265,g,17.49
meat,Janes,BBQ Chickens Bites,JanesBBQ Chickens Bites710 g,$20.99ea,,$2.96/ 100g,False,zehrs,0.0296,g,20.99
meat,President's Choice,Dry Cured Bacon,President's ChoiceDry Cured Bacon500 g,$8.99ea,,$1.80/ 100g,False,zehrs,0.018000000000000002,g,8.99
meat,,Frozen Organic Whole Turkey,Frozen Organic Whole Turkey,$95.55(est.)ea,,$13.65/ 1kg,False,zehrs,0.01365,g,95.55
meat,President's Choice,Free From Boneless Stewing Beef,President's ChoiceFree From Boneless Stewing Beef454 g,$12.00ea,,$2.64/ 100g,False,zehrs,0.0264,g,12.00
meat,Butcher's Choice,"Beef Burger, Cheddar Cheese","Butcher's ChoiceBeef Burger, Cheddar Cheese1.13 kg",$16.99ea,,$1.50/ 100g,False,zehrs,0.015,g,16.99
meat,,"Fresh Whole Chicken, Tray Pack","Fresh Whole Chicken, Tray Pack",$13.38(est.)ea,,$7.69/ 1kg,False,zehrs,0.007690000000000001,g,13.38
meat,,Top Sirloin Beefeater Steak,Top Sirloin Beefeater Steak,$10.01(est.)ea,,$25.33/ 1kg,False,zehrs,0.02533,g,10.01
meat,Marcangelo,Mild Italian Sausage,MarcangeloMild Italian Sausage1 kg,$14.99ea,,$1.50/ 100g,False,zehrs,0.015,g,14.99
meat,President's Choice,Free From Sausages,President's ChoiceFree From Sausages300 g,$6.99ea,,$2.33/ 100g,False,zehrs,0.0233,g,6.99
meat,President's Choice,Extra Lean Ground Sirloin,President's ChoiceExtra Lean Ground Sirloin454 g,$9.00ea,,$1.98/ 100g,False,zehrs,0.019799999999999998,g,9.00
meat,,Frozen Grade A Turkey 5-7 Kg,Frozen Grade A Turkey 5-7 Kg,$46.14(est.)ea,,$7.69/ 1kg,False,zehrs,0.007690000000000001,g,46.14
meat,New Zealand,Goat Stew Bone In,New ZealandGoat Stew Bone In1 kg,$33.99ea,,$3.40/ 100g,False,zehrs,0.034,g,33.99
meat,,"Extra Lean Ground Beef, Club Pack","Extra Lean Ground Beef, Club Pack",$15.64(est.)ea,,$9.90/ 1kg,False,zehrs,0.0099,g,15.64
meat,President's Choice,Italian Meatballs,President's ChoiceItalian Meatballs600 g,$10.99ea,,$1.83/ 100g,False,zehrs,0.0183,g,10.99
meat,President's Choice,Wof Chicken Southern BBQ,President's ChoiceWof Chicken Southern BBQ,$21.27(est.)ea,,$15.41/ 1kg,False,zehrs,0.01541,g,21.27
meat,,Seasoned Veal Meatballs,Seasoned Veal Meatballs,$9.61(est.)ea,,$19.82/ 1kg,False,zehrs,0.01982,g,9.61
meat,,"Bone In Sirloin End Chops, Club Pack","Bone In Sirloin End Chops, Club Pack",$11.11(est.)ea,,$11.00/ 1kg,False,zehrs,0.011,g,11.11
meat,Zabiha Halal,Buffalo Wings Spicy,Zabiha HalalBuffalo Wings Spicy908 g,$19.49ea,,$2.15/ 100g,False,zehrs,0.0215,g,19.49
meat,Johnsonville,Fully Cooked Maple Breakfast Sausages,JohnsonvilleFully Cooked Maple Breakfast Sausages250 g,$5.99ea,,$2.40/ 100g,False,zehrs,0.024,g,5.99
meat,Marcangelo,"Pork Souvlaki, Value Pack","MarcangeloPork Souvlaki, Value Pack640 g",$14.99ea,,$2.34/ 100g,False,zehrs,0.023399999999999997,g,14.99
meat,,Grade A Fresh Duck,Grade A Fresh Duck,$23.50(est.)ea,,$9.00/ 1kg,False,zehrs,0.009,g,23.50
meat,President's Choice,Free From Pork Rib-Eye Steak,President's ChoiceFree From Pork Rib-Eye Steak,$5.17(est.)ea,,$14.31/ 1kg,False,zehrs,0.01431,g,5.17
meat,Al Safa,Lean Ground Beef,Al SafaLean Ground Beef908 g,$10.00ea,,$1.10/ 100g,False,zehrs,0.011000000000000001,g,10.00
meat,Marcangelo,Beef Top Sirloin Roast,MarcangeloBeef Top Sirloin Roast600 g,$19.99ea,,$3.33/ 100g,False,zehrs,0.0333,g,19.99
meat,,Boneless Rib End Pork Fast Fry Chops,Boneless Rib End Pork Fast Fry Chops,$7.13(est.)ea,,$15.41/ 1kg,False,zehrs,0.01541,g,7.13
meat,President's Choice,"Free From Centre Cut Pork Loin Chop, Boneless","President's ChoiceFree From Centre Cut Pork Loin Chop, Boneless",$8.26(est.)ea,,$16.51/ 1kg,False,zehrs,0.01651,g,8.26
meat,Schneider,"Smoked Sausage, Classic Recipe","SchneiderSmoked Sausage, Classic Recipe375 g",$7.79ea,,$2.08/ 100g,False,zehrs,0.0208,g,7.79
meat,Lous,Maple Bourbon Pork Back Ribs In Maple Bourbon Bbq Sauce,LousMaple Bourbon Pork Back Ribs In Maple Bourbon Bbq Sauce585 g,$15.99ea,,$2.73/ 100g,False,zehrs,0.0273,g,15.99
meat,President's Choice,Plant Based Breakfast Sausage,President's ChoicePlant Based Breakfast Sausage300 g,$8.99ea,,$3.00/ 100g,False,zehrs,0.03,g,8.99
meat,,Beef Korean-style Short Ribs,Beef Korean-style Short Ribs,$12.68(est.)ea,,$31.95/ 1kg,False,zehrs,0.03195,g,12.68
meat,President's Choice,Thick & Juicy Beef Burgers,President's ChoiceThick & Juicy Beef Burgers2.72 kg,$29.99ea,,$1.10/ 100g,False,zehrs,0.011000000000000001,g,29.99
meat,Beyond Meat,Beyond Burger Plant-Based,Beyond MeatBeyond Burger Plant-Based226 g,$7.99ea,,$3.54/ 100g,False,zehrs,0.0354,g,7.99
meat,,Chorizo Style Pork Sausage,Chorizo Style Pork Sausage,$5.94(est.)ea,,$13.21/ 1kg,False,zehrs,0.013210000000000001,g,5.94
meat,Schneider,97% Fat Free Lower Sodium Smoked Ham,Schneider97% Fat Free Lower Sodium Smoked Ham700 g,$7.99ea,,$1.14/ 100g,False,zehrs,0.011399999999999999,g,7.99
meat,,Breaded Chicken Thighs,Breaded Chicken Thighs,$9.45(est.)ea,,$19.82/ 1kg,False,zehrs,0.01982,g,9.45
meat,Zabiha Halal,Frozen Popcorn Chicken,Zabiha HalalFrozen Popcorn Chicken800 g,$12.99ea,,$1.62/ 100g,False,zehrs,0.016200000000000003,g,12.99
meat,,Wing Grilling Steak,Wing Grilling Steak,$17.47(est.)ea,,$38.56/ 1kg,False,zehrs,0.038560000000000004,g,17.47
meat,Zabiha Halal,Chicken Breast Nuggets,Zabiha HalalChicken Breast Nuggets800 g,$12.99ea,,$1.62/ 100g,False,zehrs,0.016200000000000003,g,12.99
meat,,"Lean Ground Beef & Pork, Club Pack","Lean Ground Beef & Pork, Club Pack",$17.69(est.)ea,,$10.56/ 1kg,False,zehrs,0.01056,g,17.69
meat,President's Choice,Pork Loin Rib End Roast,President's ChoicePork Loin Rib End Roast,$9.59(est.)ea,,$12.10/ 1kg,False,zehrs,0.0121,g,9.59
meat,Butterball,"Turkey, Bacon Style","ButterballTurkey, Bacon Style375 g",$8.49ea,,$2.26/ 100g,False,zehrs,0.0226,g,8.49
meat,President's Choice,Free From Mild Italian Pork Sausages,President's ChoiceFree From Mild Italian Pork Sausages1200 g,$16.99ea,,$1.42/ 100g,False,zehrs,0.014199999999999999,g,16.99
meat,President's Choice,Free From Sirloin Tip Roast Beef,President's ChoiceFree From Sirloin Tip Roast Beef,$18.89(est.)ea,,$24.22/ 1kg,False,zehrs,0.02422,g,18.89
meat,President's Choice,"Air Chilled Chicken Drumsticks, Club Pack","President's ChoiceAir Chilled Chicken Drumsticks, Club Pack",$13.05(est.)ea,,$11.00/ 1kg,False,zehrs,0.011,g,13.05
meat,Marcangelo,"Pork Loin Chop Bacon Wrapped Stuffed With Mozzarella, Cranberry & Apple","MarcangeloPork Loin Chop Bacon Wrapped Stuffed With Mozzarella, Cranberry & Apple350 g",$9.99ea,,$2.85/ 100g,False,zehrs,0.0285,g,9.99
meat,Kingway,Wagyu Beef Frankfurter,KingwayWagyu Beef Frankfurter375 g,$8.49ea,,$2.26/ 100g,False,zehrs,0.0226,g,8.49
meat,No Name,"Honey Garlic Chicken Wings, Club Pack","No NameHoney Garlic Chicken Wings, Club Pack1.81 kg",$25.99ea,,$1.44/ 100g,False,zehrs,0.0144,g,25.99
meat,,Beef Flank Steak,Beef Flank Steak,$19.80(est.)ea,,$30.84/ 1kg,False,zehrs,0.03084,g,19.80
meat,,Pork Breast Bone,Pork Breast Bone,$5.55(est.)ea,,$6.59/ 1kg,False,zehrs,0.0065899999999999995,g,5.55
meat,President's Choice,World of Flavours Thai Style Chicken Stir Fry Strips,President's ChoiceWorld of Flavours Thai Style Chicken Stir Fry Strips350 g,$11.99ea,,$3.43/ 100g,False,zehrs,0.034300000000000004,g,11.99
meat,President's Choice,Butter Infused Young Turkey - Frozen - 5-7 kg,President's ChoiceButter Infused Young Turkey - Frozen - 5-7 kg1 kg,$46.00ea,,,False,zehrs,46.00,,46.00
meat,No Name,"Chicken Wings, Club Pack","No NameChicken Wings, Club Pack1.81 kg",$25.99ea,,$1.44/ 100g,False,zehrs,0.0144,g,25.99
meat,Schneider,"Smoked Sausage, Classic Cheddar","SchneiderSmoked Sausage, Classic Cheddar375 g",$7.79ea,,$2.08/ 100g,False,zehrs,0.0208,g,7.79
meat,,Beef Inside Round Oven Roast,Beef Inside Round Oven Roast,$16.79(est.)ea,,$13.21/ 1kg,False,zehrs,0.013210000000000001,g,16.79
meat,President's Choice,Steak-Cut Smoked Bacon Stacon Uncooked,President's ChoiceSteak-Cut Smoked Bacon Stacon Uncooked500 g,$8.99ea,,$1.80/ 100g,False,zehrs,0.018000000000000002,g,8.99
meat,Schneider,Red Hots Original Hot Dogs,SchneiderRed Hots Original Hot Dogs375 g,$6.99ea,,$1.86/ 100g,False,zehrs,0.018600000000000002,g,6.99
meat,Lesters,Wieners All Beef,LestersWieners All Beef375 g,$4.99ea,,$1.33/ 100g,False,zehrs,0.013300000000000001,g,4.99
meat,President's Choice,"Certified Angus Beef Striploin Grill Steak, Service Case","President's ChoiceCertified Angus Beef Striploin Grill Steak, Service Case",$21.96(est.)ea,,$42.97/ 1kg,False,zehrs,0.04297,g,21.96
meat,,Pork Tenderloin,Pork Tenderloin,$6.58(est.)ea,,$13.21/ 1kg,False,zehrs,0.013210000000000001,g,6.58
meat,President's Choice,Butter-Infused Turkey Crown	,President's ChoiceButter-Infused Turkey Crown	2.5 kg,$34.99ea,,$1.40/ 100g,False,zehrs,0.013999999999999999,g,34.99
meat,President's Choice,Free From Turkey Breast Scaloppine,President's ChoiceFree From Turkey Breast Scaloppine,$9.12(est.)ea,,$25.33/ 1kg,False,zehrs,0.02533,g,9.12
meat,Schneider,Original Ham Steak,SchneiderOriginal Ham Steak175 g,$4.99ea,,$2.85/ 100g,False,zehrs,0.0285,g,4.99
meat,Marcangelo,Frozen Twisters Jumbo Sausage,MarcangeloFrozen Twisters Jumbo Sausage500 g,$8.99ea,,$1.80/ 100g,False,zehrs,0.018000000000000002,g,8.99
meat,,"Chicken Breast, Bone-in Skin On, Club Pack","Chicken Breast, Bone-in Skin On, Club Pack",$18.76(est.)ea,,$13.21/ 1kg,False,zehrs,0.013210000000000001,g,18.76
meat,President's Choice,"Chicken Wings, Crisp & Crunchy Mild Southern-Style ","President's ChoiceChicken Wings, Crisp & Crunchy Mild Southern-Style 907 g",$14.99ea,,$1.65/ 100g,False,zehrs,0.0165,g,14.99
meat,President's Choice,Free From Honey Garlic Flavoured Pork Sausages ,President's ChoiceFree From Honey Garlic Flavoured Pork Sausages 500 g,$7.49ea,,$1.50/ 100g,False,zehrs,0.015,g,7.49
meat,President's Choice,Free From Maple Breakfast Pork Sausages,President's ChoiceFree From Maple Breakfast Pork Sausages375 g,$6.99ea,,$1.86/ 100g,False,zehrs,0.018600000000000002,g,6.99
meat,,"Chicken Breast, Bone-in Skin On, Club Pack","Chicken Breast, Bone-in Skin On, Club Pack",$18.76(est.)ea,,$13.21/ 1kg,False,zehrs,0.013210000000000001,g,18.76
meat,President's Choice,Butter-Infused Turkey Crown	,President's ChoiceButter-Infused Turkey Crown	2.5 kg,$34.99ea,,$1.40/ 100g,False,zehrs,0.013999999999999999,g,34.99
meat,President's Choice,"Chicken Wings, Crisp & Crunchy Mild Southern-Style ","President's ChoiceChicken Wings, Crisp & Crunchy Mild Southern-Style 907 g",$14.99ea,,$1.65/ 100g,False,zehrs,0.0165,g,14.99
meat,President's Choice,Free From Angus Beef Meatball,President's ChoiceFree From Angus Beef Meatball850 g,$17.49ea,,$2.06/ 100g,False,zehrs,0.0206,g,17.49
meat,President's Choice,Thick & Juicy™ Beef Burgers  ,President's ChoiceThick & Juicy™ Beef Burgers  1.36 kg,$14.99ea,,$1.10/ 100g,False,zehrs,0.011000000000000001,g,14.99
meat,No Name,"Chicken Wings, Honey Garlic","No NameChicken Wings, Honey Garlic908 g",$12.99ea,,$1.43/ 100g,False,zehrs,0.0143,g,12.99
meat,No Name,"Chicken Burger, Club Pack","No NameChicken Burger, Club Pack1810 g",$12.49ea,,$0.69/ 100g,False,zehrs,0.0069,g,12.49
meat,Maple Leaf,Natural Less Salt Bacon,Maple LeafNatural Less Salt Bacon375 g,$8.49ea,,$2.26/ 100g,False,zehrs,0.0226,g,8.49
meat,Greenfield Natural Meat Co.,Bacon,Greenfield Natural Meat Co.Bacon375 g,$10.49ea,,$2.80/ 100g,False,zehrs,0.027999999999999997,g,10.49
meat,44th Street,Turkey Breast Roast,44th StreetTurkey Breast Roast550 g,$15.49ea,,$2.82/ 100g,False,zehrs,0.0282,g,15.49
meat,Marcangelo,Chicken Breast Medallions Bacon Wrapped 452 g,MarcangeloChicken Breast Medallions Bacon Wrapped 452 g452 g,$14.99ea,,$3.32/ 100g,False,zehrs,0.0332,g,14.99
meat,,Peppercorn Sirloin,Peppercorn Sirloin,$14.06(est.)ea,,$44.07/ 1kg,False,zehrs,0.04407,g,14.06
meat,,Marinated Chicken Thighs ,Marinated Chicken Thighs ,$9.71(est.)ea,,$19.82/ 1kg,False,zehrs,0.01982,g,9.71
meat,,"Ground Pork, Lean","Ground Pork, Lean",$6.34(est.)ea,,$9.90/ 1kg,False,zehrs,0.0099,g,6.34
meat,President's Choice,World Of Flavours Canadian Maple Apple Butter Roast,President's ChoiceWorld Of Flavours Canadian Maple Apple Butter Roast730 g,$13.49ea,,$1.85/ 100g,False,zehrs,0.018500000000000003,g,13.49
meat,,Beef Top Sirloin Grilling Cap Steak,Beef Top Sirloin Grilling Cap Steak,$10.39(est.)ea,,$26.43/ 1kg,False,zehrs,0.02643,g,10.39
meat,President's Choice,Free From Extra Lean Ground Beef,President's ChoiceFree From Extra Lean Ground Beef454 g,$10.00ea,,$2.20/ 100g,False,zehrs,0.022000000000000002,g,10.00
meat,,Quarter Toupie Style Smoked Ham,Quarter Toupie Style Smoked Ham,$14.63(est.)ea,,$11.00/ 1kg,False,zehrs,0.011,g,14.63
meat,President's Choice,Everything Seasoned Breaded Chicken Breast Fillets,President's ChoiceEverything Seasoned Breaded Chicken Breast Fillets750 g,$15.99ea,,$2.13/ 100g,False,zehrs,0.0213,g,15.99
meat,President's Choice,Angus Ballpark Franks,President's ChoiceAngus Ballpark Franks450 g,$7.29ea,,$1.62/ 100g,False,zehrs,0.016200000000000003,g,7.29
meat,,Chicken Backs for Soup,Chicken Backs for Soup,$2.86(est.)ea,,$5.71/ 1kg,False,zehrs,0.00571,g,2.86
meat,,Chorizo Style Pork Sausage Meat,Chorizo Style Pork Sausage Meat,$6.35(est.)ea,,$13.21/ 1kg,False,zehrs,0.013210000000000001,g,6.35
meat,President's Choice,Italian Smokies,President's ChoiceItalian Smokies1 kg,$14.29ea,,$1.43/ 100g,False,zehrs,0.0143,g,14.29
meat,,Lean Ground Beef & Pork,Lean Ground Beef & Pork,$7.09(est.)ea,,$15.41/ 1kg,False,zehrs,0.01541,g,7.09
meat,President's Choice,Free From Turkey Thighs,President's ChoiceFree From Turkey Thighs,$7.55(est.)ea,,$12.10/ 1kg,False,zehrs,0.0121,g,7.55
meat,,"Smoked Side Bacon, Sliced","Smoked Side Bacon, Sliced",$10.76(est.)ea,,$15.21/ 1kg,False,zehrs,0.015210000000000001,g,10.76
meat,President's Choice,"Chicken Nuggets, Club Pack","President's ChoiceChicken Nuggets, Club Pack1.4 kg",$11.99ea,,$0.86/ 100g,False,zehrs,0.0086,g,11.99
meat,President's Choice,Free From Hot Italian Pork Sausages,President's ChoiceFree From Hot Italian Pork Sausages1200 g,$16.99ea,,$1.42/ 100g,False,zehrs,0.014199999999999999,g,16.99
meat,President's Choice,"Certified Angus Beef, Blade Roast Boneless","President's ChoiceCertified Angus Beef, Blade Roast Boneless",$21.82(est.)ea,,$20.92/ 1kg,False,zehrs,0.02092,g,21.82
meat,,Beef Cap-off Rib Steak,Beef Cap-off Rib Steak,$17.53(est.)ea,,$39.66/ 1kg,False,zehrs,0.039659999999999994,g,17.53
meat,Butcher's Choice,Pork Shoulder Blade Steak,Butcher's ChoicePork Shoulder Blade Steak,$20.34(est.)ea,,$5.27/ 1kg,False,zehrs,0.0052699999999999995,g,20.34
meat,Mitchell's Gourmet Foods,Heritage Thick Sliced Bacon,Mitchell's Gourmet FoodsHeritage Thick Sliced Bacon1 kg,$22.99ea,,$2.30/ 100g,False,zehrs,0.023,g,22.99
meat,President's Choice,Chicken Flatened Portugese,President's ChoiceChicken Flatened Portugese,$22.34(est.)ea,,$15.41/ 1kg,False,zehrs,0.01541,g,22.34
meat,,Grilling Beef Back Ribs,Grilling Beef Back Ribs,$12.82(est.)ea,,$19.82/ 1kg,False,zehrs,0.01982,g,12.82
meat,Gold Label,Naturally Smokeys Smoked Sausages Made With Natural Ingredients Cheddar,Gold LabelNaturally Smokeys Smoked Sausages Made With Natural Ingredients Cheddar375 g,$5.49ea,,$1.46/ 100g,False,zehrs,0.0146,g,5.49
meat,,"Beef Sirloin Tip Steak, Club Pack","Beef Sirloin Tip Steak, Club Pack",$21.56(est.)ea,,$19.82/ 1kg,False,zehrs,0.01982,g,21.56
meat,President's Choice,"Too Good To Be Wings Boneless Chicken Breast Chunks, Butter Buffalo","President's ChoiceToo Good To Be Wings Boneless Chicken Breast Chunks, Butter Buffalo800 g",$15.99ea,,$2.00/ 100g,False,zehrs,0.02,g,15.99
meat,No Name,"Chicken Strips, Club Pack","No NameChicken Strips, Club Pack1810 g",$12.49ea,,$0.69/ 100g,False,zehrs,0.0069,g,12.49
meat,,Beef Whiskey Cheddar Meatball ,Beef Whiskey Cheddar Meatball ,$6.79(est.)ea,,$16.51/ 1kg,False,zehrs,0.01651,g,6.79
meat,Janes,Pub Style Wings Bold Bbq,JanesPub Style Wings Bold Bbq660 g,$17.49ea,,$2.65/ 100g,False,zehrs,0.0265,g,17.49
meat,Sufra,Halal Beef Burgers,SufraHalal Beef Burgers907 g,$18.99ea,,$2.09/ 100g,False,zehrs,0.0209,g,18.99
meat,President's Choice,"Free From Bone In Pork Center Chop, Club Pack","President's ChoiceFree From Bone In Pork Center Chop, Club Pack",$25.12(est.)ea,,$17.15/ 1kg,False,zehrs,0.01715,g,25.12
meat,Lilydale,Daystarters Sausage Turkey ,LilydaleDaystarters Sausage Turkey 375 g,$5.99ea,,$1.60/ 100g,False,zehrs,0.016,g,5.99
meat,President's Choice,Air Chilled Split Chicken Wings,President's ChoiceAir Chilled Split Chicken Wings1 ea,$12.00ea,,$12.00/ 1ea,False,zehrs,12.0,,12.00
meat,,Pork Back Ribs,Pork Back Ribs,$35.74(est.)ea,,$15.41/ 1kg,False,zehrs,0.01541,g,35.74
meat,,"Beef Fondue Cubes, Bourguignonne","Beef Fondue Cubes, Bourguignonne",$6.86(est.)ea,,$20.92/ 1kg,False,zehrs,0.02092,g,6.86
meat,President's Choice,"Too Good To Be Wings, Honey Garlic","President's ChoiceToo Good To Be Wings, Honey Garlic800 g",$15.99ea,,$2.00/ 100g,False,zehrs,0.02,g,15.99
meat,,Extra Lean Ground Chicken,Extra Lean Ground Chicken,$6.53(est.)ea,,$11.66/ 1kg,False,zehrs,0.01166,g,6.53
meat,Butcher's Choice,Mild Italian Pork Sausages,Butcher's ChoiceMild Italian Pork Sausages1.45 kg,$15.99ea,,$1.10/ 100g,False,zehrs,0.011000000000000001,g,15.99
meat,Mrakovic,Chevapi Chicken Family Box,MrakovicChevapi Chicken Family Box1700 g,$35.99ea,,$2.12/ 100g,False,zehrs,0.0212,g,35.99
meat,,Frozen Grade A Turkey 3-5 Kg,Frozen Grade A Turkey 3-5 Kg,$30.76(est.)ea,,$7.69/ 1kg,False,zehrs,0.007690000000000001,g,30.76
meat,President's Choice,"Certified Angus Beef, Premium Striploin Oven Roast, Service Case","President's ChoiceCertified Angus Beef, Premium Striploin Oven Roast, Service Case",$36.97(est.)ea,,$40.76/ 1kg,False,zehrs,0.04076,g,36.97
meat,,Medium Ground Beef,Medium Ground Beef500 g,$6.00ea,,$1.20/ 100g,False,zehrs,0.012,g,6.00
meat,Schneider,Juicy Jumbos All Beef Hot Dogs Family Pack,SchneiderJuicy Jumbos All Beef Hot Dogs Family Pack750 g,$13.49ea,,$1.80/ 100g,False,zehrs,0.018000000000000002,g,13.49
meat,President's Choice,"Air Chilled Chicken Thighs, Club Pack","President's ChoiceAir Chilled Chicken Thighs, Club Pack",$13.67(est.)ea,,$11.00/ 1kg,False,zehrs,0.011,g,13.67
meat,Johnsonville,"Smoked Sausage, Beef & Cheddar","JohnsonvilleSmoked Sausage, Beef & Cheddar375 g",$6.99ea,,$1.86/ 100g,False,zehrs,0.018600000000000002,g,6.99
meat,,Hot Italian Style Pork Sausage,Hot Italian Style Pork Sausage,$5.93(est.)ea,,$13.21/ 1kg,False,zehrs,0.013210000000000001,g,5.93
meat,,Whole Pork Loin Roast Boneless,Whole Pork Loin Roast Boneless,$26.11(est.)ea,,$9.24/ 1kg,False,zehrs,0.00924,g,26.11
meat,,Pork Loin Center Chop Boneless,Pork Loin Center Chop Boneless,$7.65(est.)ea,,$17.62/ 1kg,False,zehrs,0.01762,g,7.65
meat,,Seasoned Pork Back Ribs,Seasoned Pork Back Ribs,$11.24(est.)ea,,$19.82/ 1kg,False,zehrs,0.01982,g,11.24
meat,,"Beef Brisket Burger, Service Case","Beef Brisket Burger, Service Case",$8.25(est.)ea,,$17.62/ 1kg,False,zehrs,0.01762,g,8.25
meat,President's Choice,World of Flavours Chicken Drumsticks Buffalo,President's ChoiceWorld of Flavours Chicken Drumsticks Buffalo,$15.41/1 kg,,$15.41/ 1kg,False,zehrs,0.01541,g,15.41
meat,Pinty's,Buffalo Chicken Wings,Pinty'sBuffalo Chicken Wings780 g,$23.49ea,,$3.01/ 100g,False,zehrs,0.0301,g,23.49
meat,,"Beef Liver, Sliced","Beef Liver, Sliced",$5.47(est.)ea,,$11.00/ 1kg,False,zehrs,0.011,g,5.47
meat,,"Beef Bottom Blade Pot Roast, Boneless","Beef Bottom Blade Pot Roast, Boneless",$18.65(est.)ea,,$15.41/ 1kg,False,zehrs,0.01541,g,18.65
meat,President's Choice,"Fresh Lamb Shoulder, Square Cut","President's ChoiceFresh Lamb Shoulder, Square Cut","$1,233.28(est.)ea",,$999.99/ 1kg,False,zehrs,0.99999,g,"1,233.28"
meat,President's Choice,"Plant Based Undeniable Burger, Fresh","President's ChoicePlant Based Undeniable Burger, Fresh226 g",$8.99ea,,$3.98/ 100g,False,zehrs,0.0398,g,8.99
meat,President's Choice,Free From Flank Steak,President's ChoiceFree From Flank Steak,$15.35(est.)ea,,$37.45/ 1kg,False,zehrs,0.037450000000000004,g,15.35
meat,King Cole,Half Duck à L'Orange,King ColeHalf Duck à L'Orange400 g,$13.86ea,,$3.47/ 100g,False,zehrs,0.0347,g,13.86
meat,President's Choice,Free From Naturally Smoked Fully Cooked Bacon,President's ChoiceFree From Naturally Smoked Fully Cooked Bacon65 g,$7.29ea,,$11.22/ 100g,False,zehrs,0.11220000000000001,g,7.29
meat,Marcangelo,Sweet Italian Jumbo Sausage,MarcangeloSweet Italian Jumbo Sausage675 g,$8.99ea,,$1.33/ 100g,False,zehrs,0.013300000000000001,g,8.99
meat,President's Choice,Old-Fashioned Style Peppercorn Bacon,President's ChoiceOld-Fashioned Style Peppercorn Bacon1 kg,$17.99ea,,$1.80/ 100g,False,zehrs,0.018000000000000002,g,17.99
meat,,Beef Top Sirloin Fast Fry Steak,Beef Top Sirloin Fast Fry Steak,$7.27(est.)ea,,$27.54/ 1kg,False,zehrs,0.02754,g,7.27
meat,President's Choice,World of Flavours Korean Pork Stir Fry Strips,President's ChoiceWorld of Flavours Korean Pork Stir Fry Strips350 g,$9.99ea,$8.99ea,$2.57/ 100g,True,zehrs,0.025699999999999997,g,8.99
meat,,"Breaded Pork Loin Center & Rib Cutlet, Boneless","Breaded Pork Loin Center & Rib Cutlet, Boneless",$8.62(est.)ea,,$19.82/ 1kg,False,zehrs,0.01982,g,8.62
meat,President's Choice,Honey Garlic Chicken Wings,President's ChoiceHoney Garlic Chicken Wings700 g,$14.99ea,,$2.14/ 100g,False,zehrs,0.021400000000000002,g,14.99
meat,Zabiha Halal,Sausage Snacks Original Fully Cooked Chicken Sticks,Zabiha HalalSausage Snacks Original Fully Cooked Chicken Sticks300 g,$9.99ea,,$3.33/ 100g,False,zehrs,0.0333,g,9.99
meat,Marcangelo,Hot Italian Sausage,MarcangeloHot Italian Sausage1 kg,$14.99ea,,$1.50/ 100g,False,zehrs,0.015,g,14.99
meat,Schneider,Juicy Jumbos Hot & Spicy Hot Dogs,SchneiderJuicy Jumbos Hot & Spicy Hot Dogs450 g,$8.99ea,,$2.00/ 100g,False,zehrs,0.02,g,8.99
meat,President's Choice,Chicken Wing Split Buffalo,President's ChoiceChicken Wing Split Buffalo,$15.41/1 ea,,$15.41/ 1kg,False,zehrs,0.01541,g,15.41
meat,President's Choice,Free From Australian Lamb Frenched Rack,President's ChoiceFree From Australian Lamb Frenched Rack,$34.38(est.)ea,,$57.30/ 1kg,False,zehrs,0.0573,g,34.38
meat,Butterball,Turkey Bacon Style Salt Reduced,ButterballTurkey Bacon Style Salt Reduced375 g,$7.29ea,,$1.94/ 100g,False,zehrs,0.0194,g,7.29
meat,,Beef Simmering Short Ribs,Beef Simmering Short Ribs,$23.07(est.)ea,,$30.84/ 1kg,False,zehrs,0.03084,g,23.07
meat,Gold Label,Naturally Prime Angus Smoked Sausages Made With Natural Ingredients Cheddar,Gold LabelNaturally Prime Angus Smoked Sausages Made With Natural Ingredients Cheddar375 g,$6.49ea,,$1.73/ 100g,False,zehrs,0.0173,g,6.49
meat,,Thick Sliced Smoked Ham,Thick Sliced Smoked Ham500 g,$12.99ea,,$2.60/ 100g,False,zehrs,0.026000000000000002,g,12.99
meat,Marcangelo,Chicken Breasts With Spinach And Feta,MarcangeloChicken Breasts With Spinach And Feta350 g,$13.99ea,,$4.00/ 100g,False,zehrs,0.04,g,13.99
meat,Hayter's Farm,Turkey-Burger Classic Seasoned,Hayter's FarmTurkey-Burger Classic Seasoned1.14 kg,$17.49ea,,$1.53/ 100g,False,zehrs,0.015300000000000001,g,17.49
meat,President's Choice,Gluten Free Chicken Burgers,President's ChoiceGluten Free Chicken Burgers600 g,$8.49ea,,$1.42/ 100g,False,zehrs,0.014199999999999999,g,8.49
meat,No Name,Breaded Chicken Cutlettes Chicken Strips,No NameBreaded Chicken Cutlettes Chicken Strips908 g,$6.99ea,,$0.77/ 100g,False,zehrs,0.0077,g,6.99
meat,No Name,"Chicken Wings, Mild BBQ","No NameChicken Wings, Mild BBQ908 g",$12.99ea,,$1.43/ 100g,False,zehrs,0.0143,g,12.99
meat,Butterball,Turkey Franks,ButterballTurkey Franks450 g,$5.99ea,,$1.33/ 100g,False,zehrs,0.013300000000000001,g,5.99
meat,President's Choice,Thick & Juicy™ Prime Rib Beef Burger,President's ChoiceThick & Juicy™ Prime Rib Beef Burger1.13 kg,$16.99ea,,$1.50/ 100g,False,zehrs,0.015,g,16.99
meat,President's Choice,Honey Garlic Chicken Wings,President's ChoiceHoney Garlic Chicken Wings907 g,$14.99ea,,$1.65/ 100g,False,zehrs,0.0165,g,14.99
meat,President's Choice,Dry-Rubbed Sea Salt & Black Pepper Pork Back Ribs,President's ChoiceDry-Rubbed Sea Salt & Black Pepper Pork Back Ribs680 g,$16.99ea,,$2.50/ 100g,False,zehrs,0.025,g,16.99
meat,President's Choice,Yuzu Citrus Chicken Wings,President's ChoiceYuzu Citrus Chicken Wings907 g,$14.99ea,,$1.65/ 100g,False,zehrs,0.0165,g,14.99
meat,No Name,"Burger C/Pack 20'S 5Lb, Club Pack","No NameBurger C/Pack 20'S 5Lb, Club Pack2.27 kg",$20.99ea,,$0.92/ 100g,False,zehrs,0.0092,g,20.99
meat,No Name,"Fully Cooked, Breaded Chicken Burgers","No NameFully Cooked, Breaded Chicken Burgers908 g",$6.99ea,,$0.77/ 100g,False,zehrs,0.0077,g,6.99
meat,Maple Leaf,Lazy Maple Natural Bacon,Maple LeafLazy Maple Natural Bacon375 g,$8.49ea,,$2.26/ 100g,False,zehrs,0.0226,g,8.49
meat,President's Choice,"Air Chilled Chicken Thighs, Bone-in, Skin-on","President's ChoiceAir Chilled Chicken Thighs, Bone-in, Skin-on1 ea",$10.00ea,,$10.00/ 1ea,False,zehrs,10.0,,10.00
meat,PC Blue Menu,Thick & Juicy Turkey Burgers,PC Blue MenuThick & Juicy Turkey Burgers1.13 kg,$15.99ea,,$1.42/ 100g,False,zehrs,0.014199999999999999,g,15.99
meat,Johnsonville,Honey Garlic Sausage,JohnsonvilleHoney Garlic Sausage500 g,$6.99ea,,$1.40/ 100g,False,zehrs,0.013999999999999999,g,6.99
meat,Johnsonville,Brown Sugar & Honey Breakfast Sausage,JohnsonvilleBrown Sugar & Honey Breakfast Sausage375 g,$6.99ea,,$1.86/ 100g,False,zehrs,0.018600000000000002,g,6.99
meat,Johnsonville,Original Breakfast Sausage Rounds,JohnsonvilleOriginal Breakfast Sausage Rounds250 g,$6.99ea,,$2.80/ 100g,False,zehrs,0.027999999999999997,g,6.99
meat,Johnsonville,Ground Hot Italian Sausage,JohnsonvilleGround Hot Italian Sausage375 g,$6.99ea,,$1.86/ 100g,False,zehrs,0.018600000000000002,g,6.99
meat,PC Black Label,Wagyu Beef Burgers,PC Black LabelWagyu Beef Burgers568 g,$15.99ea,,$2.82/ 100g,False,zehrs,0.0282,g,15.99
meat,Pillers,European Wieners,PillersEuropean Wieners450 g,$9.99ea,,$2.22/ 100g,False,zehrs,0.0222,g,9.99
meat,,Lamb Loin Chops,Lamb Loin Chops,$12.65(est.)ea,,$35.25/ 1kg,False,zehrs,0.03525,g,12.65
meat,King Cole,Smoked Duck Breast,King ColeSmoked Duck Breast,$11.24(est.)ea,,$42.99/ 1kg,False,zehrs,0.04299,g,11.24
meat,Schneider,"Smokies, Original Smoked Sausage","SchneiderSmokies, Original Smoked Sausage900 g",$15.49ea,,$1.72/ 100g,False,zehrs,0.0172,g,15.49
meat,Marcangelo,Pork Loin Chop Bacon Wrapped,MarcangeloPork Loin Chop Bacon Wrapped350 g,$9.99ea,,$2.85/ 100g,False,zehrs,0.0285,g,9.99
meat,Maple Lodge Farms LT,"Ultimate Chicken Wiener, Spicy","Maple Lodge Farms LTUltimate Chicken Wiener, Spicy900 g",$6.99ea,,$0.78/ 100g,False,zehrs,0.0078000000000000005,g,6.99
meat,Swiss Chalet,"Pork Back Ribs, Honey Garlic","Swiss ChaletPork Back Ribs, Honey Garlic600 g",$16.99ea,,$2.83/ 100g,False,zehrs,0.028300000000000002,g,16.99
meat,President's Choice,Free From Boneless Rib Steak,President's ChoiceFree From Boneless Rib Steak,$17.25(est.)ea,,$59.50/ 1kg,False,zehrs,0.0595,g,17.25
meat,President's Choice,Free From Australian Lamb Shanks,President's ChoiceFree From Australian Lamb Shanks,$25.04(est.)ea,,$22.02/ 1kg,False,zehrs,0.022019999999999998,g,25.04
meat,New Zealand,Lamb Shoulder Blade Chops,New ZealandLamb Shoulder Blade Chops675 g,$29.98ea,,$44.41/ 1kg,False,zehrs,0.04441,g,29.98
meat,No Name,Crispy Southern Style Chicken,No NameCrispy Southern Style Chicken1 kg,$16.99ea,,$1.70/ 100g,False,zehrs,0.017,g,16.99
meat,,Lean Ground Beef,Lean Ground Beef454 g,$6.00ea,,$1.32/ 100g,False,zehrs,0.0132,g,6.00
meat,Butterball,Frozen Stuffed Turkey 7-9 Kg,ButterballFrozen Stuffed Turkey 7-9 Kg8 kg,$66.00ea,,$0.83/ 100g,False,zehrs,0.0083,g,66.00
meat,Beyond Meat,Sausage Mild Italian,Beyond MeatSausage Mild Italian400 g,$9.99ea,,$2.50/ 100g,False,zehrs,0.025,g,9.99
meat,,Pork Back Ribs,Pork Back Ribs,$38.64(est.)ea,,$17.61/ 1kg,False,zehrs,0.01761,g,38.64
meat,Maple Leaf,Natural Top Dogs Less Salt Hot Dogs,Maple LeafNatural Top Dogs Less Salt Hot Dogs375 g,$6.99ea,,$1.86/ 100g,False,zehrs,0.018600000000000002,g,6.99
meat,New Zealand,Lamb Stew Chunks,New ZealandLamb Stew Chunks1 kg,$22.99ea,,$2.30/ 100g,False,zehrs,0.023,g,22.99
meat,Janes,Little Wins Chicken & Vegetable Chicken Nuggets,JanesLittle Wins Chicken & Vegetable Chicken Nuggets600 g,$15.99ea,,$2.67/ 100g,False,zehrs,0.026699999999999998,g,15.99
meat,The Keg,BBQ Pork Back Ribs,The KegBBQ Pork Back Ribs700 g,$18.99ea,,$2.71/ 100g,False,zehrs,0.0271,g,18.99
meat,President's Choice,Free From Ground Chicken,President's ChoiceFree From Ground Chicken454 g,$9.00ea,,$1.98/ 100g,False,zehrs,0.019799999999999998,g,9.00
meat,President's Choice,"Cocktail Sausage Smokies, Original","President's ChoiceCocktail Sausage Smokies, Original500 g",$7.49ea,,$1.50/ 100g,False,zehrs,0.015,g,7.49
meat,,"Pork Loin Roast, Center Cut with Bone","Pork Loin Roast, Center Cut with Bone",$12.05(est.)ea,,$9.90/ 1kg,False,zehrs,0.0099,g,12.05
meat,,"Beef Inside Round Marinating Steak, Club Pack","Beef Inside Round Marinating Steak, Club Pack",$14.06(est.)ea,,$20.92/ 1kg,False,zehrs,0.02092,g,14.06
meat,New Zealand,Lamb Loin Chops,New ZealandLamb Loin Chops350 g,$12.99ea,,$37.11/ 1kg,False,zehrs,0.03711,g,12.99
meat,President's Choice,"Free From Chicken Breasts, Bone-in, Skinless","President's ChoiceFree From Chicken Breasts, Bone-in, Skinless",$11.27(est.)ea,,$17.61/ 1kg,False,zehrs,0.01761,g,11.27
meat,Pillers,Smoked Sausage Original Knackwurst,PillersSmoked Sausage Original Knackwurst375 g,$7.79ea,,$2.08/ 100g,False,zehrs,0.0208,g,7.79
meat,President's Choice,Free From Boneless Skinless Turkey Breast,President's ChoiceFree From Boneless Skinless Turkey Breast,$8.57(est.)ea,,$23.13/ 1kg,False,zehrs,0.023129999999999998,g,8.57
meat,Lesters,Wieners,LestersWieners450 g,$4.49ea,,$1.00/ 100g,False,zehrs,0.01,g,4.49
meat,President's Choice,Smokin' Honey Fully Cooked Pork Back Ribs,President's ChoiceSmokin' Honey Fully Cooked Pork Back Ribs500 g,$15.49ea,,$3.10/ 100g,False,zehrs,0.031,g,15.49
meat,President's Choice,Angus Beef Meatballs,President's ChoiceAngus Beef Meatballs907 g,$17.49ea,,$1.93/ 100g,False,zehrs,0.019299999999999998,g,17.49
meat,President's Choice,Free From Top Sirloin Steak,President's ChoiceFree From Top Sirloin Steak,$14.81(est.)ea,,$35.25/ 1kg,False,zehrs,0.03525,g,14.81
meat,Schneider,Cheddar Hot Dogs,SchneiderCheddar Hot Dogs375 g,$6.49ea,,$1.73/ 100g,False,zehrs,0.0173,g,6.49
meat,,"Pork Back Ribs (Portions) , Service Case","Pork Back Ribs (Portions) , Service Case",$14.06(est.)ea,,$17.62/ 1kg,False,zehrs,0.01762,g,14.06
meat,Schneider,Salt & Cracked Pepper Wings Seasoned & Savoury,SchneiderSalt & Cracked Pepper Wings Seasoned & Savoury615 g,$16.99ea,,$2.76/ 100g,False,zehrs,0.0276,g,16.99
meat,Maple Leaf,Shredded Chicken Bbq Seasoning,Maple LeafShredded Chicken Bbq Seasoning250 g,$11.49ea,,$4.60/ 100g,False,zehrs,0.046,g,11.49
meat,President's Choice,World of Flavours Barbecue Seasoned Boneless Beef Blade Roast,President's ChoiceWorld of Flavours Barbecue Seasoned Boneless Beef Blade Roast800 g,$19.99ea,,$2.50/ 100g,False,zehrs,0.025,g,19.99
meat,Butterball,"Frozen Turkey, 3-5 Kg","ButterballFrozen Turkey, 3-5 Kg4 kg",$36.00ea,,$0.90/ 100g,False,zehrs,0.009000000000000001,g,36.00
meat,President's Choice,"Meatballs, Italian Style","President's ChoiceMeatballs, Italian Style907 g",$17.49ea,,$1.93/ 100g,False,zehrs,0.019299999999999998,g,17.49
meat,President's Choice,Free From Honey Garlic Flavoured Pork Sausages,President's ChoiceFree From Honey Garlic Flavoured Pork Sausages1200 g,$16.99ea,,$1.42/ 100g,False,zehrs,0.014199999999999999,g,16.99
meat,Schneider,"Smokies, Original Smoked Sausage","SchneiderSmokies, Original Smoked Sausage900 g",$15.49ea,,$1.72/ 100g,False,zehrs,0.0172,g,15.49
meat,Maple Lodge Farms LT,"Ultimate Chicken Wiener, Spicy","Maple Lodge Farms LTUltimate Chicken Wiener, Spicy900 g",$6.99ea,,$0.78/ 100g,False,zehrs,0.0078000000000000005,g,6.99
meat,Schneider,Sliced Smoked Ham Applewood Smoked,SchneiderSliced Smoked Ham Applewood Smoked600 g,$16.39ea,,$2.73/ 100g,False,zehrs,0.0273,g,16.39
meat,,Lean Ground Beef,Lean Ground Beef454 g,$6.00ea,,$1.32/ 100g,False,zehrs,0.0132,g,6.00
meat,,"Beef Stewing Cubes, Boneless","Beef Stewing Cubes, Boneless",$8.82(est.)ea,,$19.82/ 1kg,False,zehrs,0.01982,g,8.82
meat,Maple Leaf,Ready Crisp Fully Cooked Natural Bacon Slices,Maple LeafReady Crisp Fully Cooked Natural Bacon Slices65 g,$8.99ea,,$13.83/ 100g,False,zehrs,0.1383,g,8.99
meat,,Cook's Portion Ham,Cook's Portion Ham,$36.17(est.)ea,,$8.80/ 1kg,False,zehrs,0.0088,g,36.17
meat,Marcangelo,Pork Loin Chop Bacon Wrapped,MarcangeloPork Loin Chop Bacon Wrapped350 g,$9.99ea,,$2.85/ 100g,False,zehrs,0.0285,g,9.99
meat,Swiss Chalet,"Pork Back Ribs, Honey Garlic","Swiss ChaletPork Back Ribs, Honey Garlic600 g",$16.99ea,,$2.83/ 100g,False,zehrs,0.028300000000000002,g,16.99
meat,President's Choice,Free From Boneless Rib Steak,President's ChoiceFree From Boneless Rib Steak,$17.25(est.)ea,,$59.50/ 1kg,False,zehrs,0.0595,g,17.25
meat,President's Choice,Free From Australian Lamb Shanks,President's ChoiceFree From Australian Lamb Shanks,$25.04(est.)ea,,$22.02/ 1kg,False,zehrs,0.022019999999999998,g,25.04
meat,New Zealand,Lamb Shoulder Blade Chops,New ZealandLamb Shoulder Blade Chops675 g,$29.98ea,,$44.41/ 1kg,False,zehrs,0.04441,g,29.98
meat,No Name,Crispy Southern Style Chicken,No NameCrispy Southern Style Chicken1 kg,$16.99ea,,$1.70/ 100g,False,zehrs,0.017,g,16.99
meat,,"Beef Blade Simmering Steak, Boneless, Club Pack","Beef Blade Simmering Steak, Boneless, Club Pack",$13.79(est.)ea,,$16.51/ 1kg,False,zehrs,0.01651,g,13.79
meat,New Zealand,Lamb Stew Chunks,New ZealandLamb Stew Chunks1 kg,$22.99ea,,$2.30/ 100g,False,zehrs,0.023,g,22.99
meat,,"Beef Top Sirloin Grilling Steak, Club Pack","Beef Top Sirloin Grilling Steak, Club Pack",$23.45(est.)ea,,$24.23/ 1kg,False,zehrs,0.02423,g,23.45
meat,Marcangelo,"Sausage Honey Garlic Italian, Value Pack","MarcangeloSausage Honey Garlic Italian, Value Pack1 kg",$14.99ea,,$1.50/ 100g,False,zehrs,0.015,g,14.99
meat,,"Plain Chicken Kebab, Service Case","Plain Chicken Kebab, Service Case",$11.51(est.)ea,,$24.23/ 1kg,False,zehrs,0.02423,g,11.51
meat,Gold Label,Naturally Prime Angus Smoked Sausages Made With Natural Ingredients Original,Gold LabelNaturally Prime Angus Smoked Sausages Made With Natural Ingredients Original375 g,$6.49ea,,$1.73/ 100g,False,zehrs,0.0173,g,6.49
meat,PC Blue Menu,Angus Beef Meatballs,PC Blue MenuAngus Beef Meatballs907 g,$17.49ea,,$1.93/ 100g,False,zehrs,0.019299999999999998,g,17.49
meat,Butcher's Choice,Honey Garlic Flavoured Pork Sausages ,Butcher's ChoiceHoney Garlic Flavoured Pork Sausages 1.45 kg,$15.99ea,,$1.10/ 100g,False,zehrs,0.011000000000000001,g,15.99
meat,President's Choice,Free From Cocktail Mild Italian Pork Sausages,President's ChoiceFree From Cocktail Mild Italian Pork Sausages375 g,$7.49ea,,$2.00/ 100g,False,zehrs,0.02,g,7.49
meat,,Lamb Rib Chops,Lamb Rib Chops,$10.91(est.)ea,,$28.20/ 1kg,False,zehrs,0.0282,g,10.91
meat,Pillers,European Wieners,PillersEuropean Wieners450 g,$9.99ea,,$2.22/ 100g,False,zehrs,0.0222,g,9.99
meat,,Lamb Loin Chops,Lamb Loin Chops,$12.65(est.)ea,,$35.25/ 1kg,False,zehrs,0.03525,g,12.65
meat,King Cole,Smoked Duck Breast,King ColeSmoked Duck Breast,$11.24(est.)ea,,$42.99/ 1kg,False,zehrs,0.04299,g,11.24
meat,,"Beef Cap-off Rib Grilling Steak, Club Pack","Beef Cap-off Rib Grilling Steak, Club Pack",$37.46(est.)ea,,$37.46/ 1kg,False,zehrs,0.03746,g,37.46
meat,President's Choice,Free From Boneless Skinless Turkey Breast,President's ChoiceFree From Boneless Skinless Turkey Breast,$8.57(est.)ea,,$23.13/ 1kg,False,zehrs,0.023129999999999998,g,8.57
meat,Marcangelo,Italian Pork Meatballs,MarcangeloItalian Pork Meatballs1 kg,$14.99ea,,$1.50/ 100g,False,zehrs,0.015,g,14.99
meat,President's Choice,"Fully Cooked Pork Back Ribs, Smokin Stampede","President's ChoiceFully Cooked Pork Back Ribs, Smokin Stampede500 g",$15.49ea,,$3.10/ 100g,False,zehrs,0.031,g,15.49
meat,,Marinated Chicken Breasts Boneless,Marinated Chicken Breasts Boneless,$10.08(est.)ea,,$24.22/ 1kg,False,zehrs,0.02422,g,10.08
meat,,Pork Belly,Pork Belly,$10.33(est.)ea,,$17.62/ 1kg,False,zehrs,0.01762,g,10.33
meat,President's Choice,Angus Beef Meatballs,President's ChoiceAngus Beef Meatballs907 g,$17.49ea,,$1.93/ 100g,False,zehrs,0.019299999999999998,g,17.49
meat,Lesters,Wieners,LestersWieners450 g,$4.49ea,,$1.00/ 100g,False,zehrs,0.01,g,4.49
meat,President's Choice,Smokin' Honey Fully Cooked Pork Back Ribs,President's ChoiceSmokin' Honey Fully Cooked Pork Back Ribs500 g,$15.49ea,,$3.10/ 100g,False,zehrs,0.031,g,15.49
meat,President's Choice,Turkey Wings,President's ChoiceTurkey Wings907 g,$14.99ea,,$1.65/ 100g,False,zehrs,0.0165,g,14.99
meat,President's Choice,Free From Naturally Smoked Fully Cooked Thick Sliced Bacon,President's ChoiceFree From Naturally Smoked Fully Cooked Thick Sliced Bacon65 g,$7.29ea,,$11.22/ 100g,False,zehrs,0.11220000000000001,g,7.29
meat,President's Choice,Dry-Rubbed Hardwood-Smoked Chicken Wings,President's ChoiceDry-Rubbed Hardwood-Smoked Chicken Wings800 g,$14.99ea,,$1.87/ 100g,False,zehrs,0.0187,g,14.99
meat,President's Choice,Free From Crisp & Crunchy Mild Southern-Style Chicken Wings,President's ChoiceFree From Crisp & Crunchy Mild Southern-Style Chicken Wings700 g,$14.99ea,,$2.14/ 100g,False,zehrs,0.021400000000000002,g,14.99
meat,President's Choice,Free From Chorizo Pork Sausages,President's ChoiceFree From Chorizo Pork Sausages500 g,$7.49ea,,$1.50/ 100g,False,zehrs,0.015,g,7.49
meat,Johnsonville,"Smoked Sausage, Doubled Smoked","JohnsonvilleSmoked Sausage, Doubled Smoked375 g",$6.49ea,,$1.73/ 100g,False,zehrs,0.0173,g,6.49
meat,Janes,"Popcorn Chicken, Fully Cooked","JanesPopcorn Chicken, Fully Cooked700 g",$12.99ea,,$1.86/ 100g,False,zehrs,0.018600000000000002,g,12.99
meat,President's Choice,Breaded Chicken Strips,President's ChoiceBreaded Chicken Strips600 g,$5.99ea,$4.99ea,$0.83/ 100g,True,zehrs,0.0083,g,4.99
meat,,Breaded Chicken Burger,Breaded Chicken Burger1.5 kg,$10.00ea,,$0.67/ 100g,False,zehrs,0.0067,g,10.00
meat,Butcher's Choice,"Beef Burger, Club Pack","Butcher's ChoiceBeef Burger, Club Pack2.27 kg",$28.99ea,,$1.28/ 100g,False,zehrs,0.0128,g,28.99
meat,President's Choice,Thick & Juicy™ Sirloin Beef Burgers ,President's ChoiceThick & Juicy™ Sirloin Beef Burgers 1.13 kg,$14.99ea,,$1.33/ 100g,False,zehrs,0.013300000000000001,g,14.99
meat,Schneider,Juicy Jumbos Original Hot Dogs,SchneiderJuicy Jumbos Original Hot Dogs450 g,$6.99ea,,$1.55/ 100g,False,zehrs,0.0155,g,6.99
meat,Lesters,Hot Dog Wieners Jumbo Bbq,LestersHot Dog Wieners Jumbo Bbq450 g,$4.49ea,,$1.00/ 100g,False,zehrs,0.01,g,4.49
meat,Maple Leaf,Natural Smoked Honey Ham,Maple LeafNatural Smoked Honey Ham600 g,$7.99ea,,$1.33/ 100g,False,zehrs,0.013300000000000001,g,7.99
meat,,Chickent Nuggets,Chickent Nuggets1.5 kg,$10.00ea,,$0.67/ 100g,False,zehrs,0.0067,g,10.00
meat,Johnsonville,"Smoked Sausage, Buffalo Cheese","JohnsonvilleSmoked Sausage, Buffalo Cheese375 g",$6.49ea,,$1.73/ 100g,False,zehrs,0.0173,g,6.49
meat,President's Choice,Free From Angus Beef Burger,President's ChoiceFree From Angus Beef Burger1.02 kg,$14.99ea,,$1.47/ 100g,False,zehrs,0.0147,g,14.99
meat,President's Choice,Gochujang Sweet & Spicy Chicken Bites,President's ChoiceGochujang Sweet & Spicy Chicken Bites700 g,$15.99ea,,$2.28/ 100g,False,zehrs,0.022799999999999997,g,15.99
meat,No Name,Beef Burger 4 Oz,No NameBeef Burger 4 Oz1.36 kg,$13.99ea,,$1.03/ 100g,False,zehrs,0.0103,g,13.99
meat,PC Blue Menu,Italian Beef Meatballs,PC Blue MenuItalian Beef Meatballs907 g,$17.49ea,,$1.93/ 100g,False,zehrs,0.019299999999999998,g,17.49
meat,President's Choice,Original Smokies,President's ChoiceOriginal Smokies1 kg,$14.29ea,,$1.43/ 100g,False,zehrs,0.0143,g,14.29
meat,No Name,Salt & Pepper Chicken Wings,No NameSalt & Pepper Chicken Wings908 g,$12.99ea,,$1.43/ 100g,False,zehrs,0.0143,g,12.99
meat,Maple Leaf,Natural Smoked Black Forest Ham,Maple LeafNatural Smoked Black Forest Ham600 g,$7.99ea,,$1.33/ 100g,False,zehrs,0.013300000000000001,g,7.99
meat,Butcher's Choice,"BBQ Beef Burgers, Hickory Flavour","Butcher's ChoiceBBQ Beef Burgers, Hickory Flavour1.13 kg",$16.99ea,,$1.50/ 100g,False,zehrs,0.015,g,16.99
meat,President's Choice,Free From Smoked Ham,President's ChoiceFree From Smoked Ham700 g,$14.29ea,,$2.04/ 100g,False,zehrs,0.0204,g,14.29
meat,Butcher's Choice,Beef Burgers,Butcher's ChoiceBeef Burgers1.13 kg,$16.99ea,,$1.50/ 100g,False,zehrs,0.015,g,16.99
meat,Pinty's,"Chicken Wings, Honey Roasted Garlic","Pinty'sChicken Wings, Honey Roasted Garlic890 g",$21.99ea,,$2.47/ 100g,False,zehrs,0.024700000000000003,g,21.99
meat,Zabiha Halal, Corn Dog,Zabiha Halal Corn Dog1 kg,$11.99ea,,$1.20/ 100g,False,zehrs,0.012,g,11.99
meat,President's Choice,Free From Maple Flavoured Bacon,President's ChoiceFree From Maple Flavoured Bacon375 g,$8.49ea,$6.99ea,$1.86/ 100g,True,zehrs,0.018600000000000002,g,6.99
meat,,Lamb Rack Frenched Frozen,Lamb Rack Frenched Frozen,$24.48(est.)ea,,$50.69/ 1kg,False,zehrs,0.05069,g,24.48
meat,President's Choice,Free From Split Chicken Wings,President's ChoiceFree From Split Chicken Wings,$8.24(est.)ea,,$15.85/ 1kg,False,zehrs,0.01585,g,8.24
meat,Johnsonville,Ground Mild Italian Sausage,JohnsonvilleGround Mild Italian Sausage375 g,$6.99ea,,$1.86/ 100g,False,zehrs,0.018600000000000002,g,6.99
meat,President's Choice,"Free From Split Chicken Wings, Club Pack","President's ChoiceFree From Split Chicken Wings, Club Pack",$11.66(est.)ea,,$11.00/ 1kg,False,zehrs,0.011,g,11.66
meat,President's Choice,"Free From Chicken Drumsticks, Tray Pack","President's ChoiceFree From Chicken Drumsticks, Tray Pack",$6.42(est.)ea,,$11.88/ 1kg,False,zehrs,0.01188,g,6.42
meat,Johnsonville,Original Bratwurst Sausage,JohnsonvilleOriginal Bratwurst Sausage500 g,$7.49ea,,$1.50/ 100g,False,zehrs,0.015,g,7.49
meat,President's Choice,"Air Chilled Chicken Drumsticks, 8-Pack","President's ChoiceAir Chilled Chicken Drumsticks, 8-Pack1 ea",$10.00ea,,$10.00/ 1ea,False,zehrs,10.0,,10.00
meat,President's Choice,Thick & Juicy™ Chicken Burgers ,President's ChoiceThick & Juicy™ Chicken Burgers 1.13 kg,$14.99ea,,$1.33/ 100g,False,zehrs,0.013300000000000001,g,14.99
meat,Johnsonville,"Smoked Sausage, Cheddar","JohnsonvilleSmoked Sausage, Cheddar375 g",$6.49ea,,$1.73/ 100g,False,zehrs,0.0173,g,6.49
meat,Lesters,Wieners Hot Dog Jumbo,LestersWieners Hot Dog Jumbo450 g,$4.49ea,,$1.00/ 100g,False,zehrs,0.01,g,4.49
meat,President's Choice,Free From Wieners,President's ChoiceFree From Wieners375 g,$5.99ea,,$1.60/ 100g,False,zehrs,0.016,g,5.99
meat,Maple Lodge Farms LT,Chicken Bacon-Style,Maple Lodge Farms LTChicken Bacon-Style375 g,$6.99ea,,$1.86/ 100g,False,zehrs,0.018600000000000002,g,6.99
meat,President's Choice,"Plant Based Veggie Bites - Corn, Carrot & Kale  ","President's ChoicePlant Based Veggie Bites - Corn, Carrot & Kale  400 g",$6.99ea,,$1.75/ 100g,False,zehrs,0.0175,g,6.99
meat,No Name,"Fully Cooked, Breaded Chicken Nuggets Cutlettes","No NameFully Cooked, Breaded Chicken Nuggets Cutlettes908 g",$6.99ea,,$0.77/ 100g,False,zehrs,0.0077,g,6.99
meat,President's Choice,Gochujang Sweet & Spicy Chicken Wings,President's ChoiceGochujang Sweet & Spicy Chicken Wings907 g,$17.49ea,,$1.93/ 100g,False,zehrs,0.019299999999999998,g,17.49
meat,President's Choice,Free From Angus Beef Meatball,President's ChoiceFree From Angus Beef Meatball850 g,$17.49ea,,$2.06/ 100g,False,zehrs,0.0206,g,17.49
meat,,"Split Chicken Wings, Club Pack","Split Chicken Wings, Club Pack",$12.90(est.)ea,,$13.87/ 1kg,False,zehrs,0.013869999999999999,g,12.90
meat,,Veal Bottom Round Breaded Cutlet,Veal Bottom Round Breaded Cutlet,$4.84(est.)ea,,$17.61/ 1kg,False,zehrs,0.01761,g,4.84
meat,Johnsonville,Original Breakfast Sausage,JohnsonvilleOriginal Breakfast Sausage375 g,$6.99ea,,$1.86/ 100g,False,zehrs,0.018600000000000002,g,6.99
meat,,Veal Inside Scallopini,Veal Inside Scallopini,$4.91(est.)ea,,$17.61/ 1kg,False,zehrs,0.01761,g,4.91
meat,Johnsonville,Hot Italian Sausage,JohnsonvilleHot Italian Sausage500 g,$7.49ea,,$1.50/ 100g,False,zehrs,0.015,g,7.49
meat,President's Choice,"Free From Chicken Drumsticks, Club Pack","President's ChoiceFree From Chicken Drumsticks, Club Pack",$11.62(est.)ea,,$10.56/ 1kg,False,zehrs,0.01056,g,11.62
meat,Johnsonville,Maple Breakfast Sausage,JohnsonvilleMaple Breakfast Sausage375 g,$6.99ea,,$1.86/ 100g,False,zehrs,0.018600000000000002,g,6.99
meat,,Pork Tenderloin Pack of 2,Pork Tenderloin Pack of 2,$11.66(est.)ea,,$11.00/ 1kg,False,zehrs,0.011,g,11.66
meat,Janes,Chicken Wings Buffalo,JanesChicken Wings Buffalo660 g,$17.49ea,,$2.65/ 100g,False,zehrs,0.0265,g,17.49
meat,President's Choice,"Free From Chicken Thigh, Boneless, Skinless, Club Pack","President's ChoiceFree From Chicken Thigh, Boneless, Skinless, Club Pack",$23.85(est.)ea,,$20.04/ 1kg,False,zehrs,0.02004,g,23.85
meat,PC Blue Menu,Minced Turkey,PC Blue MenuMinced Turkey454 g,$7.00ea,,$1.54/ 100g,False,zehrs,0.0154,g,7.00
meat,Johnsonville,Mild Italian Sausage,JohnsonvilleMild Italian Sausage500 g,$7.49ea,,$1.50/ 100g,False,zehrs,0.015,g,7.49
meat,President's Choice,"Free From Chicken Breast, Boneless, Skinless, Club Pack","President's ChoiceFree From Chicken Breast, Boneless, Skinless, Club Pack",$24.28(est.)ea,,$22.91/ 1kg,False,zehrs,0.02291,g,24.28
meat,President's Choice,"Free From Split Chicken Breasts, Bone-in, Skin-on","President's ChoiceFree From Split Chicken Breasts, Bone-in, Skin-on",$11.10(est.)ea,,$15.85/ 1kg,False,zehrs,0.01585,g,11.10
meat,,Stewing Veal Boneless,Stewing Veal Boneless,$9.80(est.)ea,,$22.02/ 1kg,False,zehrs,0.022019999999999998,g,9.80
meat,President's Choice,"Free From Air Chilled Chicken Thighs, Club Pack","President's ChoiceFree From Air Chilled Chicken Thighs, Club Pack",$14.64(est.)ea,,$11.44/ 1kg,False,zehrs,0.011439999999999999,g,14.64
produce,,Avocados Bag,Avocados Bag1 bag,$4.99ea,,$1.00/ 1ea,False,zehrs,1.0,,4.99
produce,,Blueberries 1/2 pint,Blueberries 1/2 pint170 g,$3.99ea,,$2.35/ 100g,False,zehrs,0.0235,g,3.99
produce,Rooster,Garlic      ,RoosterGarlic      90 g,$1.49ea,,$0.50/ 1ea,False,zehrs,0.5,,1.49
produce,,Blueberries 1 pint,Blueberries 1 pint340 g,$4.99ea,,$1.47/ 100g,False,zehrs,0.0147,g,4.99
produce,Farmer's Market,Grape Tomatoes,Farmer's MarketGrape Tomatoes283 g,$4.99ea,,$1.76/ 100g,False,zehrs,0.0176,g,4.99
produce,Farmer's Market,Russet Potatoes,Farmer's MarketRusset Potatoes10 lb bag,$3.99ea,,$0.09/ 100g,False,zehrs,0.0009,g,3.99
produce,Farmer's Market,Mini Carrots,Farmer's MarketMini Carrots340 g,$2.29ea,,$0.67/ 100g,False,zehrs,0.0067,g,2.29
produce,President's Choice,Bay Leaf,President's ChoiceBay Leaf28 g,$2.99ea,,,False,zehrs,2.99,,2.99
produce,,"Steak and Egg Salad , Large","Steak and Egg Salad , Large698 g",$13.00ea,,$1.86/ 100g,False,zehrs,0.018600000000000002,g,13.00
produce,,Pumelo ,Pumelo 4.5 kg,$18.88ea,,$0.42/ 100g,False,zehrs,0.0042,g,18.88
produce,Sunrich,Apple Slices,SunrichApple Slices280 g,$4.99ea,,$1.78/ 100g,False,zehrs,0.0178,g,4.99
produce,President's Choice,Greek Vin Pouch 45Ml,President's ChoiceGreek Vin Pouch 45Ml45 ml,$0.59ea,,$1.31/ 100ml,False,zehrs,0.0131,ml,0.59
produce,,"Organic, Red Kale","Organic, Red Kale1 bunch",$4.99ea,,$1.10/ 100g,False,zehrs,0.011000000000000001,g,4.99
produce,,Radicchio Treviso,Radicchio Treviso,$11.00/1 kg,,$1.10/ 100g,False,zehrs,0.011000000000000001,g,11.00
produce,President's Choice,Mixed Nuts in Shell,President's ChoiceMixed Nuts in Shell0.907 kg,$7.96ea,,$0.88/ 100g,False,zehrs,0.0088,g,7.96
produce,,Premium Taco Salad,Premium Taco Salad326 g,$9.00ea,,$2.43/ 100g,False,zehrs,0.024300000000000002,g,9.00
produce,Greenhouse,Lime Lemongrass Organic Kombucha,GreenhouseLime Lemongrass Organic Kombucha1000 ml,$8.99ea,,$0.90/ 100ml,False,zehrs,0.009000000000000001,ml,8.99
produce,President's Choice,Mixed Little Gems,President's ChoiceMixed Little Gems0.68 kg,$3.99ea,,$0.59/ 100g,False,zehrs,0.0059,g,3.99
produce,Farmer's Market,Red Potatoes 10lb Bag,Farmer's MarketRed Potatoes 10lb Bag10 lb bag,$6.99ea,,$0.15/ 100g,False,zehrs,0.0015,g,6.99
produce,Marzetti,Marzetti Chocolate Dip 250g,MarzettiMarzetti Chocolate Dip 250g250 g,$5.99ea,,$2.40/ 100g,False,zehrs,0.024,g,5.99
produce,President's Choice,Spring Mix,President's ChoiceSpring Mix0.142 kg,$4.99ea,,$3.51/ 100g,False,zehrs,0.0351,g,4.99
produce,PC Organics,Organic Garlic,PC OrganicsOrganic Garlic115 g,$3.99ea,,$3.47/ 100g,False,zehrs,0.0347,g,3.99
produce,,Yu Choy Sum,Yu Choy Sum,$5.15(est.)ea,,$7.69/ 1kg,False,zehrs,0.007690000000000001,g,5.15
produce,Greenhouse,Kombucha Ultraviolet Organic    ,GreenhouseKombucha Ultraviolet Organic    340 ml,$4.50ea,,$1.32/ 100ml,False,zehrs,0.0132,ml,4.50
produce,Renees,Mighty Caesar Dressing,ReneesMighty Caesar Dressing42 g,$0.59ea,,$1.40/ 100g,False,zehrs,0.013999999999999999,g,0.59
produce,,Black Plums,Black Plums,$0.88(est.)ea,,$8.80/ 1kg,False,zehrs,0.0088,g,0.88
produce,Dole,Chop Chop Kit Teriyaki Pineapple,DoleChop Chop Kit Teriyaki Pineapple276 g,$6.99ea,,$2.53/ 100g,False,zehrs,0.0253,g,6.99
produce,Greenhouse,Ultraviolet Organic Kombucha,GreenhouseUltraviolet Organic Kombucha1000 ml,$8.99ea,,$0.90/ 100ml,False,zehrs,0.009000000000000001,ml,8.99
produce,Gourmet Garden,Lemongrass Stir-In Paste,Gourmet GardenLemongrass Stir-In Paste115 g,$5.99ea,,$5.21/ 100g,False,zehrs,0.0521,g,5.99
produce,,Papaya,Papaya,$5.71(est.)ea,,$4.39/ 1kg,False,zehrs,0.00439,g,5.71
produce,PC Organics,"Organic Avocados, Bag","PC OrganicsOrganic Avocados, Bag3 pack",$6.99ea,,$2.33/ 1ea,False,zehrs,2.33,,6.99
produce,PC Organics,Organic Sweet Potatoes 3lb Bag,PC OrganicsOrganic Sweet Potatoes 3lb Bag3 lb bag,$7.99ea,,$0.59/ 100g,False,zehrs,0.0059,g,7.99
produce,,"Ugrogreens, Sandwich Supreme Microgreens Kit","Ugrogreens, Sandwich Supreme Microgreens Kit0.15 kg",$9.99ea,,$9.99/ 1ea,False,zehrs,9.99,,9.99
produce,Taylor Farms,Broccoli Crunch Salad Kit,Taylor FarmsBroccoli Crunch Salad Kit360 g,$6.99ea,,$1.94/ 100g,False,zehrs,0.0194,g,6.99
produce,,Cubed Butternut Squash,Cubed Butternut Squash602 g,$5.00ea,,$0.83/ 100g,False,zehrs,0.0083,g,5.00
produce,,Large Chestnuts,Large Chestnuts,$0.99/50 g,,$1.98/ 100g,False,zehrs,0.019799999999999998,g,0.99
produce,,Long Beans,Long Beans,$0.55/50 g,,$1.10/ 100g,False,zehrs,0.011000000000000001,g,0.55
produce,,Lunch Size Veg and Dip 600G,Lunch Size Veg and Dip 600G1 kg,$8.00ea,,$1.33/ 100g,False,zehrs,0.013300000000000001,g,8.00
produce,Greenhouse,Ginger Beer,GreenhouseGinger Beer340 ml,$4.50ea,,$1.32/ 100ml,False,zehrs,0.0132,ml,4.50
produce,,Clementine Stem & Leaf,Clementine Stem & Leaf,$1.04(est.)ea,,$9.90/ 1kg,False,zehrs,0.0099,g,1.04
produce,,Beta Sweet Carrots,Beta Sweet Carrots1 bunch,$5.99ea,,$5.99/ 1ea,False,zehrs,5.99,,5.99
produce,President's Choice,Spring Mix,President's ChoiceSpring Mix0.312 kg,$6.99ea,,$2.24/ 100g,False,zehrs,0.022400000000000003,g,6.99
produce,,Golden Figs,Golden Figs227 g,$4.99ea,,$2.20/ 100g,False,zehrs,0.022000000000000002,g,4.99
produce,Greenhouse,Lime Herbal Kombucha,GreenhouseLime Herbal Kombucha340 ml,$4.50ea,,$1.32/ 100ml,False,zehrs,0.0132,ml,4.50
produce,,Strawberries 2LB,Strawberries 2LB907 g,$8.99ea,,$0.99/ 100g,False,zehrs,0.009899999999999999,g,8.99
produce,Marzetti,Southwest Ranch Veggie Dip,MarzettiSouthwest Ranch Veggie Dip85 g,$1.49ea,,$1.75/ 100g,False,zehrs,0.0175,g,1.49
produce,,Platter Veggie Small,Platter Veggie Small850 g,$14.00ea,,$1.61/ 100g,False,zehrs,0.0161,g,14.00
produce,,Honey Pitted Dates,Honey Pitted Dates350 g,$4.99ea,,$1.43/ 100g,False,zehrs,0.0143,g,4.99
produce,President's Choice,Thyme ,President's ChoiceThyme 28 g,$2.99ea,,,False,zehrs,2.99,,2.99
produce,Greenhouse,"Raw, Organic Juice Genius","GreenhouseRaw, Organic Juice Genius300 ml",$7.99ea,,$2.66/ 100ml,False,zehrs,0.026600000000000002,ml,7.99
produce,PC Organics,Organic Thyme,PC OrganicsOrganic Thyme20 g,$2.99ea,,,False,zehrs,2.99,,2.99
produce,PC Blue Menu,Unsalted California Pistachios ,PC Blue MenuUnsalted California Pistachios 454 g,$9.99ea,,$2.20/ 100g,False,zehrs,0.022000000000000002,g,9.99
produce,,Beta Sweet Carrots,Beta Sweet Carrots1 bunch,$5.99ea,,$5.99/ 1ea,False,zehrs,5.99,,5.99
produce,President's Choice,Spring Mix,President's ChoiceSpring Mix0.312 kg,$6.99ea,,$2.24/ 100g,False,zehrs,0.022400000000000003,g,6.99
produce,,Golden Figs,Golden Figs227 g,$4.99ea,,$2.20/ 100g,False,zehrs,0.022000000000000002,g,4.99
produce,,Coloured Carrots,Coloured Carrots454 g,$3.49ea,,$0.77/ 100g,False,zehrs,0.0077,g,3.49
produce,,SweeTango Apples,SweeTango Apples,$1.15(est.)ea,,$5.49/ 1kg,False,zehrs,0.00549,g,1.15
produce,,Premium Chicken BLT,Premium Chicken BLT340 g,$9.00ea,,$2.69/ 100g,False,zehrs,0.0269,g,9.00
produce,,Lady Alice Apples,Lady Alice Apples,$1.54(est.)ea,,$7.69/ 1kg,False,zehrs,0.007690000000000001,g,1.54
produce,,Strawberries 2LB,Strawberries 2LB907 g,$8.99ea,,$0.99/ 100g,False,zehrs,0.009899999999999999,g,8.99
produce,Paramount,"Pistachios, Salt & Pepper","ParamountPistachios, Salt & Pepper200 g",$5.99ea,,$3.00/ 100g,False,zehrs,0.03,g,5.99
produce,Gourmet Garden,Chunky Garlic Stir-In Paste,Gourmet GardenChunky Garlic Stir-In Paste115 g,$5.99ea,,$5.21/ 100g,False,zehrs,0.0521,g,5.99
produce,,Apricots,Apricots,$0.77(est.)ea,,$11.00/ 1kg,False,zehrs,0.011,g,0.77
produce,,Organic Grapefruit,Organic Grapefruit907 ea,$7.99ea,,$0.88/ 100g,False,zehrs,0.0088,g,7.99
produce,POM Wonderful,"Pomegranate, Fresh Arils","POM WonderfulPomegranate, Fresh Arils227 g",$9.99ea,,$4.40/ 100g,False,zehrs,0.044000000000000004,g,9.99
produce,Marzetti,Southwest Ranch Veggie Dip,MarzettiSouthwest Ranch Veggie Dip85 g,$1.49ea,,$1.75/ 100g,False,zehrs,0.0175,g,1.49
produce,,Long Beans,Long Beans,$0.55/50 g,,$1.10/ 100g,False,zehrs,0.011000000000000001,g,0.55
produce,,Lunch Size Veg and Dip 600G,Lunch Size Veg and Dip 600G1 kg,$8.00ea,,$1.33/ 100g,False,zehrs,0.013300000000000001,g,8.00
produce,,Carrots & Celery ,Carrots & Celery 240 g,$4.00ea,,$1.67/ 100g,False,zehrs,0.0167,g,4.00
produce,,Romaine Salad Family Size,Romaine Salad Family Size1 kg,$15.00ea,,$1.50/ 100g,False,zehrs,0.015,g,15.00
produce,Renees,Mighty Caesar Dressing,ReneesMighty Caesar Dressing42 g,$0.59ea,,$1.40/ 100g,False,zehrs,0.013999999999999999,g,0.59
produce,,Black Plums,Black Plums,$0.88(est.)ea,,$8.80/ 1kg,False,zehrs,0.0088,g,0.88
produce,Dole,Chop Chop Kit Teriyaki Pineapple,DoleChop Chop Kit Teriyaki Pineapple276 g,$6.99ea,,$2.53/ 100g,False,zehrs,0.0253,g,6.99
produce,Greenhouse,Kombucha Ultraviolet Organic    ,GreenhouseKombucha Ultraviolet Organic    340 ml,$4.50ea,,$1.32/ 100ml,False,zehrs,0.0132,ml,4.50
produce,Gourmet Garden,Lemongrass Stir-In Paste,Gourmet GardenLemongrass Stir-In Paste115 g,$5.99ea,,$5.21/ 100g,False,zehrs,0.0521,g,5.99
produce,,Cubed Butternut Squash,Cubed Butternut Squash602 g,$5.00ea,,$0.83/ 100g,False,zehrs,0.0083,g,5.00
produce,Taylor Farms,Broccoli Crunch Salad Kit,Taylor FarmsBroccoli Crunch Salad Kit360 g,$6.99ea,,$1.94/ 100g,False,zehrs,0.0194,g,6.99
produce,Bolthouse,Blue Goodness,BolthouseBlue Goodness946 ml,$6.99ea,,$0.74/ 100ml,False,zehrs,0.0074,ml,6.99
produce,Greenhouse,Ginger Beer,GreenhouseGinger Beer340 ml,$4.50ea,,$1.32/ 100ml,False,zehrs,0.0132,ml,4.50
produce,,Clementine Stem & Leaf,Clementine Stem & Leaf,$1.04(est.)ea,,$9.90/ 1kg,False,zehrs,0.0099,g,1.04
produce,,Fresh Orange Juice,Fresh Orange Juice473 ml,$6.00ea,,$1.27/ 100ml,False,zehrs,0.0127,ml,6.00
produce,No Name,Naturally Imperfect Avocados,No NameNaturally Imperfect Avocados3 lb bag,$7.99ea,,$0.59/ 100g,False,zehrs,0.0059,g,7.99
produce,,Fresh Orange Juice,Fresh Orange Juice1.5 l,$15.00ea,,$1.00/ 100ml,False,zehrs,0.01,ml,15.00
produce,,Taiwanese Flat Cabbage,Taiwanese Flat Cabbage,$4.96(est.)ea,,$4.39/ 1kg,False,zehrs,0.00439,g,4.96
produce,,Pummelos,Pummelos1 ea,$3.99ea,$2.88ea,$2.88/ 1ea,True,zehrs,2.88,,2.88
produce,PC Organics,Granny Smith Apples 3Lb Bag,PC OrganicsGranny Smith Apples 3Lb Bag3 lb bag,$9.99ea,,$0.73/ 100g,False,zehrs,0.0073,g,9.99
produce,Loop,Cold-Pressed Juice Better Together Grapefruit Orange Ginger,LoopCold-Pressed Juice Better Together Grapefruit Orange Ginger947 ml,$8.99ea,,$0.90/ 100ml,False,zehrs,0.009000000000000001,ml,8.99
produce,POM Wonderful,100% Pomegranate Juice,POM Wonderful100% Pomegranate Juice1.4 l,$14.99ea,,$1.07/ 100ml,False,zehrs,0.010700000000000001,ml,14.99
produce,Greenhouse,"Raw, Organic Juice the Good","GreenhouseRaw, Organic Juice the Good300 ml",$7.99ea,,$2.66/ 100ml,False,zehrs,0.026600000000000002,ml,7.99
produce,Bolthouse,"Juice, 100% Pomegranate","BolthouseJuice, 100% Pomegranate1.54 l",$12.99ea,,$0.84/ 100ml,False,zehrs,0.0084,ml,12.99
produce,Remedy,Organic Mango Passionfruit Kombucha,RemedyOrganic Mango Passionfruit Kombucha700 ml,$4.99ea,,$0.71/ 100ml,False,zehrs,0.0070999999999999995,ml,4.99
produce,President's Choice,Mixed Greens,President's ChoiceMixed Greens0.34 kg,$4.49ea,,$1.32/ 100g,False,zehrs,0.0132,g,4.49
produce,Remedy,Peach Kombucha,RemedyPeach Kombucha700 ml,$4.99ea,,$0.71/ 100ml,False,zehrs,0.0070999999999999995,ml,4.99
produce,Loop,Cold-Pressed Juice Magic Sip,LoopCold-Pressed Juice Magic Sip1000 ml,$8.99ea,,$8.99/ 100ml,False,zehrs,0.08990000000000001,ml,8.99
produce,Taylor Farms,Guacamole Crunch Chopped Salad Kit,Taylor FarmsGuacamole Crunch Chopped Salad Kit319 g,$6.99ea,,$2.19/ 100g,False,zehrs,0.0219,g,6.99
produce,President's Choice,Vegetable Medley,President's ChoiceVegetable Medley340 g,$5.49ea,,$1.61/ 100g,False,zehrs,0.0161,g,5.49
produce,President's Choice,Mixed Greens,President's ChoiceMixed Greens0.34 kg,$4.49ea,,$1.32/ 100g,False,zehrs,0.0132,g,4.49
produce,Renees,Dill Refrigerated Dip,ReneesDill Refrigerated Dip283 g,$5.99ea,,$2.12/ 100g,False,zehrs,0.0212,g,5.99
produce,PC Organics,Baby Spinach,PC OrganicsBaby Spinach142 g,$5.99ea,,$4.22/ 100g,False,zehrs,0.042199999999999994,g,5.99
produce,Remedy,Peach Kombucha,RemedyPeach Kombucha700 ml,$4.99ea,,$0.71/ 100ml,False,zehrs,0.0070999999999999995,ml,4.99
produce,Loop,Cold-Pressed Juice Magic Sip,LoopCold-Pressed Juice Magic Sip1000 ml,$8.99ea,,$8.99/ 100ml,False,zehrs,0.08990000000000001,ml,8.99
produce,Taylor Farms,Guacamole Crunch Chopped Salad Kit,Taylor FarmsGuacamole Crunch Chopped Salad Kit319 g,$6.99ea,,$2.19/ 100g,False,zehrs,0.0219,g,6.99
produce,President's Choice,Vegetable Medley,President's ChoiceVegetable Medley340 g,$5.49ea,,$1.61/ 100g,False,zehrs,0.0161,g,5.49
produce,President's Choice,Salad Kit Chopped Sesame Wonton ,President's ChoiceSalad Kit Chopped Sesame Wonton 347 g,$6.99ea,,$2.01/ 100g,False,zehrs,0.020099999999999996,g,6.99
produce,President's Choice,Live Lettuce Boston,President's ChoiceLive Lettuce Boston1 ea,$2.99ea,,$2.99/ 1ea,False,zehrs,2.99,,2.99
produce,Bolthouse,Green Goodness,BolthouseGreen Goodness450 ml,$5.49ea,,$1.22/ 100ml,False,zehrs,0.012199999999999999,ml,5.49
produce,PC Organics,Organics Whole Cremini Mushrooms,PC OrganicsOrganics Whole Cremini Mushrooms227 g,$3.69ea,,$1.63/ 100g,False,zehrs,0.0163,g,3.69
produce,,"Red Bananas, Bunch","Red Bananas, Bunch",$3.25(est.)ea,,$4.39/ 1kg,False,zehrs,0.00439,g,3.25
produce,,Cotton Candy grapes,Cotton Candy grapes454 g,$6.99ea,,$1.54/ 100g,False,zehrs,0.0154,g,6.99
produce,GoodLeaf,Good Leaf Baby Arugula,GoodLeafGood Leaf Baby Arugula142 g,$5.99ea,,$4.22/ 100g,False,zehrs,0.042199999999999994,g,5.99
produce,,"Harvest Mix (Snap Peas, Baby Carrots, Broccoli Crowns, Cauliflower Florets)","Harvest Mix (Snap Peas, Baby Carrots, Broccoli Crowns, Cauliflower Florets)392 g",$7.00ea,,$1.79/ 100g,False,zehrs,0.0179,g,7.00
produce,,Bard Valley Natural Delights Pitted Medjool Dates,Bard Valley Natural Delights Pitted Medjool Dates340 g,$9.99ea,,$2.94/ 100g,False,zehrs,0.0294,g,9.99
produce,,"Ugrogreens, Alfalfa Microgreen Kit","Ugrogreens, Alfalfa Microgreen Kit0.15 kg",$9.99ea,,$9.99/ 1ea,False,zehrs,9.99,,9.99
produce,,Mini Medjools Sweet & Salty Almond,Mini Medjools Sweet & Salty Almond340 g,$7.99ea,,$2.35/ 100g,False,zehrs,0.0235,g,7.99
produce,PC Organics,Organics Whole Oyster Mushrooms,PC OrganicsOrganics Whole Oyster Mushrooms100 g,$3.99ea,,$3.99/ 100g,False,zehrs,0.039900000000000005,g,3.99
produce,,"Chinese Carrots, Jumbo","Chinese Carrots, Jumbo",$3.26(est.)ea,,$4.39/ 1kg,False,zehrs,0.00439,g,3.26
produce,,Petite Carrots,Petite Carrots340 g,$3.49ea,,$1.03/ 100g,False,zehrs,0.0103,g,3.49
produce,,"Manzano Bananas, Bunch","Manzano Bananas, Bunch",$3.78(est.)ea,,$3.94/ 1kg,False,zehrs,0.00394,g,3.78
produce,President's Choice,Mixed Nuts,President's ChoiceMixed Nuts0.454 kg,$2.96ea,,$0.65/ 100g,False,zehrs,0.006500000000000001,g,2.96
produce,,Steak and Egg Salad Family Size,Steak and Egg Salad Family Size1.06 kg,$19.00ea,,$1.79/ 100g,False,zehrs,0.0179,g,19.00
produce,Aurora,Sundried Tomatoes,AuroraSundried Tomatoes85 g,$2.99ea,,$3.32/ 100g,False,zehrs,0.0332,g,2.99
produce,President's Choice,Anaheim Hot Peppers,President's ChoiceAnaheim Hot Peppers170 g,$5.99ea,,$3.52/ 100g,False,zehrs,0.0352,g,5.99
produce,,D'Anjou Pears,D'Anjou Pears,$1.85(est.)ea,,$7.69/ 1kg,False,zehrs,0.007690000000000001,g,1.85
produce,PC Blue Menu,Blue Menu Unsalted Virginia Peanuts,PC Blue MenuBlue Menu Unsalted Virginia Peanuts454 g,$3.99ea,,$0.88/ 100g,False,zehrs,0.0088,g,3.99
produce,,Pineapple Cubed Large,Pineapple Cubed Large1 kg,$10.00ea,,$1.29/ 100g,False,zehrs,0.0129,g,10.00
produce,Marzetti,Chocolate Dip Original,MarzettiChocolate Dip Original100 g,$1.50ea,,$1.50/ 100g,False,zehrs,0.015,g,1.50
produce,,Heirloom Ontario Garlic,Heirloom Ontario Garlic115 g,$3.49ea,,$3.03/ 100g,False,zehrs,0.030299999999999997,g,3.49
produce,Dole,Chop Chop Kit Tropical Thai,DoleChop Chop Kit Tropical Thai258 g,$6.99ea,,$2.61/ 100g,False,zehrs,0.026099999999999998,g,6.99
produce,President's Choice,Green Thai Hot Peppers,President's ChoiceGreen Thai Hot Peppers75 g,$5.99ea,,$7.99/ 100g,False,zehrs,0.0799,g,5.99
produce,President's Choice,Chopped Mexican Style Street Corn Salad Kit,President's ChoiceChopped Mexican Style Street Corn Salad Kit285 g,$6.99ea,,$2.45/ 100g,False,zehrs,0.0245,g,6.99
produce,PC Organics,Honeycrisp Apples 3Lb Bag,PC OrganicsHoneycrisp Apples 3Lb Bag1.36 kg,$12.99ea,,$0.96/ 100g,False,zehrs,0.0096,g,12.99
produce,,Jicama,Jicama,$5.87(est.)ea,,$5.49/ 1kg,False,zehrs,0.00549,g,5.87
produce,,Cooking Spinach,Cooking Spinach227 g,$3.99ea,,$1.76/ 100g,False,zehrs,0.0176,g,3.99
produce,,Organic Green Cabbage,Organic Green Cabbage,$7.68(est.)ea,,$4.39/ 1kg,False,zehrs,0.00439,g,7.68
produce,Greenhouse,Organic Shake Vanilla Almond Brekky,GreenhouseOrganic Shake Vanilla Almond Brekky300 ml,$7.99ea,,$2.66/ 100g,False,zehrs,0.026600000000000002,g,7.99
produce,,Cubed Sweet Potato,Cubed Sweet Potato602 g,$5.00ea,,$0.83/ 100g,False,zehrs,0.0083,g,5.00
produce,President's Choice,Sweet Baby Lettuce,President's ChoiceSweet Baby Lettuce142 g,$4.99ea,,$3.51/ 100g,False,zehrs,0.0351,g,4.99
produce,PC Organics,Organic Beefsteak Red Tomato,PC OrganicsOrganic Beefsteak Red Tomato,$2.97(est.)ea,,$11.00/ 1kg,False,zehrs,0.011,g,2.97
produce,, Strawberry Limeade, Strawberry Limeade4x355.0 ml,$10.99ea,,$3.10/ 100ml,False,zehrs,0.031,ml,10.99
produce,7D,Dried Mangos,7DDried Mangos140 g,$9.99ea,,$7.14/ 100g,False,zehrs,0.07139999999999999,g,9.99
produce,PC Organics,Organic Fuji Apples,PC OrganicsOrganic Fuji Apples3 lb bag,$9.99ea,,$0.73/ 100g,False,zehrs,0.0073,g,9.99
produce,Manns,Snap Peas,MannsSnap Peas227 g,$5.49ea,,$2.42/ 100g,False,zehrs,0.0242,g,5.49
produce,PC Organics,Organic Peppers,PC OrganicsOrganic Peppers2 pack,$6.99ea,,$3.50/ 1ea,False,zehrs,3.5,,6.99
produce,,Japanese Yams,Japanese Yams,$6.26(est.)ea,,$6.59/ 1kg,False,zehrs,0.0065899999999999995,g,6.26
produce,Bolthouse,Berry Boost Juice,BolthouseBerry Boost Juice450 ml,$5.49ea,,$1.22/ 100ml,False,zehrs,0.012199999999999999,ml,5.49
produce,,Organic Pink Grapefruit Smoothie,Organic Pink Grapefruit Smoothie355 ml,$3.99ea,,$1.12/ 100ml,False,zehrs,0.011200000000000002,ml,3.99
produce,,"Chanterelle Mushrooms, Dried","Chanterelle Mushrooms, Dried14 g",$5.49ea,,$39.21/ 100g,False,zehrs,0.3921,g,5.49
produce,GoodLeaf,Ontario Baby Spinach,GoodLeafOntario Baby Spinach142 g,$5.99ea,,$4.22/ 100g,False,zehrs,0.042199999999999994,g,5.99
produce,President's Choice,Bacon Caesar Chop Salad Kit,President's ChoiceBacon Caesar Chop Salad Kit326 g,$6.99ea,,$2.14/ 100g,False,zehrs,0.021400000000000002,g,6.99
produce,,Golden Delicious Apples,Golden Delicious Apples,$1.21(est.)ea,,$5.49/ 1kg,False,zehrs,0.00549,g,1.21
produce,,Carrots & Cucumber ,Carrots & Cucumber 255 g,$4.00ea,,$1.57/ 100g,False,zehrs,0.015700000000000002,g,4.00
produce,No Name,"Roasted Peanuts, No Salt","No NameRoasted Peanuts, No Salt907 g",$6.99ea,,$0.77/ 100g,False,zehrs,0.0077,g,6.99
produce,,Jazz Apples,Jazz Apples,$1.61(est.)ea,,$7.69/ 1kg,False,zehrs,0.007690000000000001,g,1.61
produce,,Jamaican Pumpkin,Jamaican Pumpkin,$6.59(est.)ea,,$4.39/ 1kg,False,zehrs,0.00439,g,6.59
produce,President's Choice,Creamy Greek Pouch 44Ml,President's ChoiceCreamy Greek Pouch 44Ml44 ml,$0.59ea,,$1.34/ 100ml,False,zehrs,0.0134,ml,0.59
produce,,"Ugrogreens, Basil Microgreen Kit","Ugrogreens, Basil Microgreen Kit0.15 kg",$9.99ea,,$9.99/ 1ea,False,zehrs,9.99,,9.99
produce,,"Wonderful Pistachios, Shelled","Wonderful Pistachios, Shelled170 g",$8.99ea,,$5.29/ 100g,False,zehrs,0.0529,g,8.99
produce,Taylor Farms,"Chopped Salad Kit, Steakhouse","Taylor FarmsChopped Salad Kit, Steakhouse365 g",$6.99ea,,$1.92/ 100g,False,zehrs,0.0192,g,6.99
produce,Farmer's Market,Honeycrisp Apples,Farmer's MarketHoneycrisp Apples4 lb bag,$12.99ea,,$0.72/ 100g,False,zehrs,0.0072,g,12.99
produce,,Greenbelt Organic Fresh Mix,Greenbelt Organic Fresh Mix0.142 kg,$5.99ea,,$4.22/ 100g,False,zehrs,0.042199999999999994,g,5.99
produce,,Gold Cored Pineapple,Gold Cored Pineapple0.6 kg,$5.99ea,,$1.00/ 100g,False,zehrs,0.01,g,5.99
produce,President's Choice,Cauliflower Slaw,President's ChoiceCauliflower Slaw0.34 kg,$4.49ea,,$1.32/ 100g,False,zehrs,0.0132,g,4.49
produce,President's Choice,Salted California Pistachios,President's ChoiceSalted California Pistachios454 g,$9.99ea,,$2.20/ 100g,False,zehrs,0.022000000000000002,g,9.99
produce,,Black Figs,Black Figs1 ea,$1.99ea,,$1.99/ 1ea,False,zehrs,1.99,,1.99
produce,,Mini Greek Salad,Mini Greek Salad155 g,$5.00ea,,$3.23/ 100g,False,zehrs,0.0323,g,5.00
produce,,Hami Melons,Hami Melons,$14.75(est.)ea,,$5.05/ 1kg,False,zehrs,0.00505,g,14.75
produce,,Santa Claus Melons,Santa Claus Melons,$10.44(est.)ea,,$5.49/ 1kg,False,zehrs,0.00549,g,10.44
produce,President's Choice,"Live Lettuce Red/Green, 2-pack","President's ChoiceLive Lettuce Red/Green, 2-pack1 ea",$5.49ea,,$5.49/ 1ea,False,zehrs,5.49,,5.49
produce,,Snack  Platter,Snack  Platter380 g,$8.00ea,,$2.11/ 100g,False,zehrs,0.021099999999999997,g,8.00
produce,Farmer's Market,Red Onions,Farmer's MarketRed Onions3 lb bag,$4.99ea,,$0.37/ 100g,False,zehrs,0.0037,g,4.99
produce,,"Black Figs, Case","Black Figs, Case1 ea",$11.99c01,,$11.99/ 1ea,False,zehrs,11.99,,11.99
produce,Farmer's Market,Yellow Potato 10lb Bag,Farmer's MarketYellow Potato 10lb Bag10 lb bag,$6.99ea,,$0.15/ 100g,False,zehrs,0.0015,g,6.99
produce,,Organic Dried Apricots,Organic Dried Apricots250 g,$5.99ea,,$2.40/ 100g,False,zehrs,0.024,g,5.99
produce,,Nectarines,Nectarines,$1.54(est.)ea,,$11.00/ 1kg,False,zehrs,0.011,g,1.54
produce,Farmer's Market,Mango Red 3Ct,Farmer's MarketMango Red 3Ct3 ea,$4.99ea,,$1.66/ 1ea,False,zehrs,1.66,,4.99
produce,,Large House Cheddar Salad,Large House Cheddar Salad648 g,$12.00ea,,$1.85/ 100g,False,zehrs,0.018500000000000003,g,12.00
produce,,Chestnuts,Chestnuts454 g,$8.99ea,,$1.98/ 100g,False,zehrs,0.019799999999999998,g,8.99
produce,Paramount,Pistachios No Shells Honey Roasted,ParamountPistachios No Shells Honey Roasted155 g,$8.99ea,,$5.80/ 100g,False,zehrs,0.057999999999999996,g,8.99
produce,,Jamaican Ginger,Jamaican Ginger,$4.05(est.)ea,,$17.61/ 1kg,False,zehrs,0.01761,g,4.05
produce,,"Garlic, Peeled","Garlic, Peeled250 g",$3.49ea,,$1.40/ 100g,False,zehrs,0.013999999999999999,g,3.49
produce,President's Choice,Dill,President's ChoiceDill28 g,$2.99ea,,,False,zehrs,2.99,,2.99
produce,Paramount,"Pistachios, Roasted Salted","ParamountPistachios, Roasted Salted450 g",$11.99ea,,$2.66/ 100g,False,zehrs,0.026600000000000002,g,11.99
produce,,Radishes,Radishes1 bunch,$2.49ea,,$2.49/ 1ea,False,zehrs,2.49,,2.49
produce,,Greek Yogurt Parfait,Greek Yogurt Parfait290 g,$5.00ea,,$1.72/ 100g,False,zehrs,0.0172,g,5.00
produce,,Avocado Case,Avocado Case2 kg,$10.99ea,,$0.55/ 100g,False,zehrs,0.0055000000000000005,g,10.99
produce,Bolthouse,Strawberry Banana,BolthouseStrawberry Banana450 ml,$5.49ea,,$1.22/ 100ml,False,zehrs,0.012199999999999999,ml,5.49
produce,PC Organics,Romaine Lettuce Hearts,PC OrganicsRomaine Lettuce Hearts3 ea,$8.99ea,,$3.00/ 1ea,False,zehrs,3.0,,8.99
produce,,Castelfranco Radicchio Lettuce,Castelfranco Radicchio Lettuce,$3.30(est.)ea,,$11.00/ 1kg,False,zehrs,0.011,g,3.30
produce,,Frisee Lettuce 2-pack,Frisee Lettuce 2-pack200 g,$4.99ea,,$2.50/ 100g,False,zehrs,0.025,g,4.99
produce,President's Choice,"Meyer Lemon, 1lb","President's ChoiceMeyer Lemon, 1lb454 g",$5.99ea,,$1.32/ 100g,False,zehrs,0.0132,g,5.99
produce,President's Choice,Tarragon,President's ChoiceTarragon28 g,$2.99ea,,,False,zehrs,2.99,,2.99
produce,President's Choice,Finger Hot Hot Peppers,President's ChoiceFinger Hot Hot Peppers226 g,$5.99ea,,$2.65/ 100g,False,zehrs,0.0265,g,5.99
produce,Farmer's Market,Honeycrisp Apples,Farmer's MarketHoneycrisp Apples4 lb bag,$12.99ea,,$0.72/ 100g,False,zehrs,0.0072,g,12.99
produce,GoodLeaf,Ontario Baby Spinach,GoodLeafOntario Baby Spinach142 g,$5.99ea,,$4.22/ 100g,False,zehrs,0.042199999999999994,g,5.99
produce,President's Choice,"Live Lettuce Trio, 2-pack","President's ChoiceLive Lettuce Trio, 2-pack1 ea",$5.49ea,,$5.49/ 1ea,False,zehrs,5.49,,5.49
produce,,Frisee Lettuce 2-pack,Frisee Lettuce 2-pack200 g,$4.99ea,,$2.50/ 100g,False,zehrs,0.025,g,4.99
produce,,Greek Yogurt Parfait,Greek Yogurt Parfait290 g,$5.00ea,,$1.72/ 100g,False,zehrs,0.0172,g,5.00
produce,,Mini Greek Salad,Mini Greek Salad155 g,$5.00ea,,$3.23/ 100g,False,zehrs,0.0323,g,5.00
produce,,Nectarines,Nectarines,$1.54(est.)ea,,$11.00/ 1kg,False,zehrs,0.011,g,1.54
produce,President's Choice,"Meyer Lemon, 1lb","President's ChoiceMeyer Lemon, 1lb454 g",$5.99ea,,$1.32/ 100g,False,zehrs,0.0132,g,5.99
produce,President's Choice,"Live Lettuce Green, 2-pack","President's ChoiceLive Lettuce Green, 2-pack1 ea",$5.49ea,,$5.49/ 1ea,False,zehrs,5.49,,5.49
produce,Farmer's Market,Spartan Apples,Farmer's MarketSpartan Apples4 lb bag,$7.99ea,,$0.44/ 100g,False,zehrs,0.0044,g,7.99
produce,,Japanese Yams,Japanese Yams,$6.26(est.)ea,,$6.59/ 1kg,False,zehrs,0.0065899999999999995,g,6.26
produce,,Berry Berry Small,Berry Berry Small295 g,$6.00ea,,$0.60/ 100g,False,zehrs,0.006,g,6.00
produce,President's Choice,Apple Cider Vin Pouch 45 Ml,President's ChoiceApple Cider Vin Pouch 45 Ml45 ml,$0.59ea,,$1.31/ 100ml,False,zehrs,0.0131,ml,0.59
produce,PC Organics,Anjou Pears,PC OrganicsAnjou Pears3 lb bag,$9.99ea,,$0.73/ 100g,False,zehrs,0.0073,g,9.99
produce,,Dates Medjool,Dates Medjool907 g,$14.99ea,,$1.65/ 100g,False,zehrs,0.0165,g,14.99
produce,Greenhouse,"Raw, Organic Juice Deep Roots","GreenhouseRaw, Organic Juice Deep Roots300 ml",$7.99ea,,$2.66/ 100ml,False,zehrs,0.026600000000000002,ml,7.99
produce,Paramount,Pistachios No Shells Roasted Light Salt,ParamountPistachios No Shells Roasted Light Salt170 g,$8.99ea,,$5.29/ 100g,False,zehrs,0.0529,g,8.99
produce,President's Choice,Red Potatoes,President's ChoiceRed Potatoes5 lb bag,$5.99ea,,$0.26/ 100g,False,zehrs,0.0026,g,5.99
produce,PC Organics,Organic Honeycrisp Apples,PC OrganicsOrganic Honeycrisp Apples,$3.33(est.)ea,,$13.21/ 1kg,False,zehrs,0.013210000000000001,g,3.33
produce,Farmer's Market,Greenhouse Peppers,Farmer's MarketGreenhouse Peppers1 ea,$6.49ea,,$2.16/ 1ea,False,zehrs,2.16,,6.49
produce,,Turnips,Turnips,$2.50(est.)ea,,$6.59/ 1kg,False,zehrs,0.0065899999999999995,g,2.50
produce,,Red Anjou Pears,Red Anjou Pears,$1.54(est.)ea,,$6.59/ 1kg,False,zehrs,0.0065899999999999995,g,1.54
produce,President's Choice,Navel Oranges Cara Cara,President's ChoiceNavel Oranges Cara Cara3 lb bag,$7.99ea,,$0.59/ 100g,False,zehrs,0.0059,g,7.99
produce,,Premium Garden Vegetable With Cheese,Premium Garden Vegetable With Cheese218 g,$9.00ea,,$4.13/ 100g,False,zehrs,0.041299999999999996,g,9.00
produce,President's Choice,Live Lettuce Tri Mix - 1 Unit,President's ChoiceLive Lettuce Tri Mix - 1 Unit350 g,$3.99ea,,$3.99/ 1ea,False,zehrs,3.99,,3.99
produce,,Broccolini,Broccolini1 bunch,$3.99ea,,$3.99/ 1ea,False,zehrs,3.99,,3.99
produce,,Sweet Nantes Carrots,Sweet Nantes Carrots467 g,$3.49ea,,$0.75/ 100g,False,zehrs,0.0075,g,3.49
produce,President's Choice,White Potatoes,President's ChoiceWhite Potatoes5 lb bag,$5.49ea,,$0.24/ 100g,False,zehrs,0.0024,g,5.49
produce,,Pineapple Cubed Small,Pineapple Cubed Small350 kg,$6.00ea,,$0.60/ 100g,False,zehrs,0.006,g,6.00
produce,No Name,Naturally Imperfect Lemons 3lb Bag,No NameNaturally Imperfect Lemons 3lb Bag1.36 kg,$5.99ea,,$0.44/ 100g,False,zehrs,0.0044,g,5.99
produce,,"Juice- Apple, Carrot, Beet & Lemon","Juice- Apple, Carrot, Beet & Lemon1 ea",$13.00ea,,$13.00/ 1ea,False,zehrs,13.0,,13.00
produce,President's Choice,Fresh Poultry Herb Blend,President's ChoiceFresh Poultry Herb Blend28 g,$2.99ea,,,False,zehrs,2.99,,2.99
produce,PC Organics,Organic Peppers Mini 227G,PC OrganicsOrganic Peppers Mini 227G227 g,$5.99ea,,$2.64/ 100g,False,zehrs,0.0264,g,5.99
produce,,Roasted Corn & Pepper Quinoa,Roasted Corn & Pepper Quinoa,$9.20(est.)ea,,$21.90/ 1kg,False,zehrs,0.0219,g,9.20
produce,,Indian Okra,Indian Okra,$4.44(est.)ea,,$14.31/ 1kg,False,zehrs,0.01431,g,4.44
produce,,Galia Melons,Galia Melons1 ea,$5.99ea,,$5.99/ 1ea,False,zehrs,5.99,,5.99
produce,,Star Fruit,Star Fruit1 ea,$4.99ea,,$4.99/ 1ea,False,zehrs,4.99,,4.99
produce,GoodLeaf,Pea Shoots,GoodLeafPea Shoots50 g,$4.49ea,,$8.98/ 100g,False,zehrs,0.0898,g,4.49
produce,,Karela (1Pack),Karela (1Pack),$2.77(est.)ea,,$8.80/ 1kg,False,zehrs,0.0088,g,2.77
produce,Eat Smart,Sweet Kale Salad Kit,Eat SmartSweet Kale Salad Kit340 g,$6.49ea,,$1.91/ 100g,False,zehrs,0.0191,g,6.49
produce,President's Choice,Salted California Pistachios,President's ChoiceSalted California Pistachios225 g,$5.99ea,,$2.66/ 100g,False,zehrs,0.026600000000000002,g,5.99
produce,,Organic Green Dandelion,Organic Green Dandelion1 bunch,$3.99ea,,$3.99/ 1ea,False,zehrs,3.99,,3.99
produce,President's Choice,Mini Sweet Peppers,President's ChoiceMini Sweet Peppers454 g,$5.99ea,,$1.32/ 100g,False,zehrs,0.0132,g,5.99
produce,,"Southwestern Chicken Salad, Family Size","Southwestern Chicken Salad, Family Size1.47 kg",$17.00ea,,$1.23/ 100g,False,zehrs,0.0123,g,17.00
produce,PC Organics,Organics Baby Spinach,PC OrganicsOrganics Baby Spinach312 g,$7.99ea,,$2.56/ 100g,False,zehrs,0.0256,g,7.99
produce,PC Organics,Organic Roma Tomatoes,PC OrganicsOrganic Roma Tomatoes454 g,$5.99ea,,$1.32/ 100g,False,zehrs,0.0132,g,5.99
produce,PC Organics,Organic Lime,PC OrganicsOrganic Lime1 lb bag,$6.99ea,,$1.54/ 100g,False,zehrs,0.0154,g,6.99
produce,,"Spinach, Bunched","Spinach, Bunched1 ea",$2.99ea,,$2.99/ 1ea,False,zehrs,2.99,,2.99
produce,PC Organics,Organic Axiany Tomato,PC OrganicsOrganic Axiany Tomato255 g,$4.99ea,,$1.96/ 100g,False,zehrs,0.0196,g,4.99
produce,Paramount,No shell BBQ Pistachios,ParamountNo shell BBQ Pistachios155 g,$8.99ea,,$5.80/ 100g,False,zehrs,0.057999999999999996,g,8.99
produce,Love Beets,Organic Cooked Beets,Love BeetsOrganic Cooked Beets250 ea,$5.99ea,,$2.40/ 100g,False,zehrs,0.024,g,5.99
produce,Farmer's Market,Carrot Chips,Farmer's MarketCarrot Chips454 g,$2.99ea,,$0.66/ 100g,False,zehrs,0.0066,g,2.99
produce,,Medjool Dates,Medjool Dates454 g,$9.49ea,,$2.09/ 100g,False,zehrs,0.0209,g,9.49
produce,President's Choice,Poppyseed Pouch 44Ml,President's ChoicePoppyseed Pouch 44Ml44 ml,$0.59ea,,$1.34/ 100ml,False,zehrs,0.0134,ml,0.59
produce,Farmer's Market,Red Delicious Apples,Farmer's MarketRed Delicious Apples4 lb bag,$7.99ea,,$0.44/ 100g,False,zehrs,0.0044,g,7.99
produce,President's Choice,Creamy Golden Potatoes,President's ChoiceCreamy Golden Potatoes900 g,$3.99ea,,$0.44/ 100g,False,zehrs,0.0044,g,3.99
produce,Tiffany Gates,Classic Coleslaw,Tiffany GatesClassic Coleslaw,$21.90/1 kg,,$21.90/ 1kg,False,zehrs,0.0219,g,21.90
produce,,Premium Baby Spinach With Fruit & Nuts,Premium Baby Spinach With Fruit & Nuts296 g,$9.00ea,,$3.04/ 100g,False,zehrs,0.0304,g,9.00
produce,President's Choice,Kaki Persimmons,President's ChoiceKaki Persimmons1 ea,$2.99ea,,$2.99/ 1ea,False,zehrs,2.99,,2.99
produce,Wholly Guacamole,Chunky Bowl ,Wholly GuacamoleChunky Bowl 213 g,$5.99ea,,$2.81/ 100g,False,zehrs,0.0281,g,5.99
produce,,Granadilla,Granadilla1 ea,$2.99ea,,$2.99/ 1ea,False,zehrs,2.99,,2.99
produce,Bolthouse,Ginger Carrot Turmeric,BolthouseGinger Carrot Turmeric1540 ml,$9.99ea,,$0.65/ 100ml,False,zehrs,0.006500000000000001,ml,9.99
produce,PC Organics,Organics Baby Cut Carrots,PC OrganicsOrganics Baby Cut Carrots2 lb,$5.99ea,,$0.66/ 100g,False,zehrs,0.0066,g,5.99
produce,President's Choice,Southwest Salad Kit,President's ChoiceSouthwest Salad Kit369 g,$6.99ea,,$1.89/ 100g,False,zehrs,0.0189,g,6.99
produce,,Grilled Chicken Caesar Salad,Grilled Chicken Caesar Salad,$13.14(est.)ea,,$21.90/ 1kg,False,zehrs,0.0219,g,13.14
produce,PC Organics,Organic Bosc Pears,PC OrganicsOrganic Bosc Pears,$2.08(est.)ea,,$9.90/ 1kg,False,zehrs,0.0099,g,2.08
produce,,Honeydew Cubed Small,Honeydew Cubed Small320 g,$6.00ea,,$0.60/ 100g,False,zehrs,0.006,g,6.00
produce,,Strawberry Parfait,Strawberry Parfait290 g,$5.00ea,,$1.92/ 100g,False,zehrs,0.0192,g,5.00
produce,,Large House Salad,Large House Salad658 g,$12.00ea,,$1.82/ 100g,False,zehrs,0.0182,g,12.00
produce,,Organic Orange,Organic Orange907 g,$7.99ea,,$0.88/ 100g,False,zehrs,0.0088,g,7.99
produce,President's Choice,Russet Potatoes ,President's ChoiceRusset Potatoes 5 lb bag,$4.99ea,,$0.22/ 100g,False,zehrs,0.0022,g,4.99
produce,,Envy Apples,Envy Apples,$1.76(est.)ea,,$8.80/ 1kg,False,zehrs,0.0088,g,1.76
produce,,Cobb with Cheddar Salad Mini,Cobb with Cheddar Salad Mini165 g,$5.00ea,,$3.03/ 100g,False,zehrs,0.030299999999999997,g,5.00
produce,Farmer's Market,Mixed Peppers (6 Pack),Farmer's MarketMixed Peppers (6 Pack)6x1.0 ea,$9.99ea,,$1.67/ 1ea,False,zehrs,1.67,,9.99
produce,,Carrots & Snap Peas ,Carrots & Snap Peas 250 g,$4.00ea,,$1.60/ 100g,False,zehrs,0.016,g,4.00
produce,,Cello Spinach,Cello Spinach283.5 g,$4.99ea,,$1.76/ 100g,False,zehrs,0.0176,g,4.99
produce,Taylor Farms,"Chopped Salad Kit, Thai Style Chili Mango","Taylor FarmsChopped Salad Kit, Thai Style Chili Mango319 g",$6.99ea,,$2.19/ 100g,False,zehrs,0.0219,g,6.99
produce,,Red Prince Apple,Red Prince Apple,$1.32(est.)ea,,$6.59/ 1kg,False,zehrs,0.0065899999999999995,g,1.32
produce,Farmer's Market,Yellow Onions,Farmer's MarketYellow Onions10 lb bag,$6.99ea,,$0.15/ 100g,False,zehrs,0.0015,g,6.99
produce,President's Choice,Ambrosia Apples,President's ChoiceAmbrosia Apples,$1.45(est.)ea,,$6.59/ 1kg,False,zehrs,0.0065899999999999995,g,1.45
produce,,"Steak and Blue Cheese Salad, Large","Steak and Blue Cheese Salad, Large547 g",$13.00ea,,$2.38/ 100g,False,zehrs,0.023799999999999998,g,13.00
produce,,Pineapple/Straws Large,Pineapple/Straws Large600 g,$10.00ea,,$1.67/ 100g,False,zehrs,0.0167,g,10.00
produce,,Yellow Potatoes,Yellow Potatoes,$1.65(est.)ea,,$5.49/ 1kg,False,zehrs,0.00549,g,1.65
produce,,Shallots,Shallots750 g,$5.99ea,,$0.80/ 100g,False,zehrs,0.008,g,5.99
produce,, Premium California Mission Figs, Premium California Mission Figs227 g,$4.99ea,,$2.20/ 100g,False,zehrs,0.022000000000000002,g,4.99
produce,The Little Potato Company,Oven BBQ Ready Garlic Herb Potatoes,The Little Potato CompanyOven BBQ Ready Garlic Herb Potatoes454 g,$4.99ea,,$1.10/ 100g,False,zehrs,0.011000000000000001,g,4.99
produce,,Snow Peas,Snow Peas200 g,$4.99ea,,$2.50/ 100g,False,zehrs,0.025,g,4.99
produce,,"Spinach, Kale, Celery Juice","Spinach, Kale, Celery Juice1 ea",$13.00ea,,$13.00/ 1ea,False,zehrs,13.0,,13.00
produce,,Yellow Yams,Yellow Yams,$4.40(est.)ea,,$8.80/ 1kg,False,zehrs,0.0088,g,4.40
produce,Gourmet Garden,Basil Stir-In Paste,Gourmet GardenBasil Stir-In Paste115 g,$5.99ea,,$5.21/ 100g,False,zehrs,0.0521,g,5.99
produce,,Endive,Endive300 g,$5.99ea,,$2.00/ 100g,False,zehrs,0.02,g,5.99
produce,,Blackberries 1 pint,Blackberries 1 pint340 g,$8.99ea,,$2.64/ 100g,False,zehrs,0.0264,g,8.99
produce,,"Morel Mushrooms, Dried","Morel Mushrooms, Dried14 g",$12.99ea,,$92.79/ 100g,False,zehrs,0.9279000000000001,g,12.99
produce,PC Organics,Organic Green Onions,PC OrganicsOrganic Green Onions1 bunch,$2.29ea,,$2.29/ 1ea,False,zehrs,2.29,,2.29
produce,,Red Beets,Red Beets2 lb bag,$2.99ea,,$0.33/ 100g,False,zehrs,0.0033,g,2.99
produce,,Carrots,Carrots,$0.57(est.)ea,,$4.39/ 1kg,False,zehrs,0.00439,g,0.57
produce,Bolthouse,Holiday Nog,BolthouseHoliday Nog1.54 l,$9.99ea,,$0.65/ 100ml,False,zehrs,0.006500000000000001,ml,9.99
produce,,Curly Endive,Curly Endive1 ea,$3.49ea,,$3.49/ 1ea,False,zehrs,3.49,,3.49
produce,,Organic Dates,Organic Dates340 g,$6.99ea,,$2.06/ 100g,False,zehrs,0.0206,g,6.99
produce,President's Choice,Salted Virginia Peanuts,President's ChoiceSalted Virginia Peanuts454 g,$3.99ea,,$0.88/ 100g,False,zehrs,0.0088,g,3.99
produce,PC Organics,Organic Lemons,PC OrganicsOrganic Lemons2 lb bag,$8.99ea,,$0.99/ 100g,False,zehrs,0.009899999999999999,g,8.99
produce,,Popeye Select Spinach,Popeye Select Spinach1 kg,$11.99ea,,$1.06/ 100g,False,zehrs,0.0106,g,11.99
produce,,Ataulfo Mango,Ataulfo Mango1 ea,$2.99ea,,$2.99/ 1ea,False,zehrs,2.99,,2.99
produce,,Packaged Yellow Nectarine,Packaged Yellow Nectarine907 g,$5.99ea,,$0.66/ 100g,False,zehrs,0.0066,g,5.99
produce,,Cortland Apples,Cortland Apples,$1.15(est.)ea,,$5.49/ 1kg,False,zehrs,0.00549,g,1.15
produce,,"Platter, Small Veggie","Platter, Small Veggie962 g",$14.00ea,,$1.46/ 100g,False,zehrs,0.0146,g,14.00
produce,The Little Potato Company,Oven BBQ Ready Onion Chive Potatoes,The Little Potato CompanyOven BBQ Ready Onion Chive Potatoes454 g,$4.99ea,,$1.10/ 100g,False,zehrs,0.011000000000000001,g,4.99
produce,,Yellow Asian Pears,Yellow Asian Pears,$2.82(est.)ea,,$8.80/ 1kg,False,zehrs,0.0088,g,2.82
produce,,Leeks,Leeks1 bunch,$4.99ea,,$4.99/ 1ea,False,zehrs,4.99,,4.99
produce,No Name,Naturally Imperfect Potatoes 15lb,No NameNaturally Imperfect Potatoes 15lb6804 g,$5.99ea,,$0.09/ 100g,False,zehrs,0.0009,g,5.99
produce,,Chicken BLT Salad Mini,Chicken BLT Salad Mini145 g,$5.00ea,,$3.45/ 100g,False,zehrs,0.0345,g,5.00
produce,,Large Organic Pineapple,Large Organic Pineapple1 ea,$5.49ea,,$5.49/ 1ea,False,zehrs,5.49,,5.49
produce,PC Organics,Organic Bosc Pears,PC OrganicsOrganic Bosc Pears3 lb bag,$9.99ea,,$0.73/ 100g,False,zehrs,0.0073,g,9.99
produce,,Dried Porcini Mushrooms    ,Dried Porcini Mushrooms    14 g,$5.49ea,,$39.21/ 100g,False,zehrs,0.3921,g,5.49
produce,Farmer's Market,Gala Apples,Farmer's MarketGala Apples4 lb bag,$8.99ea,,$0.50/ 100g,False,zehrs,0.005,g,8.99
produce,Marzetti,Cream Cheese Fruit Dip,MarzettiCream Cheese Fruit Dip106 g,$1.49ea,,$1.38/ 100g,False,zehrs,0.0138,g,1.49
produce,,Shanghai Bok Choy,Shanghai Bok Choy,$4.22(est.)ea,,$6.59/ 1kg,False,zehrs,0.0065899999999999995,g,4.22
produce,Sunrich,Sun Rich Sliced Red Apples,SunrichSun Rich Sliced Red Apples595 g,$6.00ea,,$1.01/ 100g,False,zehrs,0.0101,g,6.00
produce,,Honeycrisp Apples,Honeycrisp Apples,$2.11(est.)ea,,$8.80/ 1kg,False,zehrs,0.0088,g,2.11
produce,,Bosc Pears,Bosc Pears,$1.69(est.)ea,,$7.69/ 1kg,False,zehrs,0.007690000000000001,g,1.69
produce,,Snap Peas,Snap Peas200 g,$4.99ea,,$2.50/ 100g,False,zehrs,0.025,g,4.99
produce,,Dates,Dates1 kg,$5.99ea,,$0.60/ 100g,False,zehrs,0.006,g,5.99
produce,PC Organics,Organic Mini Carrots 1lb Bag,PC OrganicsOrganic Mini Carrots 1lb Bag1 lb bag,$3.49ea,,$0.77/ 100g,False,zehrs,0.0077,g,3.49
produce,Farmer's Market,McIntosh Apples,Farmer's MarketMcIntosh Apples4 lb bag,$7.99ea,,$0.44/ 100g,False,zehrs,0.0044,g,7.99
produce,President's Choice,Sweet Potato,President's ChoiceSweet Potato454 g,$5.49ea,,$1.21/ 100g,False,zehrs,0.0121,g,5.49
produce,,Horseradish,Horseradish,$6.94(est.)ea,,$19.82/ 1kg,False,zehrs,0.01982,g,6.94
produce,President's Choice,"Butternut Squash, Diced","President's ChoiceButternut Squash, Diced454 g",$5.49ea,,$1.21/ 100g,False,zehrs,0.0121,g,5.49
produce,Greenhouse,Ginger Turmeric Organic Kombucha,GreenhouseGinger Turmeric Organic Kombucha1000 ml,$8.99ea,,$0.90/ 100ml,False,zehrs,0.009000000000000001,ml,8.99
produce,,Organic Curly Parsley,Organic Curly Parsley1 bunch,$3.99ea,,$399.00/ 100ea,False,zehrs,399.0,,3.99
produce,President's Choice,Baby Arugula Spinach Blend,President's ChoiceBaby Arugula Spinach Blend0.142 kg,$4.99ea,,$3.51/ 100g,False,zehrs,0.0351,g,4.99
produce,,Greenbelt Organic Super Crunch,Greenbelt Organic Super Crunch0.142 kg,$5.99ea,,$4.22/ 100g,False,zehrs,0.042199999999999994,g,5.99
produce,Taylor Farms,Everything Ranch Salad Kit,Taylor FarmsEverything Ranch Salad Kit336 g,$6.99ea,,$2.08/ 100g,False,zehrs,0.0208,g,6.99
produce,PC Organics,Organic Asparagus,PC OrganicsOrganic Asparagus340 g,$7.99ea,,$2.35/ 100g,False,zehrs,0.0235,g,7.99
produce,President's Choice,Ontario Greenhouse-Grown Strawberries ,President's ChoiceOntario Greenhouse-Grown Strawberries 340 g,$6.99ea,,$2.06/ 100g,False,zehrs,0.0206,g,6.99
produce,,Veggie Tripack,Veggie Tripack800 g,$13.00ea,,$1.57/ 100g,False,zehrs,0.015700000000000002,g,13.00
produce,Farmer's Market,Empire Apples,Farmer's MarketEmpire Apples4 lb bag,$7.99ea,,$0.44/ 100g,False,zehrs,0.0044,g,7.99
produce,President's Choice,Kent Mango,President's ChoiceKent Mango1 ea,$2.99ea,,$2.99/ 1ea,False,zehrs,2.99,,2.99
produce,,Organic Italian Parsley,Organic Italian Parsley1 bunch,$3.99ea,,$3.99/ 1ea,False,zehrs,3.99,,3.99
produce,Renees,"Sweet Onion Vinaigrette, Pouch","ReneesSweet Onion Vinaigrette, Pouch42 g",$0.59ea,,$1.40/ 100g,False,zehrs,0.013999999999999999,g,0.59
produce,,Fuji Apples,Fuji Apples,$1.58(est.)ea,,$6.59/ 1kg,False,zehrs,0.0065899999999999995,g,1.58
produce,President's Choice,Axiany Cherry Tomatoes,President's ChoiceAxiany Cherry Tomatoes0.225 kg,$4.99ea,,$2.22/ 100g,False,zehrs,0.0222,g,4.99
produce,President's Choice,Brussel Sprouts,President's ChoiceBrussel Sprouts907 g,$11.99ea,,$1.32/ 100g,False,zehrs,0.0132,g,11.99
produce,,Blueberry Organic Kombucha,Blueberry Organic Kombucha355 ml,$3.99ea,,$1.12/ 100ml,False,zehrs,0.011200000000000002,ml,3.99
produce,,Large Greek Salad,Large Greek Salad740 g,$12.00ea,,$1.62/ 100g,False,zehrs,0.016200000000000003,g,12.00
produce,,Organic Brussel Sprouts,Organic Brussel Sprouts454 g,$9.99ea,,$2.20/ 100g,False,zehrs,0.022000000000000002,g,9.99
produce,Farmer's Market,Lemons,Farmer's MarketLemons2 lb bag,$5.99ea,,$0.66/ 100g,False,zehrs,0.0066,g,5.99
produce,PC Organics,Celery Hearts,PC OrganicsCelery Hearts1 ea,$6.49ea,,$3.25/ 1ea,False,zehrs,3.25,,6.49
produce,The Little Potato Company,Microwave Ready Garlic Parsley Potatoes,The Little Potato CompanyMicrowave Ready Garlic Parsley Potatoes454 g,$4.99ea,,$1.10/ 100g,False,zehrs,0.011000000000000001,g,4.99
produce,Marzetti,"Fruit Dip, Cream Cheese","MarzettiFruit Dip, Cream Cheese255 g",$5.99ea,,$2.36/ 100g,False,zehrs,0.0236,g,5.99
produce,,Parsnip,Parsnip,$1.92(est.)ea,,$7.69/ 1kg,False,zehrs,0.007690000000000001,g,1.92
produce,,Broccoli Cashew Crunch Salad,Broccoli Cashew Crunch Salad,$5.48(est.)ea,,$21.90/ 1kg,False,zehrs,0.0219,g,5.48
produce,,Cubed Rutabagas,Cubed Rutabagas600 g,$5.00ea,,$0.83/ 100g,False,zehrs,0.0083,g,5.00
produce,Paramount,Pistachios No Shells Chili Roasted,ParamountPistachios No Shells Chili Roasted155 g,$8.99ea,,$5.80/ 100g,False,zehrs,0.057999999999999996,g,8.99
produce,,Organic Medjool Dates,Organic Medjool Dates454 g,$11.99ea,,$2.64/ 100g,False,zehrs,0.0264,g,11.99
produce,,Sweet Kale Salad Family Size,Sweet Kale Salad Family Size1 ea,$17.00ea,,$17.00/ 1ea,False,zehrs,17.0,,17.00
produce,,Savoy Cabbage,Savoy Cabbage,$3.20(est.)ea,,$3.28/ 1kg,False,zehrs,0.00328,g,3.20
produce,,Large Organic Pineapple,Large Organic Pineapple1 ea,$5.49ea,,$5.49/ 1ea,False,zehrs,5.49,,5.49
produce,PC Organics,Organic Bosc Pears,PC OrganicsOrganic Bosc Pears3 lb bag,$9.99ea,,$0.73/ 100g,False,zehrs,0.0073,g,9.99
produce,,Dried Porcini Mushrooms    ,Dried Porcini Mushrooms    14 g,$5.49ea,,$39.21/ 100g,False,zehrs,0.3921,g,5.49
produce,,Shanghai Bok Choy,Shanghai Bok Choy,$4.22(est.)ea,,$6.59/ 1kg,False,zehrs,0.0065899999999999995,g,4.22
produce,Marzetti,Cream Cheese Fruit Dip,MarzettiCream Cheese Fruit Dip106 g,$1.49ea,,$1.38/ 100g,False,zehrs,0.0138,g,1.49
produce,PC Organics,Organic Mini Carrots 1lb Bag,PC OrganicsOrganic Mini Carrots 1lb Bag1 lb bag,$3.49ea,,$0.77/ 100g,False,zehrs,0.0077,g,3.49
produce,Farmer's Market,McIntosh Apples,Farmer's MarketMcIntosh Apples4 lb bag,$7.99ea,,$0.44/ 100g,False,zehrs,0.0044,g,7.99
produce,President's Choice,Sweet Potato,President's ChoiceSweet Potato454 g,$5.49ea,,$1.21/ 100g,False,zehrs,0.0121,g,5.49
produce,,Snap Peas,Snap Peas200 g,$4.99ea,,$2.50/ 100g,False,zehrs,0.025,g,4.99
produce,President's Choice,"Ready Veggie, Kale Blend","President's ChoiceReady Veggie, Kale Blend340 g",$5.99ea,,$1.76/ 100g,False,zehrs,0.0176,g,5.99
produce,GoodLeaf,Spicy Mustard Medley,GoodLeafSpicy Mustard Medley50 g,$4.49ea,,$8.98/ 100g,False,zehrs,0.0898,g,4.49
produce,,Organic Leeks,Organic Leeks1 bunch,$5.99ea,,$5.99/ 1ea,False,zehrs,5.99,,5.99
produce,,Coloured Carrots 1.5lb,Coloured Carrots 1.5lb1.5 lb bag,$2.99ea,,$0.27/ 100g,False,zehrs,0.0027,g,2.99
produce,,Chickpea Salad,Chickpea Salad296 g,$9.00ea,,$3.04/ 100g,False,zehrs,0.0304,g,9.00
produce,,Pumpernickel Snack,Pumpernickel Snack1 ea,$5.00ea,,$5.00/ 1ea,False,zehrs,5.0,,5.00
produce,President's Choice,Hazelnuts in Shell,President's ChoiceHazelnuts in Shell0.454 kg,$4.96ea,,$1.09/ 100g,False,zehrs,0.0109,g,4.96
produce,,Apple Cosmic Crisp,Apple Cosmic Crisp,$2.11(est.)ea,,$8.80/ 1kg,False,zehrs,0.0088,g,2.11
produce,POM Wonderful,Fresh Pomegranate Arils,POM WonderfulFresh Pomegranate Arils454 g,$15.99ea,,$3.52/ 100g,False,zehrs,0.0352,g,15.99
produce,,Organic Iceberg Lettuce,Organic Iceberg Lettuce1 ea,$5.99ea,,$5.99/ 1ea,False,zehrs,5.99,,5.99
produce,,Brown Asian Pears,Brown Asian Pears,$3.70(est.)ea,,$8.80/ 1kg,False,zehrs,0.0088,g,3.70
produce,President's Choice,Yellow Hot Hot Peppers,President's ChoiceYellow Hot Hot Peppers226 g,$5.99ea,,$2.65/ 100g,False,zehrs,0.0265,g,5.99
produce,President's Choice,Blood Oranges,President's ChoiceBlood Oranges907 g,$7.99ea,,$0.88/ 100g,False,zehrs,0.0088,g,7.99
produce,,Chayote Squash,Chayote Squash,$5.49/1 kg,,$5.49/ 1kg,False,zehrs,0.00549,g,5.49
produce,,Matchstick Carrots,Matchstick Carrots283 g,$2.99ea,,$1.06/ 100g,False,zehrs,0.0106,g,2.99
produce,President's Choice,Baby Arugula Spinach Blend,President's ChoiceBaby Arugula Spinach Blend0.142 kg,$4.99ea,,$3.51/ 100g,False,zehrs,0.0351,g,4.99
produce,,Greenbelt Organic Super Crunch,Greenbelt Organic Super Crunch0.142 kg,$5.99ea,,$4.22/ 100g,False,zehrs,0.042199999999999994,g,5.99
produce,Taylor Farms,Everything Ranch Salad Kit,Taylor FarmsEverything Ranch Salad Kit336 g,$6.99ea,,$2.08/ 100g,False,zehrs,0.0208,g,6.99
produce,,Premium Greek Classic,Premium Greek Classic342 g,$9.00ea,,$2.63/ 100g,False,zehrs,0.0263,g,9.00
produce,PC Organics,Organic Ginger,PC OrganicsOrganic Ginger160 g,$4.99ea,,$3.12/ 100g,False,zehrs,0.031200000000000002,g,4.99
produce,,Deluxe Neptune Salad,Deluxe Neptune Salad,$5.93(est.)ea,,$21.90/ 1kg,False,zehrs,0.0219,g,5.93
produce,,Fruit Salad Small,Fruit Salad Small440 g,$7.00ea,,$1.59/ 100g,False,zehrs,0.0159,g,7.00
produce,,Snack Platter Vegetables,Snack Platter Vegetables300 g,$5.00ea,,$1.67/ 100g,False,zehrs,0.0167,g,5.00
produce,GoodLeaf,Ontario Spring Mix,GoodLeafOntario Spring Mix142 g,$5.99ea,,$4.22/ 100g,False,zehrs,0.042199999999999994,g,5.99
produce,,Organic Red Onions,Organic Red Onions2 lb,$4.99ea,,$0.55/ 100g,False,zehrs,0.0055000000000000005,g,4.99
produce,Aurora,Oven Cooked Figs with Almonds,AuroraOven Cooked Figs with Almonds250 g,$10.49ea,,$3.97/ 100g,False,zehrs,0.0397,g,10.49
produce,,Organic Black Kale,Organic Black Kale1 bunch,$4.99ea,,$1.05/ 100g,False,zehrs,0.0105,g,4.99
produce,,Red Prince Apple,Red Prince Apple1 ea,$8.99ea,,,False,zehrs,8.99,,8.99
produce,PC Organics,Gala Apples,PC OrganicsGala Apples,$1.94(est.)ea,,$8.80/ 1kg,False,zehrs,0.0088,g,1.94
produce,President's Choice,Hazelnuts in Shell,President's ChoiceHazelnuts in Shell0.454 kg,$4.96ea,,$1.09/ 100g,False,zehrs,0.0109,g,4.96
produce,,Pumpernickel Snack,Pumpernickel Snack1 ea,$5.00ea,,$5.00/ 1ea,False,zehrs,5.0,,5.00
produce,,Organic Leeks,Organic Leeks1 bunch,$5.99ea,,$5.99/ 1ea,False,zehrs,5.99,,5.99
produce,,Coloured Carrots 1.5lb,Coloured Carrots 1.5lb1.5 lb bag,$2.99ea,,$0.27/ 100g,False,zehrs,0.0027,g,2.99
produce,The Little Potato Company,"Fresh Creamer Potatoes Roasted Garlic, Rosemary & Thyme","The Little Potato CompanyFresh Creamer Potatoes Roasted Garlic, Rosemary & Thyme454 g",$4.99ea,,$1.10/ 100g,False,zehrs,0.011000000000000001,g,4.99
produce,President's Choice,Variety Pack Tomatoes,President's ChoiceVariety Pack Tomatoes680 g,$7.99ea,,$1.17/ 100g,False,zehrs,0.011699999999999999,g,7.99
produce,PC Organics,"Kale, Chard and Spinach Salad Mix","PC OrganicsKale, Chard and Spinach Salad Mix142 g",$5.99ea,,$4.22/ 100g,False,zehrs,0.042199999999999994,g,5.99
produce,,Caesar Salad Mini,Caesar Salad Mini135 g,$5.00ea,,$4.55/ 100g,False,zehrs,0.0455,g,5.00
produce,,Mixed Fruit Parfait,Mixed Fruit Parfait290 g,$5.00ea,,$1.69/ 100g,False,zehrs,0.0169,g,5.00
produce,PC Organics,Organic Red Potatoes,PC OrganicsOrganic Red Potatoes3 lb bag,$4.99ea,,$0.37/ 100g,False,zehrs,0.0037,g,4.99
produce,No Name,Roasted Peanuts In Shell,No NameRoasted Peanuts In Shell2 kg,$10.99ea,,$0.55/ 100g,False,zehrs,0.0055000000000000005,g,10.99
produce,,Baby Napa,Baby Napa,$6.59/1 kg,,$6.59/ 1kg,False,zehrs,0.0065899999999999995,g,6.59
produce,,Yellow Dragon Fruit,Yellow Dragon Fruit1 ea,$4.99ea,,$4.99/ 1ea,False,zehrs,4.99,,4.99
produce,,Dragon Fruit,Dragon Fruit1 ea,$4.99ea,,$4.99/ 1ea,False,zehrs,4.99,,4.99
produce,President's Choice,Ruby Little Gems Potatoes,President's ChoiceRuby Little Gems Potatoes0.68 kg,$3.99ea,,$0.59/ 100g,False,zehrs,0.0059,g,3.99
produce,,Potato Baking Tray,Potato Baking Tray1 ea,$4.99ea,,$4.99/ 1ea,False,zehrs,4.99,,4.99
produce,,Large Chicken Caesar Salad,Large Chicken Caesar Salad626 g,$12.00ea,,$1.92/ 100g,False,zehrs,0.0192,g,12.00
produce,,Premium Large Vetable Platter (Minimum 24 Hours Notice Required),Premium Large Vetable Platter (Minimum 24 Hours Notice Required)1 ea,$40.00ea,,$40.00/ 1ea,False,zehrs,40.0,,40.00
produce,Greenhouse,Probiotic Hydrator Blue Lemonade,GreenhouseProbiotic Hydrator Blue Lemonade300 ml,$4.50ea,,$1.50/ 100ml,False,zehrs,0.015,ml,4.50
produce,,Chinese Bitter Melon,Chinese Bitter Melon,$2.18(est.)ea,,$9.90/ 1kg,False,zehrs,0.0099,g,2.18
produce,President's Choice,Walnuts,President's ChoiceWalnuts0.454 kg,$2.96ea,,$0.65/ 100g,False,zehrs,0.006500000000000001,g,2.96
produce,President's Choice,Yellow Mini Potatoes,President's ChoiceYellow Mini Potatoes0.68 kg,$3.99ea,,$0.59/ 100g,False,zehrs,0.0059,g,3.99
produce,,Coconut Rolled Medjool Dates,Coconut Rolled Medjool Dates340 g,$8.99ea,,$2.64/ 100g,False,zehrs,0.0264,g,8.99
produce,President's Choice,Mixiany Cherry Tomatoes ,President's ChoiceMixiany Cherry Tomatoes 255 g,$4.99ea,,$1.96/ 100g,False,zehrs,0.0196,g,4.99
produce,,Premium Caesar Salad,Premium Caesar Salad257 g,$9.00ea,,$3.50/ 100g,False,zehrs,0.035,g,9.00
produce,,"Taro Root, Medium","Taro Root, Medium",$13.46(est.)ea,,$9.90/ 1kg,False,zehrs,0.0099,g,13.46
produce,,Caesar Salad Family Size,Caesar Salad Family Size1 kg,$17.00ea,,$2.30/ 100g,False,zehrs,0.023,g,17.00
produce,,Organic Green Kale,Organic Green Kale1 bunch,$4.99ea,,$4.99/ 1ea,False,zehrs,4.99,,4.99
produce,,Walnuts,Walnuts,$0.44/50 g,,$0.88/ 100g,False,zehrs,0.0088,g,0.44
produce,PC Organics,Organics Field Greens Salad Mix,PC OrganicsOrganics Field Greens Salad Mix312 g,$7.99ea,,$2.56/ 100g,False,zehrs,0.0256,g,7.99
produce,,Lettuce Little Gem,Lettuce Little Gem1 ea,$5.99ea,,$5.99/ 1ea,False,zehrs,5.99,,5.99
produce,President's Choice,Basil,President's ChoiceBasil28 g,$2.99ea,,,False,zehrs,2.99,,2.99
produce,President's Choice,Arugula,President's ChoiceArugula0.142 kg,$4.99ea,,$3.51/ 100g,False,zehrs,0.0351,g,4.99
produce,President's Choice,Pencil Hot Hot Peppers,President's ChoicePencil Hot Hot Peppers80 g,$5.99ea,,$7.49/ 100g,False,zehrs,0.07490000000000001,g,5.99
produce,,Pitted Honey Dates,Pitted Honey Dates907 g,$6.99ea,,$0.77/ 100g,False,zehrs,0.0077,g,6.99
produce,No Name,Imperfect Apples,No NameImperfect Apples6 lb,$6.99ea,,$0.26/ 100g,False,zehrs,0.0026,g,6.99
produce,Taylor Farms,"Chopped Salad Kit, Maple Bourbon Bacon","Taylor FarmsChopped Salad Kit, Maple Bourbon Bacon315 g",$6.99ea,,$2.22/ 100g,False,zehrs,0.0222,g,6.99
produce,,Deluxe Bean Salad,Deluxe Bean Salad,$5.26(est.)ea,,$21.90/ 1kg,False,zehrs,0.0219,g,5.26
produce,President's Choice,Baby Spinach And Tender Red Lettuce,President's ChoiceBaby Spinach And Tender Red Lettuce0.142 kg,$4.99ea,,$3.51/ 100g,False,zehrs,0.0351,g,4.99
produce,Duda Farms,Duda Celery Sticks,Duda FarmsDuda Celery Sticks454 g,$5.99ea,,$1.32/ 100g,False,zehrs,0.0132,g,5.99
produce,Aurora,Oven Cooked Figs,AuroraOven Cooked Figs250 g,$9.99ea,,$4.00/ 100g,False,zehrs,0.04,g,9.99
produce,,Shishito Peppers,Shishito Peppers227 g,$4.99ea,,$2.20/ 100g,False,zehrs,0.022000000000000002,g,4.99
produce,,Sweet Onions 3lb Bag,Sweet Onions 3lb Bag3 lb bag,$7.99ea,,$0.59/ 100g,False,zehrs,0.0059,g,7.99
produce,Love Beets,Cooked Beets,Love BeetsCooked Beets250 g,$5.49ea,,$2.20/ 100g,False,zehrs,0.022000000000000002,g,5.49
produce,PC Organics,Organics Multicolour Carrots,PC OrganicsOrganics Multicolour Carrots907 g,$5.49ea,,$0.61/ 100g,False,zehrs,0.0060999999999999995,g,5.49
produce,Taylor Farms,"Chopped Salad Kit, Buffalo Ranch","Taylor FarmsChopped Salad Kit, Buffalo Ranch383 g",$6.99ea,,$1.83/ 100g,False,zehrs,0.0183,g,6.99
produce,,Organic Blackberries,Organic Blackberries170 g,$6.99ea,,$4.11/ 100g,False,zehrs,0.041100000000000005,g,6.99
produce,Bolthouse,Strawberry Banana,BolthouseStrawberry Banana1.54 l,$9.99ea,,$0.65/ 100ml,False,zehrs,0.006500000000000001,ml,9.99
produce,POM Wonderful,Pomegranate Juice,POM WonderfulPomegranate Juice710 ml,$9.99ea,,$1.41/ 100ml,False,zehrs,0.0141,ml,9.99
produce,President's Choice,Habanero Hot Peppers,President's ChoiceHabanero Hot Peppers50 g,$5.99ea,,$11.98/ 100g,False,zehrs,0.1198,g,5.99
produce,,Genuine Coconut Organic Coconut Topping,Genuine Coconut Organic Coconut Topping170 g,$6.99ea,,$4.11/ 100g,False,zehrs,0.041100000000000005,g,6.99
produce,,Dandelion Greens,Dandelion Greens1 bunch,$3.99ea,,$3.99/ 1ea,False,zehrs,3.99,,3.99
produce,,Canary Melon,Canary Melon,$5.44(est.)ea,,$0.55/ 100g,False,zehrs,0.0055000000000000005,g,5.44
produce,,Red Mango (case),Red Mango (case)2 kg,$9.99ea,,$0.50/ 100g,False,zehrs,0.005,g,9.99
produce,President's Choice,Ranch Pouch 44Ml,President's ChoiceRanch Pouch 44Ml44 ml,$0.59ea,,$1.34/ 100ml,False,zehrs,0.0134,ml,0.59
produce,,Eddoes,Eddoes,$1.32(est.)ea,,$8.80/ 1kg,False,zehrs,0.0088,g,1.32
produce,,Russet Potato,Russet Potato,$1.89(est.)ea,,$4.39/ 1kg,False,zehrs,0.00439,g,1.89
produce,,Watercress,Watercress1 bunch,$2.49ea,,$2.49/ 1ea,False,zehrs,2.49,,2.49
produce,,Vine Cherry Tomatoes,Vine Cherry Tomatoes255 g,$6.99ea,,$2.74/ 100g,False,zehrs,0.0274,g,6.99
produce,President's Choice,Baby Spinach,President's ChoiceBaby Spinach0.312 kg,$6.99ea,,$2.24/ 100g,False,zehrs,0.022400000000000003,g,6.99
produce,,Sweet Potato and Butternut Squash Mix,Sweet Potato and Butternut Squash Mix702 g,$7.00ea,,$1.00/ 100g,False,zehrs,0.01,g,7.00
produce,,Parsnips 1lb Bag,Parsnips 1lb Bag1 lb bag,$4.99ea,,$1.10/ 100g,False,zehrs,0.011000000000000001,g,4.99
produce,,Raspberry Banana Parfait,Raspberry Banana Parfait290 g,$5.00ea,,$1.72/ 100g,False,zehrs,0.0172,g,5.00
produce,PC Organics,Sliced and Whole Bistro Blend Mushrooms,PC OrganicsSliced and Whole Bistro Blend Mushrooms200 g,$6.99ea,,$3.50/ 100g,False,zehrs,0.035,g,6.99
produce,PC Organics,Organic Button White Mushrooms,PC OrganicsOrganic Button White Mushrooms227 g,$3.99ea,,$1.76/ 100g,False,zehrs,0.0176,g,3.99
produce,,Cassava,Cassava,$2.23(est.)ea,,$3.28/ 1kg,False,zehrs,0.00328,g,2.23
produce,,White Yams,White Yams,$3.85(est.)ea,,$7.69/ 1kg,False,zehrs,0.007690000000000001,g,3.85
produce,,Granny Smith Apples,Granny Smith Apples,$1.32(est.)ea,,$6.59/ 1kg,False,zehrs,0.0065899999999999995,g,1.32
produce,Tiffany Gates,Potato Salad New Orleans   ,Tiffany GatesPotato Salad New Orleans   ,$21.90/1 kg,,$21.90/ 1kg,False,zehrs,0.0219,g,21.90
produce,President's Choice,Rosemary,President's ChoiceRosemary28 g,$2.99ea,,,False,zehrs,2.99,,2.99
produce,,Halo Mandarin,Halo Mandarin2 lb,$9.99ea,,$1.10/ 100g,False,zehrs,0.011000000000000001,g,9.99
produce,PC Organics,Organics Sliced Cremini Mushrooms,PC OrganicsOrganics Sliced Cremini Mushrooms227 g,$3.69ea,,$1.63/ 100g,False,zehrs,0.0163,g,3.69
produce,Farmer's Market,Sweet Potatoes,Farmer's MarketSweet Potatoes5 lb,$5.99ea,,$0.26/ 100g,False,zehrs,0.0026,g,5.99
produce,,Original Greek Salad,Original Greek Salad,$5.48(est.)ea,,$21.90/ 1kg,False,zehrs,0.0219,g,5.48
produce,,Elephant Garlic,Elephant Garlic1 ea,$4.99ea,,$4.99/ 1ea,False,zehrs,4.99,,4.99
produce,,Kumato Tomatoes,Kumato Tomatoes454 g,$6.99ea,,$1.54/ 100g,False,zehrs,0.0154,g,6.99
produce,PC Organics,Organics Sliced Portobello Mushrooms,PC OrganicsOrganics Sliced Portobello Mushrooms170 g,$5.99ea,,$3.52/ 100g,False,zehrs,0.0352,g,5.99
produce,,"Ugrogreens, Broccoli Microgreen Kit","Ugrogreens, Broccoli Microgreen Kit0.15 kg",$9.99ea,,$9.99/ 1ea,False,zehrs,9.99,,9.99
produce,President's Choice,Scotch Bonnet Hot Peppers,President's ChoiceScotch Bonnet Hot Peppers113 g,$5.99ea,,$5.30/ 100g,False,zehrs,0.053,g,5.99
produce,,Curry Leaf (1 pack),Curry Leaf (1 pack)60 g,$2.99ea,,$4.98/ 100g,False,zehrs,0.049800000000000004,g,2.99
produce,,Raspberry Pint ,Raspberry Pint 340 g,$8.99ea,,$2.64/ 100g,False,zehrs,0.0264,g,8.99
produce,Farmer's Market,Fuji Apples,Farmer's MarketFuji Apples1.81 kg,$7.99ea,,$0.44/ 100g,False,zehrs,0.0044,g,7.99
produce,,Premium Chicken Caesar Salad,Premium Chicken Caesar Salad274 g,$9.00ea,,$3.25/ 100g,False,zehrs,0.0325,g,9.00
produce,PC Organics,Organic White Mushrooms,PC OrganicsOrganic White Mushrooms227 g,$3.69ea,,$1.63/ 100g,False,zehrs,0.0163,g,3.69
produce,,Organic Dried Dates,Organic Dried Dates250 g,$5.99ea,,$2.40/ 100g,False,zehrs,0.024,g,5.99
produce,PC Organics,"Mushroom White, Sliced","PC OrganicsMushroom White, Sliced227 g",$3.69ea,,$1.63/ 100g,False,zehrs,0.0163,g,3.69
produce,,Organic Swiss Chard Greens,Organic Swiss Chard Greens1 bunch,$4.99ea,,$1.02/ 100g,False,zehrs,0.0102,g,4.99
produce,,Mini Seedless Watermelon,Mini Seedless Watermelon1 ea,$6.99ea,,$6.99/ 1ea,False,zehrs,6.99,,6.99
produce,Greenhouse,Cranberry Kombucha,GreenhouseCranberry Kombucha340 ml,$4.50ea,,$1.32/ 100ml,False,zehrs,0.0132,ml,4.50
produce,,Chanterelle Mushroom,Chanterelle Mushroom100 g,$9.99ea,,$9.99/ 100g,False,zehrs,0.0999,g,9.99
produce,,Rooster Bag Garlic,Rooster Bag Garlic1 kg,$6.99ea,,$0.70/ 100g,False,zehrs,0.006999999999999999,g,6.99
produce,,Green Mangoes,Green Mangoes,$8.57(est.)ea,,$6.59/ 1kg,False,zehrs,0.0065899999999999995,g,8.57
produce,PC Organics,Organic Blueberries,PC OrganicsOrganic Blueberries277 g,$6.99ea,,$2.52/ 100g,False,zehrs,0.0252,g,6.99
produce,,White Potatoes,White Potatoes,$1.98(est.)ea,,$5.49/ 1kg,False,zehrs,0.00549,g,1.98
produce,,Chocolate Caramel Apples,Chocolate Caramel Apples1 ea,$7.99ea,,$7.99/ 1ea,False,zehrs,7.99,,7.99
produce,President's Choice,Yellow Mini Potatoes,President's ChoiceYellow Mini Potatoes0.68 kg,$3.99ea,,$0.59/ 100g,False,zehrs,0.0059,g,3.99
produce,,Coconut Rolled Medjool Dates,Coconut Rolled Medjool Dates340 g,$8.99ea,,$2.64/ 100g,False,zehrs,0.0264,g,8.99
produce,President's Choice,Mixiany Cherry Tomatoes ,President's ChoiceMixiany Cherry Tomatoes 255 g,$4.99ea,,$1.96/ 100g,False,zehrs,0.0196,g,4.99
produce,,Vine Cherry Tomatoes,Vine Cherry Tomatoes255 g,$6.99ea,,$2.74/ 100g,False,zehrs,0.0274,g,6.99
produce,President's Choice,Baby Spinach,President's ChoiceBaby Spinach0.312 kg,$6.99ea,,$2.24/ 100g,False,zehrs,0.022400000000000003,g,6.99
produce,No Name,Naturally Imperfect Green Peppers 2.5lb Bag,No NameNaturally Imperfect Green Peppers 2.5lb Bag1130 g,$5.99ea,,$5.99/ 1ea,False,zehrs,5.99,,5.99
produce,,Vero Tomato,Vero Tomato680 g,$6.99ea,,$1.03/ 100g,False,zehrs,0.0103,g,6.99
produce,President's Choice,Chives,President's ChoiceChives28 g,$2.99ea,,,False,zehrs,2.99,,2.99
produce,Paramount,"Wonderful Pistachios, Sweet Chili","ParamountWonderful Pistachios, Sweet Chili200 g",$5.99ea,,$3.00/ 100g,False,zehrs,0.03,g,5.99
produce,,Pink Onions,Pink Onions3 lb bag,$3.99ea,,$0.29/ 100g,False,zehrs,0.0029,g,3.99
produce,,Celery Root,Celery Root,$3.33(est.)ea,,$4.39/ 1kg,False,zehrs,0.00439,g,3.33
produce,,Fresh Fruit Snack Cup,Fresh Fruit Snack Cup220 g,$5.00ea,,$2.27/ 100g,False,zehrs,0.0227,g,5.00
produce,PC Organics,Organic Granny Smith Apples,PC OrganicsOrganic Granny Smith Apples,$1.67(est.)ea,,$8.80/ 1kg,False,zehrs,0.0088,g,1.67
produce,,Premium Caesar Salad,Premium Caesar Salad257 g,$9.00ea,,$3.50/ 100g,False,zehrs,0.035,g,9.00
produce,President's Choice,Yellow Potatoes,President's ChoiceYellow Potatoes5 lb bag,$5.99ea,,$0.26/ 100g,False,zehrs,0.0026,g,5.99
produce,,Shanghai Bok Choy Jr.,Shanghai Bok Choy Jr.,$3.95(est.)ea,,$6.59/ 1kg,False,zehrs,0.0065899999999999995,g,3.95
produce,,Okra (1 pack),Okra (1 pack),$5.08(est.)ea,,$12.10/ 1kg,False,zehrs,0.0121,g,5.08
produce,Paramount,Pistachios Lightly Salted,ParamountPistachios Lightly Salted450 g,$11.99ea,,$2.66/ 100g,False,zehrs,0.026600000000000002,g,11.99
produce,,Eddoes,Eddoes,$1.15(est.)ea,,$7.69/ 1kg,False,zehrs,0.007690000000000001,g,1.15
produce,President's Choice,Broccoli Slaw,President's ChoiceBroccoli Slaw340 g,$3.99ea,,$1.17/ 100g,False,zehrs,0.011699999999999999,g,3.99
produce,Fresh Attitude,Caesar Salad with Toppings Single Sized,Fresh AttitudeCaesar Salad with Toppings Single Sized175 g,$5.99ea,,$3.42/ 100g,False,zehrs,0.0342,g,5.99
produce,,Red Cherries,Red Cherries,$15.67(est.)ea,$11.76(est.)ea,$13.21/ 1kg,True,zehrs,0.013210000000000001,g,11.76
produce,Farmer's Market,Red Grapefruit,Farmer's MarketRed Grapefruit3 lb bag,$6.99ea,,$0.51/ 100g,False,zehrs,0.0051,g,6.99
produce,,Broccoli Crowns,Broccoli Crowns,$4.18(est.)ea,,$11.00/ 1kg,False,zehrs,0.011,g,4.18
produce,,Celery Hearts,Celery Hearts2 pack,$5.99ea,,$3.00/ 1ea,False,zehrs,3.0,,5.99
produce,,LoBok (Daikon Radish),LoBok (Daikon Radish),$3.09(est.)ea,,$3.29/ 1kg,False,zehrs,0.00329,g,3.09
produce,,Red Seedless Grapes,Red Seedless Grapes,$8.71(est.)ea,$5.44(est.)ea,$5.49/ 1kg,True,zehrs,0.00549,g,5.44
produce,,McIntosh Apples,McIntosh Apples,$1.10(est.)ea,,$5.49/ 1kg,False,zehrs,0.00549,g,1.10
produce,,Curly Parsley,Curly Parsley1 bunch,$2.69ea,,$2.69/ 1ea,False,zehrs,2.69,,2.69
produce,,Italian Parsley,Italian Parsley1 bunch,$2.69ea,,$2.69/ 1ea,False,zehrs,2.69,,2.69
produce,,Chicken Caesar Salad Family Size,Chicken Caesar Salad Family Size950 kg,$17.00ea,,$1.79/ 100g,False,zehrs,0.0179,g,17.00
produce,,Organic French Beans,Organic French Beans350 g,$5.99ea,,$1.71/ 100g,False,zehrs,0.0171,g,5.99
produce,No Name,Brown Mushrooms,No NameBrown Mushrooms680 g,$4.99ea,,$0.73/ 100g,False,zehrs,0.0073,g,4.99
produce,,French Beans,French Beans400 g,$5.49ea,,$1.37/ 100g,False,zehrs,0.0137,g,5.49
produce,,Corn Tray,Corn Tray5 ea,$5.99ea,,$5.99/ 1ea,False,zehrs,5.99,,5.99
produce,Farmer's Market,Cucumbers 11 count,Farmer's MarketCucumbers 11 count750 g,$8.99ea,,$0.82/ 1ea,False,zehrs,0.82,,8.99
produce,,Flavour Burst Sungold Golden Kiwi,Flavour Burst Sungold Golden Kiwi454 g,$6.99ea,,$1.54/ 100g,False,zehrs,0.0154,g,6.99
produce,President's Choice,"Live Lettuce Green, 2-pack","President's ChoiceLive Lettuce Green, 2-pack1 ea",$5.49ea,,$5.49/ 1ea,False,zehrs,5.49,,5.49
produce,President's Choice,Garden Salad,President's ChoiceGarden Salad0.34 kg,$4.49ea,,$1.32/ 100g,False,zehrs,0.0132,g,4.49
produce,Marzetti,"Veggie Dip, Light Ranch","MarzettiVeggie Dip, Light Ranch340 g",$5.99ea,,$1.76/ 100g,False,zehrs,0.0176,g,5.99
produce,Marzetti,"Veggie Dip, Spinach","MarzettiVeggie Dip, Spinach340 g",$5.99ea,,$1.76/ 100g,False,zehrs,0.0176,g,5.99
produce,President's Choice,Caesar Salad Kit,President's ChoiceCaesar Salad Kit282 g,$5.99ea,,$2.12/ 100g,False,zehrs,0.0212,g,5.99
produce,Greenhouse,"Raw, Organic Juice Gatsby","GreenhouseRaw, Organic Juice Gatsby300 ml",$7.99ea,,$2.66/ 100ml,False,zehrs,0.026600000000000002,ml,7.99
produce,PC Organics,Baby Arugula,PC OrganicsBaby Arugula142 g,$5.99ea,,$4.22/ 100g,False,zehrs,0.042199999999999994,g,5.99
produce,President's Choice,Green Beans,President's ChoiceGreen Beans340 g,$5.99ea,,$1.76/ 100g,False,zehrs,0.0176,g,5.99
produce,Bolthouse,Berry Boost,BolthouseBerry Boost946 ml,$6.99ea,,$0.74/ 100ml,False,zehrs,0.0074,ml,6.99
produce,President's Choice,Broccoli Florets,President's ChoiceBroccoli Florets340 g,$4.99ea,,$1.47/ 100g,False,zehrs,0.0147,g,4.99
produce,PC Organics,Gala Apples 3Lb Bag,PC OrganicsGala Apples 3Lb Bag3 lb bag,$9.99ea,,$0.73/ 100g,False,zehrs,0.0073,g,9.99
produce,Taylor Farms,"Chopped Salad Kit, Dill Pickle","Taylor FarmsChopped Salad Kit, Dill Pickle341 g",$6.99ea,,$2.10/ 100g,False,zehrs,0.021,g,6.99
produce,President's Choice,Green Beans,President's ChoiceGreen Beans340 g,$5.99ea,,$1.76/ 100g,False,zehrs,0.0176,g,5.99
produce,Bolthouse,Berry Boost,BolthouseBerry Boost946 ml,$6.99ea,,$0.74/ 100ml,False,zehrs,0.0074,ml,6.99
produce,President's Choice,Broccoli Florets,President's ChoiceBroccoli Florets340 g,$4.99ea,,$1.47/ 100g,False,zehrs,0.0147,g,4.99
produce,,Collard Greens,Collard Greens1 bunch,$3.99ea,,$3.99/ 1ea,False,zehrs,3.99,,3.99
produce,Farmer's Market,Carrots,Farmer's MarketCarrots3 lb bag,$3.49ea,,$0.26/ 100g,False,zehrs,0.0026,g,3.49
produce,,"Greenhouse Peppers, Yellow","Greenhouse Peppers, Yellow",$2.75(est.)ea,,$11.00/ 1kg,False,zehrs,0.011,g,2.75
produce,,Butternut Squash,Butternut Squash,$9.90(est.)ea,,$6.15/ 1kg,False,zehrs,0.00615,g,9.90
produce,,Honeydew Melon,Honeydew Melon1 ea,$7.99ea,,$7.99/ 1ea,False,zehrs,7.99,,7.99
produce,,Broccoli,Broccoli1 ea,$3.99ea,,$3.99/ 1ea,False,zehrs,3.99,,3.99
produce,,Green Onion,Green Onion1 bunch,$1.99ea,,$1.99/ 1ea,False,zehrs,1.99,,1.99
produce,,Sweet Potato,Sweet Potato,$2.49(est.)ea,,$3.95/ 1kg,False,zehrs,0.00395,g,2.49
produce,,Rutabaga,Rutabaga,$4.52(est.)ea,,$2.84/ 1kg,False,zehrs,0.0028399999999999996,g,4.52
produce,,Bartlett Pears,Bartlett Pears,$1.61(est.)ea,,$7.69/ 1kg,False,zehrs,0.007690000000000001,g,1.61
produce,,Tomato On The Vine Red ( 1 Bunch),Tomato On The Vine Red ( 1 Bunch),$6.25(est.)ea,,$8.80/ 1kg,False,zehrs,0.0088,g,6.25
produce,,Radicchio Lettuce,Radicchio Lettuce,$3.41(est.)ea,,$11.00/ 1kg,False,zehrs,0.011,g,3.41
produce,,Purple Eggplants,Purple Eggplants,$3.76(est.)ea,,$6.59/ 1kg,False,zehrs,0.0065899999999999995,g,3.76
produce,,French Bean,French Bean680 g,$8.99ea,,$1.32/ 100g,False,zehrs,0.0132,g,8.99
produce,,Pomegranate,Pomegranate1 ea,$3.99ea,,$3.99/ 1ea,False,zehrs,3.99,,3.99
produce,,Organic Dates,Organic Dates340 g,$6.99ea,,$2.06/ 100g,False,zehrs,0.0206,g,6.99
produce,, Premium California Mission Figs, Premium California Mission Figs227 g,$4.99ea,,$2.20/ 100g,False,zehrs,0.022000000000000002,g,4.99
produce,,"Spinach, Kale, Celery Juice","Spinach, Kale, Celery Juice1 ea",$13.00ea,,$13.00/ 1ea,False,zehrs,13.0,,13.00
produce,President's Choice,Kale Slaw,President's ChoiceKale Slaw340 g,$4.49ea,,$1.32/ 100g,False,zehrs,0.0132,g,4.49
produce,POM Wonderful,100% Pomegranate Juice,POM Wonderful100% Pomegranate Juice473 ml,$6.99ea,,$1.48/ 100ml,False,zehrs,0.0148,ml,6.99
produce,President's Choice,Adora Seedless® Black Grapes,President's ChoiceAdora Seedless® Black Grapes,$12.06(est.)ea,$7.52(est.)ea,$5.49/ 1kg,True,zehrs,0.00549,g,7.52
produce,Marzetti,Caramel Dip Snack,MarzettiCaramel Dip Snack6x340.0 g,$6.49ea,,$13.52/ 100g,False,zehrs,0.1352,g,6.49
produce,Bolthouse,100% Carrot,Bolthouse100% Carrot946 ml,$6.99ea,,$0.74/ 100ml,False,zehrs,0.0074,ml,6.99
produce,Greenhouse,Plant-Based Collagen Booster Glow,GreenhousePlant-Based Collagen Booster Glow60 ml,$3.50ea,,$5.83/ 100ml,False,zehrs,0.0583,ml,3.50
produce,Litehouse,Dip Organic Ranch,LitehouseDip Organic Ranch283 g,$5.49ea,,$1.94/ 100g,False,zehrs,0.0194,g,5.49
produce,President's Choice,Romaine Salad,President's ChoiceRomaine Salad0.255 kg,$4.49ea,,$1.76/ 100g,False,zehrs,0.0176,g,4.49
produce,Greenhouse,Fiery Ginger Juice,GreenhouseFiery Ginger Juice240 ml,$12.99ea,,$5.41/ 100ml,False,zehrs,0.0541,ml,12.99
produce,No Name,"Raw, Unsalted Pumpkin Seeds","No NameRaw, Unsalted Pumpkin Seeds100 g",$1.99ea,,$1.99/ 100g,False,zehrs,0.0199,g,1.99
produce,Renees,French Onion Refrigerated Dip,ReneesFrench Onion Refrigerated Dip283 g,$5.99ea,,$2.12/ 100g,False,zehrs,0.0212,g,5.99
produce,PC Organics,Organic Field Greens & Baby Spinach - Salad Mix,PC OrganicsOrganic Field Greens & Baby Spinach - Salad Mix312 g,$7.99ea,,$2.56/ 100g,False,zehrs,0.0256,g,7.99
produce,Remedy,Kombucha Lemon Lime & Mint  ,RemedyKombucha Lemon Lime & Mint  700 ml,$4.99ea,,$0.71/ 100ml,False,zehrs,0.0070999999999999995,ml,4.99
produce,President's Choice,Caesar Salad Kit,President's ChoiceCaesar Salad Kit586 g,$7.99ea,,$1.36/ 100g,False,zehrs,0.013600000000000001,g,7.99
produce,Bolthouse,Daily Greens,BolthouseDaily Greens946 ml,$6.99ea,,$0.74/ 100ml,False,zehrs,0.0074,ml,6.99
produce,Earthbound Farms Organic,Chop Kale Caesar,Earthbound Farms OrganicChop Kale Caesar207 g,$7.49ea,,$3.62/ 100g,False,zehrs,0.0362,g,7.49
produce,Greenhouse,Collagen Booster Glow Multipack,GreenhouseCollagen Booster Glow Multipack4x60.0 ml,$12.99ea,,$5.41/ 100ml,False,zehrs,0.0541,ml,12.99
produce,Remedy,Kombucha Wild Berry,RemedyKombucha Wild Berry700 ml,$4.99ea,,$0.71/ 100ml,False,zehrs,0.0070999999999999995,ml,4.99
produce,,White Onion,White Onion,$2.44(est.)ea,,$6.59/ 1kg,False,zehrs,0.0065899999999999995,g,2.44
produce,,Pineapple,Pineapple1 ea,$4.99ea,,$4.99/ 1ea,False,zehrs,4.99,,4.99
produce,Farmer's Market,English Cucumber 3Ct    ,Farmer's MarketEnglish Cucumber 3Ct    3 pack,$5.99ea,,$2.00/ 1ea,False,zehrs,2.0,,5.99
produce,,Colossal Garlic,Colossal Garlic,$1.98(est.)ea,,$19.82/ 1kg,False,zehrs,0.01982,g,1.98
produce,,Red Grapefruit,Red Grapefruit1 ea,$2.99ea,,$2.99/ 1ea,False,zehrs,2.99,,2.99
produce,,Bok Choy,Bok Choy,$2.62(est.)ea,,$3.28/ 1kg,False,zehrs,0.00328,g,2.62
produce,,Brussels Sprouts,Brussels Sprouts,$0.26(est.)ea,,$8.80/ 1kg,False,zehrs,0.0088,g,0.26
produce,,Royal Gala Apples,Royal Gala Apples,$1.38(est.)ea,,$6.59/ 1kg,False,zehrs,0.0065899999999999995,g,1.38
produce,,"Romaine Heart, 3 Pack","Romaine Heart, 3 Pack3 pack",$7.99ea,,$2.66/ 1ea,False,zehrs,2.66,,7.99
produce,,Romaine Lettuce,Romaine Lettuce1 ea,$4.99ea,,$4.99/ 1ea,False,zehrs,4.99,,4.99
produce,Farmer's Market,Grape Tomato 907G    ,Farmer's MarketGrape Tomato 907G    908 g,$9.99ea,,$1.10/ 100g,False,zehrs,0.011000000000000001,g,9.99
produce,,Red Delicious Apples,Red Delicious Apples,$1.15(est.)ea,,$5.49/ 1kg,False,zehrs,0.00549,g,1.15
produce,,Celery Stalks,Celery Stalks1 ea,$4.49ea,,$4.49/ 1ea,False,zehrs,4.49,,4.49
produce,,Limes,Limes1 ea,$0.89ea,,$0.89/ 1ea,False,zehrs,0.89,,0.89
produce,President's Choice,50-50 Blend - A Blend of Baby Spinach and Field Greens,President's Choice50-50 Blend - A Blend of Baby Spinach and Field Greens0.283 kg,$6.99ea,,$2.47/ 100g,False,zehrs,0.024700000000000003,g,6.99
produce,Greenhouse,Organic Booster Farma-C+,GreenhouseOrganic Booster Farma-C+4x60.0 ml,$12.99ea,,$5.41/ 100ml,False,zehrs,0.0541,ml,12.99
produce,Remedy,Org Kom Rasp Lemn 700Ml  ,RemedyOrg Kom Rasp Lemn 700Ml  700 ml,$4.99ea,,$0.71/ 100ml,False,zehrs,0.0070999999999999995,ml,4.99
produce,President's Choice,Sweet Kale Salad Kit,President's ChoiceSweet Kale Salad Kit340 g,$6.49ea,,$1.91/ 100g,False,zehrs,0.0191,g,6.49
produce,PC Blue Menu,Caesar Salad Kit,PC Blue MenuCaesar Salad Kit283 g,$5.99ea,,$2.12/ 100g,False,zehrs,0.0212,g,5.99
produce,Greenhouse,Inside Job,GreenhouseInside Job4x60.0 ml,$12.99ea,,$21.65/ 100ml,False,zehrs,0.2165,ml,12.99
produce,Greenhouse,Pick-Me-Up For Energy Multipack,GreenhousePick-Me-Up For Energy Multipack4x60.0 ml,$12.99ea,,$5.41/ 100ml,False,zehrs,0.0541,ml,12.99
produce,PC Organics,Arugula & Baby Spinach Salad Mix,PC OrganicsArugula & Baby Spinach Salad Mix142 g,$5.99ea,,$4.22/ 100g,False,zehrs,0.042199999999999994,g,5.99
produce,Remedy,Kombucha Ginger Lemon,RemedyKombucha Ginger Lemon700 ml,$4.99ea,,$0.71/ 100ml,False,zehrs,0.0070999999999999995,ml,4.99
produce,President's Choice,Chipotle Chop Salad Kit,President's ChoiceChipotle Chop Salad Kit340 g,$6.99ea,,$2.06/ 100g,False,zehrs,0.0206,g,6.99
produce,Well,Cold Pressed Juice Greens   ,WellCold Pressed Juice Greens   333 ml,$5.99ea,,$1.80/ 100ml,False,zehrs,0.018000000000000002,ml,5.99
produce,Eat Smart,Sunflower Kale Vegetable Salad Kit,Eat SmartSunflower Kale Vegetable Salad Kit340 g,$6.49ea,,$1.91/ 100g,False,zehrs,0.0191,g,6.49
produce,Bolthouse,C-Boost,BolthouseC-Boost946 ml,$6.99ea,,$0.74/ 100ml,False,zehrs,0.0074,ml,6.99
produce,No Name,"Raw, Unsalted Sunflower Seeds","No NameRaw, Unsalted Sunflower Seeds100 g",$1.99ea,,$1.99/ 100g,False,zehrs,0.0199,g,1.99
produce,Greenhouse,Organic Dairy Free Shake Rococoa,GreenhouseOrganic Dairy Free Shake Rococoa300 ml,$7.99ea,,$2.66/ 100ml,False,zehrs,0.026600000000000002,ml,7.99
produce,President's Choice,Barbecue Ranch Chopped Salad Kit,President's ChoiceBarbecue Ranch Chopped Salad Kit369 g,$6.99ea,,$1.89/ 100g,False,zehrs,0.0189,g,6.99
produce,Marzetti,"Veggie Dip, Ranch Snack Pack","MarzettiVeggie Dip, Ranch Snack Pack43 g",$6.99ea,,$16.26/ 100g,False,zehrs,0.16260000000000002,g,6.99
produce,Bolthouse,100% Carrot,Bolthouse100% Carrot1.54 l,$9.99ea,,$0.65/ 100ml,False,zehrs,0.006500000000000001,ml,9.99
produce,PC Organics,"Organic Bananas, Bunch","PC OrganicsOrganic Bananas, Bunch",$2.88(est.)ea,,$2.62/ 1kg,False,zehrs,0.00262,g,2.88
produce,,"Bananas, Bunch","Bananas, Bunch",$1.75(est.)ea,,$1.52/ 1kg,False,zehrs,0.00152,g,1.75
produce,,Spanish Onion,Spanish Onion,$1.81(est.)ea,,$5.49/ 1kg,False,zehrs,0.00549,g,1.81
produce,,Green Seedless Grapes,Green Seedless Grapes,$6.72(est.)ea,$5.60(est.)ea,$5.49/ 1kg,True,zehrs,0.00549,g,5.60
produce,,Bean Sprouts,Bean Sprouts454 g,$2.49ea,,$0.55/ 100g,False,zehrs,0.0055000000000000005,g,2.49
produce,Greenhouse,Organic Booster Pick-Me-Up,GreenhouseOrganic Booster Pick-Me-Up60 ml,$3.50ea,,$5.83/ 100ml,False,zehrs,0.0583,ml,3.50
produce,,Radish,Radish454 g,$2.99ea,,$0.66/ 100g,False,zehrs,0.0066,g,2.99
produce,Farmer's Market,Navel Oranges,Farmer's MarketNavel Oranges3 lb bag,$6.99ea,,$0.51/ 100g,False,zehrs,0.0051,g,6.99
produce,,Acorn Squash,Acorn Squash,$5.17(est.)ea,,$6.15/ 1kg,False,zehrs,0.00615,g,5.17
produce,,"Greenhouse Peppers, Orange","Greenhouse Peppers, Orange",$2.64(est.)ea,,$11.00/ 1kg,False,zehrs,0.011,g,2.64
produce,,Sweet Onion,Sweet Onion,$2.53(est.)ea,,$5.49/ 1kg,False,zehrs,0.00549,g,2.53
produce,,Spartan Apples,Spartan Apples,$1.15(est.)ea,,$5.49/ 1kg,False,zehrs,0.00549,g,1.15
produce,,Green Cabbage,Green Cabbage,$4.77(est.)ea,,$2.84/ 1kg,False,zehrs,0.0028399999999999996,g,4.77
produce,,Strawberries 1LB,Strawberries 1LB454 g,$5.99ea,,$1.32/ 100g,False,zehrs,0.0132,g,5.99
produce,,Blackberries 1/2 Pint,Blackberries 1/2 Pint170 g,$4.99ea,,$2.94/ 100g,False,zehrs,0.0294,g,4.99
produce,,Raspberries 1/2 pint,Raspberries 1/2 pint170 g,$4.99ea,,$2.94/ 100g,False,zehrs,0.0294,g,4.99
produce,,Kale,Kale1 bunch,$3.49ea,,$3.49/ 1ea,False,zehrs,3.49,,3.49
produce,,Fennel,Fennel1 ea,$4.99ea,,$4.99/ 1ea,False,zehrs,4.99,,4.99
produce,,Lettuce Iceberg,Lettuce Iceberg1 ea,$4.49ea,,$4.49/ 1ea,False,zehrs,4.49,,4.49
produce,,Red Leaf Lettuce,Red Leaf Lettuce1 ea,$4.99ea,,$4.99/ 1ea,False,zehrs,4.99,,4.99
produce,,Tomato Beefsteak  Red,Tomato Beefsteak  Red,$1.77(est.)ea,,$6.59/ 1kg,False,zehrs,0.0065899999999999995,g,1.77
produce,,Red Potatoes,Red Potatoes,$1.43(est.)ea,,$5.49/ 1kg,False,zehrs,0.00549,g,1.43
produce,,English Cucumber,English Cucumber1 ea,$1.99ea,,$1.99/ 1ea,False,zehrs,1.99,,1.99
produce,No Name,Naturally Imperfect White Mushrooms,No NameNaturally Imperfect White Mushrooms680 g,$4.99ea,,$0.73/ 100g,False,zehrs,0.0073,g,4.99
produce,Farmer's Market,Mini Cucumbers,Farmer's MarketMini Cucumbers6 pack,$5.49ea,,$0.92/ 1ea,False,zehrs,0.92,,5.49
produce,,Zucchini,Zucchini,$1.85(est.)ea,,$6.59/ 1kg,False,zehrs,0.0065899999999999995,g,1.85
produce,PC Organics,Organics Whole Shitake Mushrooms,PC OrganicsOrganics Whole Shitake Mushrooms100 g,$4.99ea,,$4.99/ 100g,False,zehrs,0.0499,g,4.99
produce,,Eddoes,Eddoes,$1.15(est.)ea,,$7.69/ 1kg,False,zehrs,0.007690000000000001,g,1.15
produce,,Tamarillo,Tamarillo1 ea,$1.99ea,,$1.99/ 1ea,False,zehrs,1.99,,1.99
produce,,Celery Root,Celery Root,$3.33(est.)ea,,$4.39/ 1kg,False,zehrs,0.00439,g,3.33
produce,,Mixed Dried Mushrooms,Mixed Dried Mushrooms14 g,$5.49ea,,$39.21/ 100g,False,zehrs,0.3921,g,5.49
produce,President's Choice,Yellow Potatoes,President's ChoiceYellow Potatoes5 lb bag,$5.99ea,,$0.26/ 100g,False,zehrs,0.0026,g,5.99
produce,,Shanghai Bok Choy Jr.,Shanghai Bok Choy Jr.,$3.95(est.)ea,,$6.59/ 1kg,False,zehrs,0.0065899999999999995,g,3.95
produce,,Okra (1 pack),Okra (1 pack),$5.08(est.)ea,,$12.10/ 1kg,False,zehrs,0.0121,g,5.08
produce,Paramount,Pistachios Lightly Salted,ParamountPistachios Lightly Salted450 g,$11.99ea,,$2.66/ 100g,False,zehrs,0.026600000000000002,g,11.99
produce,,Pink Onions,Pink Onions3 lb bag,$3.99ea,,$0.29/ 100g,False,zehrs,0.0029,g,3.99
produce,The Little Potato Company,Microwave Ready Savoury Herb Potatoes,The Little Potato CompanyMicrowave Ready Savoury Herb Potatoes454 g,$4.99ea,,$1.10/ 100g,False,zehrs,0.011000000000000001,g,4.99
produce,Farmer's Market,Mandarin Oranges,Farmer's MarketMandarin Oranges2 lb bag,$4.99ea,,$0.55/ 100g,False,zehrs,0.0055000000000000005,g,4.99
produce,Bolthouse,Red Goodness,BolthouseRed Goodness946 ml,$6.99ea,,$0.74/ 100ml,False,zehrs,0.0074,ml,6.99
produce,,Long Eggplants (1Pack),Long Eggplants (1Pack),$9.56(est.)ea,,$6.59/ 1kg,False,zehrs,0.0065899999999999995,g,9.56
produce,Farmer's Market,Yellow Onions,Farmer's MarketYellow Onions3 lb bag,$2.99ea,,$0.22/ 100g,False,zehrs,0.0022,g,2.99
produce,Sunkist,Navel Oranges,SunkistNavel Oranges8 lb bag,$9.99ea,,$0.28/ 100g,False,zehrs,0.0028000000000000004,g,9.99
produce,PC Organics,Red Delicious Apples 3Lb Bag,PC OrganicsRed Delicious Apples 3Lb Bag3 lb bag,$9.99ea,,$0.73/ 100g,False,zehrs,0.0073,g,9.99
produce,Greenhouse,Organic Booster Farma-C+,GreenhouseOrganic Booster Farma-C+60 ml,$3.50ea,,$5.83/ 100ml,False,zehrs,0.0583,ml,3.50
produce,President's Choice,Coleslaw,President's ChoiceColeslaw397 g,$3.49ea,,$0.88/ 100g,False,zehrs,0.0088,g,3.49
produce,Marzetti,"Veggie Dip, Southwest Ranch","MarzettiVeggie Dip, Southwest Ranch340 g",$5.99ea,,$1.76/ 100g,False,zehrs,0.0176,g,5.99
produce,Wholly Guacamole,Classic Bowl ,Wholly GuacamoleClassic Bowl 213 g,$5.99ea,,$2.81/ 100g,False,zehrs,0.0281,g,5.99
produce,Bolthouse,Vanilla Chai Tea,BolthouseVanilla Chai Tea946 ml,$6.99ea,,$0.74/ 100ml,False,zehrs,0.0074,ml,6.99
produce,Loop,"Smoothie, Green Vibes","LoopSmoothie, Green Vibes1000 ml",$8.99ea,,$0.90/ 100ml,False,zehrs,0.009000000000000001,ml,8.99
produce,President's Choice,Caesar Salad Chop Kit,President's ChoiceCaesar Salad Chop Kit298 g,$6.99ea,,$2.35/ 100g,False,zehrs,0.0235,g,6.99
produce,,"Grapes, Red Globe","Grapes, Red Globe",$8.62(est.)ea,,$8.80/ 1kg,False,zehrs,0.0088,g,8.62
produce,Loop,Early Bird Smoothie,LoopEarly Bird Smoothie1000 ml,$8.99ea,,$0.90/ 100ml,False,zehrs,0.009000000000000001,ml,8.99
produce,President's Choice,Avocado Ranch Chopped Salad Kit,President's ChoiceAvocado Ranch Chopped Salad Kit347 g,$6.99ea,,$2.01/ 100g,False,zehrs,0.020099999999999996,g,6.99
produce,POM Wonderful,Super Tea Pomegranate Peach Passion White Tea,POM WonderfulSuper Tea Pomegranate Peach Passion White Tea1.4 l,$11.99ea,,$0.86/ 100ml,False,zehrs,0.0086,ml,11.99
produce,Bolthouse,Green Goodness,BolthouseGreen Goodness946 ml,$6.99ea,,$0.74/ 100ml,False,zehrs,0.0074,ml,6.99
produce,Bolthouse,Mocha Cappuccino,BolthouseMocha Cappuccino946 ml,$6.99ea,,$0.74/ 100ml,False,zehrs,0.0074,ml,6.99
produce,PC Organics,Field Greens Salad Mix,PC OrganicsField Greens Salad Mix142 g,$5.99ea,,$4.22/ 100g,False,zehrs,0.042199999999999994,g,5.99
produce,Well,Cold Pressed Juice Played   ,WellCold Pressed Juice Played   333 ml,$5.99ea,,$1.80/ 100ml,False,zehrs,0.018000000000000002,ml,5.99
produce,,Green Beans,Green Beans380 g,$5.99ea,,$1.58/ 100g,False,zehrs,0.0158,g,5.99
produce,Bolthouse,Strawberry Banana,BolthouseStrawberry Banana946 ml,$6.99ea,,$0.74/ 100ml,False,zehrs,0.0074,ml,6.99
produce,,Red Onion,Red Onion,$2.44(est.)ea,,$6.59/ 1kg,False,zehrs,0.0065899999999999995,g,2.44
produce,,Cantaloupe,Cantaloupe1 ea,$5.99ea,,$5.99/ 1ea,False,zehrs,5.99,,5.99
produce,,Lemon,Lemon1 ea,$0.99ea,,$0.99/ 1ea,False,zehrs,0.99,,0.99
produce,,Blueberries,Blueberries510 g,$8.99ea,,$1.76/ 100g,False,zehrs,0.0176,g,8.99
produce,,Sweet Green Peppers,Sweet Green Peppers,$2.15(est.)ea,,$7.69/ 1kg,False,zehrs,0.007690000000000001,g,2.15
produce,,Red Swiss Chard,Red Swiss Chard1 bunch,$3.99ea,,$3.99/ 1ea,False,zehrs,3.99,,3.99
produce,,Avocado,Avocado1 ea,$2.49ea,,$2.49/ 1ea,False,zehrs,2.49,,2.49
produce,,Buttercup Squash,Buttercup Squash,$9.38(est.)ea,,$6.15/ 1kg,False,zehrs,0.00615,g,9.38
produce,,Pink Lady Apples,Pink Lady Apples,$1.61(est.)ea,,$7.69/ 1kg,False,zehrs,0.007690000000000001,g,1.61
produce,PC Organics,Organic Carrots,PC OrganicsOrganic Carrots2 lb bag,$5.49ea,,$0.61/ 100g,False,zehrs,0.0060999999999999995,g,5.49
produce,,Green Leaf Lettuce,Green Leaf Lettuce1 ea,$4.99ea,,$4.99/ 1ea,False,zehrs,4.99,,4.99
produce,,Chinese Napa Cabbage,Chinese Napa Cabbage,$4.92(est.)ea,,$4.39/ 1kg,False,zehrs,0.00439,g,4.92
produce,,Navel Orange,Navel Orange,$2.31(est.)ea,,$6.59/ 1kg,False,zehrs,0.0065899999999999995,g,2.31
produce,,"Plantains, Single","Plantains, Single",$0.94(est.)ea,,$2.84/ 1kg,False,zehrs,0.0028399999999999996,g,0.94
produce,Farmer's Market,Mini Carrots,Farmer's MarketMini Carrots2 lb bag,$5.49ea,,$0.61/ 100g,False,zehrs,0.0060999999999999995,g,5.49
produce,,Yellow Beans,Yellow Beans250 g,$5.99ea,,$2.40/ 100g,False,zehrs,0.024,g,5.99
seafood,Seaquest,"Colossal Raw Shrimp, 16/20","SeaquestColossal Raw Shrimp, 16/20300 g",$6.99ea,,$2.33/ 100g,False,zehrs,0.0233,g,6.99
seafood,President's Choice,Pacific White Shrimp Raw Peeled,President's ChoicePacific White Shrimp Raw Peeled400 g,$7.99ea,,$2.00/ 100g,False,zehrs,0.02,g,7.99
seafood,,"Fresh Atlantic Salmon Fillets, Skin On, Packaged","Fresh Atlantic Salmon Fillets, Skin On, Packaged",$10.89(est.)ea,,$34.15/ 1kg,False,zehrs,0.03415,g,10.89
seafood,,"Fresh Atlantic Salmon Fillets, Skin On, Packaged, Club Size","Fresh Atlantic Salmon Fillets, Skin On, Packaged, Club Size",$26.68(est.)ea,,$31.95/ 1kg,False,zehrs,0.03195,g,26.68
seafood,President's Choice,Pacific White Shrimp Cooked Peeled,President's ChoicePacific White Shrimp Cooked Peeled400 g,$10.99ea,$7.99ea,$2.00/ 100g,True,zehrs,0.02,g,7.99
seafood,Seaquest,Wild Haddock Fillets Skinless Boneless ,SeaquestWild Haddock Fillets Skinless Boneless 400 g,$8.99ea,,$2.25/ 100g,False,zehrs,0.0225,g,8.99
seafood,President's Choice,Pacific White Shrimp Platter with Mild Cocktail Sauce,President's ChoicePacific White Shrimp Platter with Mild Cocktail Sauce568 g,$19.99ea,,$3.52/ 100g,False,zehrs,0.0352,g,19.99
seafood,DOM,Smoked Steelhead Salmon,DOMSmoked Steelhead Salmon50 g,$3.00ea,,$6.00/ 100g,False,zehrs,0.06,g,3.00
seafood,Seaquest,"Sole Fillets, Skinless Boneless","SeaquestSole Fillets, Skinless Boneless400 g",$8.99ea,,$2.25/ 100g,False,zehrs,0.0225,g,8.99
seafood,,"Raw Wild Shrimp, Easy Peel","Raw Wild Shrimp, Easy Peel300 g",$13.99ea,,$4.66/ 100g,False,zehrs,0.0466,g,13.99
seafood,Seaquest,Shrimp Ring,SeaquestShrimp Ring454 g,$16.99ea,,$3.74/ 100g,False,zehrs,0.0374,g,16.99
seafood,Seaquest,Cod Fillets Wild Pacific,SeaquestCod Fillets Wild Pacific400 g,$8.99ea,,$2.25/ 100g,False,zehrs,0.0225,g,8.99
seafood,President's Choice,Smoked Wild Sockeye Salmon,President's ChoiceSmoked Wild Sockeye Salmon150 g,$11.99ea,,$7.99/ 100g,False,zehrs,0.0799,g,11.99
seafood,Marina,Wild Caught Argentinian Shrimp,MarinaWild Caught Argentinian Shrimp300 g,$6.99ea,,$2.33/ 100g,False,zehrs,0.0233,g,6.99
seafood,Seaquest,King Crab Flavoured Wild Alaska Pollock & Wild Pacific Whiting,SeaquestKing Crab Flavoured Wild Alaska Pollock & Wild Pacific Whiting227 g,$3.99ea,,$1.76/ 100g,False,zehrs,0.0176,g,3.99
seafood,,"Rainbow Trout Fillets, Boneless, Packaged","Rainbow Trout Fillets, Boneless, Packaged",$9.22(est.)ea,,$30.84/ 1kg,False,zehrs,0.03084,g,9.22
seafood,President's Choice,Black Tiger Shrimp With Mild Cocktail Sauce Gigantico,President's ChoiceBlack Tiger Shrimp With Mild Cocktail Sauce Gigantico568 g,$27.99ea,,$4.93/ 100g,False,zehrs,0.0493,g,27.99
seafood,Seaquest,Tilapia Fillets,SeaquestTilapia Fillets400 g,$8.99ea,,$2.25/ 100g,False,zehrs,0.0225,g,8.99
seafood,President's Choice,Zipperback Pacific White Shrimp Raw,President's ChoiceZipperback Pacific White Shrimp Raw400 g,$8.99ea,,$2.25/ 100g,False,zehrs,0.0225,g,8.99
seafood,President's Choice,Tempura Torpedo Shrimp With Sweet Soy Dipping Sauce,President's ChoiceTempura Torpedo Shrimp With Sweet Soy Dipping Sauce340 g,$12.99ea,,$3.82/ 100g,False,zehrs,0.0382,g,12.99
seafood,President's Choice,Breaded Coconut Shrimp With Sweet Chili Dipping Sauce,President's ChoiceBreaded Coconut Shrimp With Sweet Chili Dipping Sauce454 g,$12.99ea,,$2.86/ 100g,False,zehrs,0.0286,g,12.99
seafood,President's Choice,Breaded Butterflied Shrimp ,President's ChoiceBreaded Butterflied Shrimp 400 g,$12.99ea,,$3.25/ 100g,False,zehrs,0.0325,g,12.99
seafood,Seaquest,Salad Shrimp,SeaquestSalad Shrimp454 g,$10.99ea,,$2.42/ 100g,False,zehrs,0.0242,g,10.99
seafood,High Liner,Pink Salmon,High LinerPink Salmon400 g,$10.99ea,,$2.75/ 100g,False,zehrs,0.0275,g,10.99
seafood,Seaquest,Pink Salmon Fillets,SeaquestPink Salmon Fillets400 g,$10.99ea,,$2.75/ 100g,False,zehrs,0.0275,g,10.99
seafood,,Lobster Tail 2-3 Oz Frozen (1 Ea),Lobster Tail 2-3 Oz Frozen (1 Ea)57 g,$6.99ea,,$6.99/ 1ea,False,zehrs,6.99,,6.99
seafood,President's Choice,Scottish Atlantic Salmon Double Smoked ,President's ChoiceScottish Atlantic Salmon Double Smoked 150 g,$11.99ea,,$7.99/ 100g,False,zehrs,0.0799,g,11.99
seafood,President's Choice,Crispy Shrimp Fine Hors D'Oeuvre Trio,President's ChoiceCrispy Shrimp Fine Hors D'Oeuvre Trio528 g,$19.99ea,,$3.79/ 100g,False,zehrs,0.0379,g,19.99
seafood,Seaquest,King Crab Flavoured Wild Alaska Pollock Chunks,SeaquestKing Crab Flavoured Wild Alaska Pollock Chunks227 g,$3.99ea,,$1.76/ 100g,False,zehrs,0.0176,g,3.99
seafood,President's Choice,"Wild Yellowfin Tuna Skinless Boneless Steaks, Sustainably Sourced 280g","President's ChoiceWild Yellowfin Tuna Skinless Boneless Steaks, Sustainably Sourced 280g280 g",$12.99ea,,$4.64/ 100g,False,zehrs,0.0464,g,12.99
seafood,Seaquest,Pink Salmon Fillets,SeaquestPink Salmon Fillets1 kg,$17.99ea,,$1.80/ 100g,False,zehrs,0.018000000000000002,g,17.99
seafood,President's Choice,Bacon-Wrapped Wild Sea Scallops,President's ChoiceBacon-Wrapped Wild Sea Scallops260 g,$17.99ea,,$6.92/ 100g,False,zehrs,0.0692,g,17.99
seafood,Anchor Bay,Mussel Meat,Anchor BayMussel Meat340 g,$5.99ea,,$1.76/ 100g,False,zehrs,0.0176,g,5.99
seafood,,Cod Fillet,Cod Fillet,$9.78(est.)ea,,$33.05/ 1kg,False,zehrs,0.033049999999999996,g,9.78
seafood,,Mussels,Mussels907 g,$6.99ea,,$0.77/ 100g,False,zehrs,0.0077,g,6.99
seafood,PC Blue Menu,"Wild Sea Scallops, 100/150","PC Blue MenuWild Sea Scallops, 100/150400 g",$15.99ea,,$4.00/ 100g,False,zehrs,0.04,g,15.99
seafood,,Fresh Atlantic Smelt,Fresh Atlantic Smelt,$7.27(est.)ea,,$22.02/ 1kg,False,zehrs,0.022019999999999998,g,7.27
seafood,Premier,Wild Crab Blue Swimming Crab Meat,PremierWild Crab Blue Swimming Crab Meat227 g,$15.99ea,,$7.04/ 100g,False,zehrs,0.0704,g,15.99
seafood,Nanuk,Smoked Coho Salmon,NanukSmoked Coho Salmon300 g,$22.99ea,,$7.66/ 100g,False,zehrs,0.0766,g,22.99
seafood,Paese Mio,Anchovies,Paese MioAnchovies160 g,$7.99ea,,$5.33/ 100g,False,zehrs,0.0533,g,7.99
seafood,Salads of the Sea,Smoked Salmon Flavoured Dip,Salads of the SeaSmoked Salmon Flavoured Dip198 g,$5.29ea,,$2.67/ 100g,False,zehrs,0.026699999999999998,g,5.29
seafood,,"Tuna, Previously Frozen, Packaged","Tuna, Previously Frozen, Packaged",$7.15(est.)ea,,$30.84/ 1kg,False,zehrs,0.03084,g,7.15
seafood,,"Lobster Tail, Frozen (5-6Oz)","Lobster Tail, Frozen (5-6Oz)156 g",$12.99ea,,$8.33/ 100g,False,zehrs,0.0833,g,12.99
seafood,Seaquest,"Basa fillets, skinless & boneless","SeaquestBasa fillets, skinless & boneless1 kg",$13.99ea,,$1.40/ 100g,False,zehrs,0.013999999999999999,g,13.99
seafood,Foppen,Smoked Salmon Slices Flame Roasted ,FoppenSmoked Salmon Slices Flame Roasted 170 g,$12.99ea,,$7.64/ 100g,False,zehrs,0.0764,g,12.99
seafood,,Pickerel Fillets,Pickerel Fillets,$21.48(est.)ea,,$50.68/ 1kg,False,zehrs,0.05068,g,21.48
seafood,Waterview Market,Crispy Calamari,Waterview MarketCrispy Calamari300 g,$4.29ea,,$1.43/ 100g,False,zehrs,0.0143,g,4.29
seafood,President's Choice,Salmon & Haddock Fish Cake,President's ChoiceSalmon & Haddock Fish Cake290 g,$7.99ea,,$2.76/ 100g,False,zehrs,0.0276,g,7.99
seafood,Ocean Jewel,"Scottish Kippers, Boned    ","Ocean JewelScottish Kippers, Boned    200 g",$4.99ea,,$2.50/ 100g,False,zehrs,0.025,g,4.99
seafood,Waterview Market,Crispy Calamari,Waterview MarketCrispy Calamari300 g,$4.29ea,,$1.43/ 100g,False,zehrs,0.0143,g,4.29
seafood,,"All-Seasoned Salmon Sausage, Italian","All-Seasoned Salmon Sausage, Italian",$5.73(est.)ea,,$22.02/ 1kg,False,zehrs,0.022019999999999998,g,5.73
seafood,President's Choice,"Candied Salmon, Maple Flavour","President's ChoiceCandied Salmon, Maple Flavour150 g",$10.99ea,,$7.33/ 100g,False,zehrs,0.0733,g,10.99
seafood,,"Littleneck Clams, Live","Littleneck Clams, Live",$16.74(est.)ea,,$24.23/ 1kg,False,zehrs,0.02423,g,16.74
seafood,Anchor Bay,Cooked Shrimp 61-70 ct,Anchor BayCooked Shrimp 61-70 ct454 g,$15.99ea,,$3.52/ 100g,False,zehrs,0.0352,g,15.99
seafood,,"Fresh Organic Atlantic Salmon Fillets, Skin On, Packaged","Fresh Organic Atlantic Salmon Fillets, Skin On, Packaged",$16.84(est.)ea,,$57.29/ 1kg,False,zehrs,0.05729,g,16.84
seafood,President's Choice,Sea Salt and Malt Vinegar Haddock Bites,President's ChoiceSea Salt and Malt Vinegar Haddock Bites454 g,$11.99ea,,$2.64/ 100g,False,zehrs,0.0264,g,11.99
seafood,,"Fresh Snapper, Whole","Fresh Snapper, Whole",$18.33(est.)ea,,$28.64/ 1kg,False,zehrs,0.028640000000000002,g,18.33
seafood,President's Choice,Halibut,President's ChoiceHalibut240 g,$25.99ea,,$10.83/ 100g,False,zehrs,0.10830000000000001,g,25.99
seafood,Feature Foods,Herring Fillets in Wine Marinade,Feature FoodsHerring Fillets in Wine Marinade600 g,$7.99ea,,$1.33/ 100g,False,zehrs,0.013300000000000001,g,7.99
seafood,,Fresh Atlantic Salmon Portion Tray Pack,Fresh Atlantic Salmon Portion Tray Pack,$10.60(est.)ea,,$46.28/ 1kg,False,zehrs,0.04628,g,10.60
seafood,Bos,Smoked Rainbow Trout Fillet Natural,BosSmoked Rainbow Trout Fillet Natural190 g,$11.99ea,,$6.31/ 100g,False,zehrs,0.06309999999999999,g,11.99
seafood,Seaquest,Crab Flakes,SeaquestCrab Flakes454 g,$5.99ea,,$1.32/ 100g,False,zehrs,0.0132,g,5.99
seafood,PC Organics,Organic Atlantic Salmon Fillets,PC OrganicsOrganic Atlantic Salmon Fillets280 g,$19.99ea,,$7.14/ 100g,False,zehrs,0.07139999999999999,g,19.99
seafood,PC Blue Menu,Rainbow Trout Skinless Boneless Fillets,PC Blue MenuRainbow Trout Skinless Boneless Fillets280 g,$12.99ea,,$4.64/ 100g,False,zehrs,0.0464,g,12.99
seafood,,Fresh Rainbow Trout Fillet,Fresh Rainbow Trout Fillet,$16.68(est.)ea,,$30.84/ 1kg,False,zehrs,0.03084,g,16.68
seafood,,"Pink Shrimp, Raw","Pink Shrimp, Raw",$7.65(est.)ea,,$30.84/ 1kg,False,zehrs,0.03084,g,7.65
seafood,,Haddock Fillet,Haddock Fillet,$6.27(est.)ea,,$28.64/ 1kg,False,zehrs,0.028640000000000002,g,6.27
seafood,,"Scallops, 20-40, Packaged","Scallops, 20-40, Packaged",$11.35(est.)ea,,$55.09/ 1kg,False,zehrs,0.05509,g,11.35
seafood,High Liner,Catch of the Day Sole Fillets,High LinerCatch of the Day Sole Fillets800 g,$14.99ea,,$1.87/ 100g,False,zehrs,0.0187,g,14.99
seafood,,Marinated Cat Fish,Marinated Cat Fish,$8.99(est.)ea,,$37.46/ 1kg,False,zehrs,0.03746,g,8.99
seafood,,Tuna Steak Previously Frozen ,Tuna Steak Previously Frozen ,$8.64(est.)ea,,$30.84/ 1kg,False,zehrs,0.03084,g,8.64
seafood,,King Crab Leg/Claw,King Crab Leg/Claw,$108.06(est.)ea,,$167.53/ 1kg,False,zehrs,0.16753,g,108.06
seafood,President's Choice,Raw Butterflied Shrimp Garlic & Herb Grilling 12 Pieces Minimum,President's ChoiceRaw Butterflied Shrimp Garlic & Herb Grilling 12 Pieces Minimum340 g,$12.99ea,,$3.82/ 100g,False,zehrs,0.0382,g,12.99
seafood,Sardo,Herb & Garlic Marinated Mussels ,SardoHerb & Garlic Marinated Mussels 250 ml,$4.49ea,,$1.80/ 100g,False,zehrs,0.018000000000000002,g,4.49
seafood,Foppen,Smoked Slice Salmon Loin,FoppenSmoked Slice Salmon Loin170 g,$13.99ea,,$8.23/ 100g,False,zehrs,0.0823,g,13.99
seafood,PC Blue Menu,"Wild Sockeye Salmon Sustainably Sourced, Skin-On Boneless Fillets","PC Blue MenuWild Sockeye Salmon Sustainably Sourced, Skin-On Boneless Fillets280 g",$18.99ea,,$6.78/ 100g,False,zehrs,0.0678,g,18.99
seafood,President's Choice,Shrimp & Scallops Au Gratin,President's ChoiceShrimp & Scallops Au Gratin240 g,$12.99ea,,$5.41/ 100g,False,zehrs,0.0541,g,12.99
seafood,President's Choice, Atlantic Salmon Burger,President's Choice Atlantic Salmon Burger568 g,$11.99ea,,$2.11/ 100g,False,zehrs,0.021099999999999997,g,11.99
seafood,President's Choice,Raw Shrimp,President's ChoiceRaw Shrimp340 g,$11.99ea,,$3.53/ 100g,False,zehrs,0.0353,g,11.99
seafood,Premier, Seafood Mix,Premier Seafood Mix340 g,$5.99ea,$4.99ea,$1.47/ 100g,True,zehrs,0.0147,g,4.99
seafood,,"Seppi Fish, Fresh","Seppi Fish, Fresh",$11.67(est.)ea,,$39.66/ 1kg,False,zehrs,0.039659999999999994,g,11.67
seafood,,"Rock Lobster Tail, 10-12 oz","Rock Lobster Tail, 10-12 oz100 ea",$34.99ea,,$34.99/ 1ea,False,zehrs,34.99,,34.99
seafood,,Cooked Octopus Tentacles ,Cooked Octopus Tentacles 250 g,$17.99ea,,$7.20/ 100g,False,zehrs,0.07200000000000001,g,17.99
seafood,PC Organics,Organic Zipperback Shrimp,PC OrganicsOrganic Zipperback Shrimp300 g,$14.99ea,,$5.00/ 100g,False,zehrs,0.05,g,14.99
seafood,,"Oysters, Standard Malpeques (Case)","Oysters, Standard Malpeques (Case)2.271 kg",$25.99c01,,$1.14/ 100g,False,zehrs,0.011399999999999999,g,25.99
seafood,,"Fresh Tilapia Fillets, Packaged","Fresh Tilapia Fillets, Packaged",$5.24(est.)ea,,$22.02/ 1kg,False,zehrs,0.022019999999999998,g,5.24
seafood,President's Choice,Black Tiger Shrimp Raw Gigantico,President's ChoiceBlack Tiger Shrimp Raw Gigantico400 g,$15.99ea,,$4.00/ 100g,False,zehrs,0.04,g,15.99
seafood,Seaquest,Basa Fillets,SeaquestBasa Fillets400 g,$8.99ea,,$2.25/ 100g,False,zehrs,0.0225,g,8.99
seafood,,"Lobster Tail, Frozen","Lobster Tail, Frozen125 g",$9.99ea,,$8.84/ 100g,False,zehrs,0.08839999999999999,g,9.99
seafood,,"Cherrystone Clams, Live","Cherrystone Clams, Live",$15.29(est.)ea,,$13.21/ 1kg,False,zehrs,0.013210000000000001,g,15.29
seafood,Sardo,Select Seafood Salad Marinated   ,SardoSelect Seafood Salad Marinated   212 g,$7.39ea,,$2.96/ 100ml,False,zehrs,0.0296,ml,7.39
seafood,Paese Mio,Anchovies,Paese MioAnchovies80 g,$4.49ea,,$5.99/ 100g,False,zehrs,0.0599,g,4.49
seafood,Salads of the Sea,Cajun Crab Flavoured Dip,Salads of the SeaCajun Crab Flavoured Dip198 g,$5.29ea,,$2.67/ 100g,False,zehrs,0.026699999999999998,g,5.29
seafood,High Liner,Catch of the Day Haddock Fillets 5,High LinerCatch of the Day Haddock Fillets 5580 g,$14.99ea,,$2.58/ 100g,False,zehrs,0.0258,g,14.99
seafood,Foppen,Smoked Salmon Toast Trio,FoppenSmoked Salmon Toast Trio248 g,$15.99ea,,$6.45/ 100g,False,zehrs,0.0645,g,15.99
seafood,Paese Mio,Peppered Anchovies In Sun Flower Oil,Paese MioPeppered Anchovies In Sun Flower Oil314 g,$7.99ea,,$2.54/ 100g,False,zehrs,0.0254,g,7.99
seafood,President's Choice,Raw Zipperback Shrimp Grilling,President's ChoiceRaw Zipperback Shrimp Grilling454 g,$18.99ea,,$4.18/ 100g,False,zehrs,0.0418,g,18.99
seafood,,"Lobster Tail, Frozen","Lobster Tail, Frozen95 g",$7.99ea,,$8.41/ 100g,False,zehrs,0.08410000000000001,g,7.99
seafood,,Calamari With Stuffing,Calamari With Stuffing,$9.75(est.)ea,,$22.02/ 1kg,False,zehrs,0.022019999999999998,g,9.75
seafood,Sardo,Select Shrimp Herb & Garlic Marinated ,SardoSelect Shrimp Herb & Garlic Marinated 212 g,$9.49ea,,$3.80/ 100ml,False,zehrs,0.038,ml,9.49
seafood,,Steelhead Trout Fillet,Steelhead Trout Fillet,$12.96(est.)ea,,$37.46/ 1kg,False,zehrs,0.03746,g,12.96
seafood,,Haddock Fillet,Haddock Fillet,$28.64/1 kg,,$28.64/ 1kg,False,zehrs,0.028640000000000002,g,28.64
seafood,Feature Foods,Herring Fillets in Wine Marinade,Feature FoodsHerring Fillets in Wine Marinade320 g,$5.99ea,,$1.87/ 100g,False,zehrs,0.0187,g,5.99
seafood,Chelsea,"Boned Cod Fillets, Salted","ChelseaBoned Cod Fillets, Salted454 g",$12.99ea,,$2.86/ 100g,False,zehrs,0.0286,g,12.99
seafood,President's Choice,Melt In The Middle Sustainably Sourced Cod Fish Cakes,President's ChoiceMelt In The Middle Sustainably Sourced Cod Fish Cakes290 g,$7.99ea,,$2.76/ 100g,False,zehrs,0.0276,g,7.99
seafood,President's Choice,Beer Battered Shrimp,President's ChoiceBeer Battered Shrimp300 g,$12.99ea,,$4.33/ 100g,False,zehrs,0.0433,g,12.99
seafood,PC Blue Menu,"Wild Nova Scotian Sea Scallops, Frozen","PC Blue MenuWild Nova Scotian Sea Scallops, Frozen400 g",$25.99ea,,$6.50/ 100g,False,zehrs,0.065,g,25.99
seafood,President's Choice,Butter & Lemon Grilling Lobster Tail Skewers,President's ChoiceButter & Lemon Grilling Lobster Tail Skewers200 g,$21.99ea,,$11.00/ 100g,False,zehrs,0.11,g,21.99
seafood,Toppits,"Frozen Lobster Meat, Cooked","ToppitsFrozen Lobster Meat, Cooked150 g",$28.99ea,,$19.33/ 100g,False,zehrs,0.19329999999999997,g,28.99
seafood,Seaquest,Wild Haddock Fillets Club Size ,SeaquestWild Haddock Fillets Club Size 1 kg,$17.99ea,,$1.80/ 100g,False,zehrs,0.018000000000000002,g,17.99
seafood,,"Turbot Fillet, Previously Frozen","Turbot Fillet, Previously Frozen",$11.98(est.)ea,,$39.66/ 1kg,False,zehrs,0.039659999999999994,g,11.98
seafood,,"European Sea Bass, Whole","European Sea Bass, Whole",$21.50(est.)ea,,$28.64/ 1kg,False,zehrs,0.028640000000000002,g,21.50
seafood,Salads of the Sea,Smoky Bacon Crab Flavoured Dip,Salads of the SeaSmoky Bacon Crab Flavoured Dip198 g,$5.29ea,,$2.67/ 100g,False,zehrs,0.026699999999999998,g,5.29
seafood,,Fresh Pickerel,Fresh Pickerel,$11.76(est.)ea,,$50.68/ 1kg,False,zehrs,0.05068,g,11.76
seafood,President's Choice,Gluten Free Breaded Shrimp,President's ChoiceGluten Free Breaded Shrimp340 g,$11.99ea,,$3.53/ 100g,False,zehrs,0.0353,g,11.99
seafood,,BC Rockfish Fillets,BC Rockfish Fillets,$7.42(est.)ea,,$28.64/ 1kg,False,zehrs,0.028640000000000002,g,7.42
seafood,PC Organics,Organics Zipperback Raw Black Tiger Shrimp,PC OrganicsOrganics Zipperback Raw Black Tiger Shrimp300 g,$10.99ea,,$3.66/ 100g,False,zehrs,0.0366,g,10.99
seafood,,"Atlantic Salmon, Whole","Atlantic Salmon, Whole",$18.50(est.)ea,,$24.23/ 1kg,False,zehrs,0.02423,g,18.50
seafood,High Liner,Alaskan Pollock Fillets,High LinerAlaskan Pollock Fillets1.32 kg,$14.99ea,,$1.14/ 100g,False,zehrs,0.011399999999999999,g,14.99
seafood,President's Choice,Atlantic Salmon Strips Hot Smoked Spicy & Candied ,President's ChoiceAtlantic Salmon Strips Hot Smoked Spicy & Candied 150 g,$10.99ea,,$7.33/ 100g,False,zehrs,0.0733,g,10.99
seafood,,Cooked Lobster Tray Pack,Cooked Lobster Tray Pack,$25.54(est.)ea,,$41.87/ 1kg,False,zehrs,0.04187,g,25.54
seafood,Aquastar,Rainbow Trout Boneless,AquastarRainbow Trout Boneless680 g,$16.99ea,,$2.50/ 100g,False,zehrs,0.025,g,16.99
seafood,President's Choice,Pacific White Shrimp Cooked Peeled Responsibly Farmed Jumbo ,President's ChoicePacific White Shrimp Cooked Peeled Responsibly Farmed Jumbo 400 g,$18.99ea,,$4.75/ 100g,False,zehrs,0.0475,g,18.99
seafood,,Stuffed Tilapia,Stuffed Tilapia,$20.65(est.)ea,,$35.25/ 1kg,False,zehrs,0.03525,g,20.65
seafood,,Cod Fillets,Cod Fillets,$33.05/1 kg,,$33.05/ 1kg,False,zehrs,0.033049999999999996,g,33.05
seafood,,"Fresh Atlantic Salmon Fillets, Skin On, Marinated, Packaged","Fresh Atlantic Salmon Fillets, Skin On, Marinated, Packaged",$10.65(est.)ea,,$36.36/ 1kg,False,zehrs,0.036359999999999996,g,10.65
seafood,President's Choice,Breaded Cod Bites With Sauce,President's ChoiceBreaded Cod Bites With Sauce454 g,$12.99ea,,$2.86/ 100g,False,zehrs,0.0286,g,12.99
seafood,PC Blue Menu,Atlantic Salmon Skinless Boneless Fillets,PC Blue MenuAtlantic Salmon Skinless Boneless Fillets280 g,$14.99ea,,$5.35/ 100g,False,zehrs,0.0535,g,14.99
seafood,,"Malpeque Oysters, Medium","Malpeque Oysters, Medium40 g",$1.49ea,,$3.73/ 100g,False,zehrs,0.0373,g,1.49
seafood,,"Sea Scallops, U12, Frozen","Sea Scallops, U12, Frozen",$21.60(est.)ea,,$77.14/ 1kg,False,zehrs,0.07714,g,21.60
seafood,,"Faroe Island Salmon Fillet, Tray Pack","Faroe Island Salmon Fillet, Tray Pack",$12.73(est.)ea,,$39.66/ 1kg,False,zehrs,0.039659999999999994,g,12.73
seafood,PC Organics,Organics Peeled Raw Black Tiger Shrimp,PC OrganicsOrganics Peeled Raw Black Tiger Shrimp300 g,$14.99ea,,$5.00/ 100g,False,zehrs,0.05,g,14.99
seafood,Toppits,Snow Crab Legs & Claw,ToppitsSnow Crab Legs & Claw500 g,$29.99ea,,$6.00/ 100g,False,zehrs,0.06,g,29.99
seafood,,Wild Pink Shrimp Raw 16-20 Eazy Peel,Wild Pink Shrimp Raw 16-20 Eazy Peel908 g,$29.99ea,,$3.31/ 100g,False,zehrs,0.0331,g,29.99
seafood,,Canadian Snow Crab,Canadian Snow Crab,$26.81(est.)ea,,$59.50/ 1kg,False,zehrs,0.0595,g,26.81
seafood,Fortune Oysters, Live Oysters,Fortune Oysters Live Oysters360 g,$9.99ea,,$2.78/ 100g,False,zehrs,0.0278,g,9.99
seafood,Paese Mio,Anchovies,Paese MioAnchovies235 g,$13.99ea,,$5.95/ 100g,False,zehrs,0.059500000000000004,g,13.99
seafood,President's Choice,Breaded Potato and Wild Salt Cod Croquettes,President's ChoiceBreaded Potato and Wild Salt Cod Croquettes300 g,$9.99ea,,$3.33/ 100g,False,zehrs,0.0333,g,9.99
seafood,DOM,Organics Live Mussels,DOMOrganics Live Mussels907 g,$6.99ea,,$0.77/ 100g,False,zehrs,0.0077,g,6.99
seafood,,Fresh Atlantic Mackerel,Fresh Atlantic Mackerel,$12.93(est.)ea,,$17.61/ 1kg,False,zehrs,0.01761,g,12.93
seafood,,Lake Perch Fillet Tray Pack ,Lake Perch Fillet Tray Pack ,$25.99(est.)ea,,$66.12/ 1kg,False,zehrs,0.06612,g,25.99
seafood,,Sole Fillet,Sole Fillet,$6.08(est.)ea,,$30.84/ 1kg,False,zehrs,0.03084,g,6.08
seafood,High Liner,Catch of the Day Salmon Fillets,High LinerCatch of the Day Salmon Fillets680 g,$15.99ea,,$2.35/ 100g,False,zehrs,0.0235,g,15.99
seafood,Anchor Bay,Cooked Clam Meat,Anchor BayCooked Clam Meat340 g,$6.99ea,,$2.33/ 100g,False,zehrs,0.0233,g,6.99
seafood,Sardo,Select Shrimp Spicy Jalapeño Marinated,SardoSelect Shrimp Spicy Jalapeño Marinated250 ml,$9.99ea,,$4.00/ 100ml,False,zehrs,0.04,ml,9.99
seafood,President's Choice,Wild Atlantic Cold Water Shrimp Cooked Peeled ,President's ChoiceWild Atlantic Cold Water Shrimp Cooked Peeled 340 g,$13.99ea,,$4.11/ 100g,False,zehrs,0.041100000000000005,g,13.99
seafood,Seaquest,Crab Leg Style,SeaquestCrab Leg Style454 g,$5.99ea,,$1.32/ 100g,False,zehrs,0.0132,g,5.99
seafood,President's Choice,Smoked Atlantic Salmon,President's ChoiceSmoked Atlantic Salmon150 g,$11.99ea,,$7.99/ 100g,False,zehrs,0.0799,g,11.99
seafood,Anchor Bay,Cooked Clam Meat,Anchor BayCooked Clam Meat340 g,$6.99ea,,$2.33/ 100g,False,zehrs,0.0233,g,6.99
seafood,President's Choice,Everything Seasoned Smoked Steelhead Salmon,President's ChoiceEverything Seasoned Smoked Steelhead Salmon150 g,$11.99ea,,$7.99/ 100g,False,zehrs,0.0799,g,11.99
