category,product_name,price,per_unit_price
dairy_and_eggs,No NameLarge Grade A Eggs12 eggs,$3.89ea,$0.32/ 1ea
dairy_and_eggs,Gay LeaSalted Butter454 g,$7.79ea,$1.72/ 100g
dairy_and_eggs,"No NameWhite Large Eggs, 30 Pack 30 ea",$8.49ea,$0.28/ 1ea
dairy_and_eggs,Gray RidgePremium Large Eggs18 eggs,$6.89ea,$0.38/ 1ea
dairy_and_eggs,"Gay LeaSour Cream, Regular 14%500 ml",$3.99ea,$0.80/ 100ml
dairy_and_eggs,Cracker BarrelBar Marble Cheddar400 g,$8.99ea,$2.25/ 100g
dairy_and_eggs,Cracker BarrelBar Old Cheddar400 g,$8.99ea,$2.25/ 100g
dairy_and_eggs,No NameFarmer's Marble Cheese700 g,$9.79ea,$1.40/ 100g
dairy_and_eggs,PC Blue MenuEgg Whites1 kg,$6.29ea,$0.63/ 100g
dairy_and_eggs,PC OrganicsOrganic Free-Range Brown Eggs12 eggs,$7.49ea,$0.62/ 1ea
dairy_and_eggs,NestleCoffee Mate Double Double-Mate Liquid Coffee Enhancer Value Size1.89 l,$8.99ea,$0.48/ 100ml
dairy_and_eggs,ViolifeMozzarella Style Shreds 227 g,$6.99ea,$3.08/ 100g
dairy_and_eggs,"Tre StelleGrated Cheese, 100% Parmesan200 g",$8.19ea,$4.10/ 100g
dairy_and_eggs,"OlympicFat Free Organic Yogurt, Plain650 g",$5.49ea,$0.84/ 100g
dairy_and_eggs,PC OrganicsOrganic Homogenized Milk1 l,$4.59ea,$0.46/ 100ml
dairy_and_eggs,WoolwichDairy Old Goat's Milk Cheddar Cheese200 g,$9.49ea,$4.75/ 100g
dairy_and_eggs,Black DiamondPizza Mozzarella Regular Shredded320 g,$4.49ea,$1.40/ 100g
dairy_and_eggs,No Name 75% Vegetable Oil Margarine Squares1.36 kg,$7.99ea,$0.59/ 100g
dairy_and_eggs,Gay LeaLactose Free Cottage Cheese450 g,$5.49ea,$1.22/ 100g
dairy_and_eggs,siggi'sLemon 3.25% M.F. Creamy Skyr650 g,$7.49ea,$1.15/ 100g
dairy_and_eggs,President's ChoiceHavarti Sliced Cheese210 g,$4.99ea,$2.38/ 100g
dairy_and_eggs,"Gay LeaNordica Cottage Cheese, 2%750 g",$7.49ea,$1.00/ 100g
dairy_and_eggs,Rolling MeadowGrass Fed 3.8% Milk2 l,$6.69ea,$0.33/ 100ml
dairy_and_eggs,YoplaitStrawberry Banana Yogurt8x93.0 ml,$6.99ea,$0.94/ 100ml
dairy_and_eggs,"NestleCoffee-Mate, Original1.4 kg",$13.99ea,$1.00/ 100g
dairy_and_eggs,Burnbrae FarmsNaturegg Simply Egg Whites1 ea,$4.29ea,$0.86/ 100ml
dairy_and_eggs,"Gray RidgeBrown Eggs, Large18 eggs",$7.19ea,$0.40/ 1ea
dairy_and_eggs,OlivinaMargarine427 g,$4.49ea,$1.05/ 100g
dairy_and_eggs,"siggi'sYogurt, Strawberry 2% M.F. Simple Ingredient Skyr650 g",$7.49ea,$1.15/ 100g
dairy_and_eggs,Gray RidgeExtra Large Eggs18 eggs,$7.19ea,$0.40/ 1ea
dairy_and_eggs,"Gay LeaButter Sticks, Salted454 g",$8.49ea,$1.87/ 100g
dairy_and_eggs,"PC OrganicsOrganic Cultured Coconut Milk Yogurt, Alternative Vanilla680 g",$5.99ea,$0.88/ 100g
dairy_and_eggs,WesternCottage cheese500 g,$7.69ea,$1.54/ 100g
dairy_and_eggs,LiberteKéfir Organic 1% MF Plain1000 g,$6.29ea,$0.63/ 100g
dairy_and_eggs,"PC Blue MenuFree Run Omega-3 Hard-Boiled Peeled Eggs, Pack of 33x88.0 g",$3.29ea,$3.74/ 100g
dairy_and_eggs,No NameMedium Grade A White Eggs12 eggs,$3.59ea,$0.30/ 1ea
dairy_and_eggs,NeilsonTrutaste Lactose Free 2% Milk1 l,$4.49ea,$0.45/ 100ml
dairy_and_eggs,PhiladelphiaWhipped Jalapeno Cheddar Cream Cheese Product227 g,$4.99ea,$2.20/ 100g
dairy_and_eggs,No NameLight Medium Cheddar Cheese400 g,$5.99ea,$1.50/ 100g
dairy_and_eggs,NeilsonTrutaste Homogenized Milk Lactose Free 3.25% M.F.4 l,$10.79ea,$0.27/ 100ml
dairy_and_eggs,Violife Smoke Flavoured Provolone Style Slices 200 g,$6.99ea,$3.50/ 100g
dairy_and_eggs,NestleCoffee Mate Liquid French Vanilla Value Size1.89 l,$8.99ea,$0.48/ 100ml
dairy_and_eggs,No Name68% Vegetable Oil Margarine 907 g,$4.59ea,$0.51/ 100g
dairy_and_eggs,Golden GateMirage Margarine2.72 kg,$18.49ea,$0.68/ 100g
dairy_and_eggs,President's ChoiceChocolate Chip Cookie Dough468 g,$4.49ea,$0.96/ 100g
dairy_and_eggs,LiberteKéfir 1% MF Plain1000 ml,$5.99ea,$0.60/ 100ml
dairy_and_eggs,"NeilsonFlavoured Milk, Chocolate2 l",$5.79ea,$0.29/ 100ml
dairy_and_eggs,Black DiamondSliced Marble Cheddar Cheese240 g,$6.29ea,$2.62/ 100g
dairy_and_eggs,NestleCoffee Mate Double Double-Mate Liquid Coffee Enhancer Value Size1.89 l,$8.99ea,$0.48/ 100ml
dairy_and_eggs,ViolifeMozzarella Style Shreds 227 g,$6.99ea,$3.08/ 100g
dairy_and_eggs,"Tre StelleGrated Cheese, 100% Parmesan200 g",$8.19ea,$4.10/ 100g
dairy_and_eggs,"OlympicFat Free Organic Yogurt, Plain650 g",$5.49ea,$0.84/ 100g
dairy_and_eggs,OlivinaMargarine427 g,$4.49ea,$1.05/ 100g
dairy_and_eggs,siggi'sLemon 3.25% M.F. Creamy Skyr650 g,$7.49ea,$1.15/ 100g
dairy_and_eggs,President's ChoiceHavarti Sliced Cheese210 g,$4.99ea,$2.38/ 100g
dairy_and_eggs,"Gay LeaNordica Cottage Cheese, 2%750 g",$7.49ea,$1.00/ 100g
dairy_and_eggs,"siggi'sYogurt, Strawberry 2% M.F. Simple Ingredient Skyr650 g",$7.49ea,$1.15/ 100g
dairy_and_eggs,Gray RidgeExtra Large Eggs18 eggs,$7.19ea,$0.40/ 1ea
dairy_and_eggs,"Gay LeaButter Sticks, Salted454 g",$8.49ea,$1.87/ 100g
dairy_and_eggs,"PC OrganicsOrganic Cultured Coconut Milk Yogurt, Alternative Vanilla680 g",$5.99ea,$0.88/ 100g
dairy_and_eggs,WesternCottage cheese500 g,$7.69ea,$1.54/ 100g
dairy_and_eggs,LiberteKéfir Organic 1% MF Plain1000 g,$6.29ea,$0.63/ 100g
dairy_and_eggs,"PC Blue MenuFree Run Omega-3 Hard-Boiled Peeled Eggs, Pack of 33x88.0 g",$3.29ea,$3.74/ 100g
dairy_and_eggs,No NameMedium Grade A White Eggs12 eggs,$3.59ea,$0.30/ 1ea
dairy_and_eggs,NeilsonTrutaste Lactose Free 2% Milk1 l,$4.49ea,$0.45/ 100ml
dairy_and_eggs,Rolling MeadowGrass Fed 3.8% Milk2 l,$6.69ea,$0.33/ 100ml
dairy_and_eggs,YoplaitStrawberry Banana Yogurt8x93.0 ml,$6.99ea,$0.94/ 100ml
dairy_and_eggs,"NestleCoffee-Mate, Original1.4 kg",$13.99ea,$1.00/ 100g
dairy_and_eggs,PC OrganicsOrganic 2% Milk1 l,$4.59ea,$0.46/ 100ml
dairy_and_eggs,"Organic MeadowOrganic Cheese, Old Cheddar340 g",$11.49ea,$3.38/ 100g
dairy_and_eggs,IOGO3.2% Canadian Harvest Blueberry Yogurt650 g,$3.29ea,$0.51/ 100g
dairy_and_eggs,"Gray RidgeGrade A White Eggs, Small12 eggs",$3.19ea,$0.27/ 1ea
dairy_and_eggs,Gay LeaButter 82 Farmhouse 250 g,$7.49ea,$3.00/ 100g
dairy_and_eggs,NeilsonChocolate Milk237 ml,$2.09ea,$0.88/ 100ml
dairy_and_eggs,KraftSingles Mozzarella Processed Cheese Slices410 g,$5.49ea,$1.34/ 100g
dairy_and_eggs,Cracker BarrelShreds Double Ched320 g,$7.49ea,$2.34/ 100g
dairy_and_eggs,NestleCoffee Mate Liquid Hazelnut946 ml,$6.49ea,$0.69/ 100ml
dairy_and_eggs,Black DiamondPizza Mozzarella Cheese Stringable Lactose Free 18% M.F.252 g,$6.99ea,$2.77/ 100g
dairy_and_eggs,AstroBalkan Yogourt Mango Vanilla Cream 6% M.F.500 g,$3.29ea,$0.66/ 100g
dairy_and_eggs,Cracker BarrelSlice Mozz240 g,$4.49ea,$1.87/ 100g
dairy_and_eggs,YoplaitYop Drinkable Yogurt Watermelon Flavour 200 ml,$1.29ea,$0.65/ 100ml
dairy_and_eggs,YoplaitSource Raspberry/Blueberry/Strawberry/Cherry  0% MF Yogurt16x90.0 g,$6.99ea,$0.49/ 100g
dairy_and_eggs,Black DiamondCheestrings Cheddarific 27% M.F.336 g,$6.99ea,$2.08/ 100g
dairy_and_eggs,HansDairy 3.2% Natural Yogurt750 g,$2.69ea,$0.36/ 100g
dairy_and_eggs,YoplaitYop Drinkable Yogurt Blueberry Flavour200 ml,$1.29ea,$0.65/ 100ml
dairy_and_eggs,Cracker BarrelShreds Habanero320 g,$7.49ea,$2.34/ 100g
dairy_and_eggs,"DanoneCreamy Yogurt Variety Pack, Strawberry / Vanilla / Fieldberry / Peach Flavour16x100.0 g",$8.99ea,$0.56/ 100g
dairy_and_eggs,Cracker BarrelSnack Medium Cheddar168 g,$4.99ea,$2.97/ 100g
dairy_and_eggs,LiberteRaspberry Pomegranate 1.5 % M.F. Drinkable Yogourt1 l,$6.29ea,$0.63/ 100ml
dairy_and_eggs,KraftGrated Parmesan Cheese125 g,$5.49ea,$4.39/ 100g
dairy_and_eggs,President's ChoiceVanilla 2% M.F. Greek Yogurt500 g,$5.99ea,$1.20/ 100g
dairy_and_eggs,"GoldeggGolden D White Eggs, Large18 eggs",$7.99ea,$0.44/ 1ea
dairy_and_eggs,Cracker BarrelSweet Combo129 g,$4.99ea,$3.87/ 100g
dairy_and_eggs,"ActiviaProbiotic Yogurt, Mixed Berries, Drinkable Yogurt8x93.0 ml",$5.99ea,$0.81/ 100ml
dairy_and_eggs,No NameCream Cheese Product With Strawberries227 g,$3.79ea,$1.67/ 100g
dairy_and_eggs,No NameCream Cheese Spread with Everything Bagel Seasoning227 g,$3.79ea,$1.67/ 100g
dairy_and_eggs,"No NamePizza Mozzarella Cheese, 28% MF700 g",$9.79ea,$1.40/ 100g
dairy_and_eggs,Cracker BarrelSnack Marble Cheddar168 g,$4.99ea,$2.97/ 100g
dairy_and_eggs,YoplaitSource Dessert Lemon Meringue Pie/Berry Crumble/Key Lime Pie/Strawberries and Cream 0% MF Yogurt16x100.0 g,$6.99ea,$0.44/ 100g
dairy_and_eggs,"Cracker BarrelCheese, Shredded Natural Smoked Aged & Medium 34 % M.F.300 g",$7.49ea,$2.50/ 100g
dairy_and_eggs,NeilsonTrutaste Lactose Free 2% Milk2 l,$6.79ea,$0.34/ 100ml
dairy_and_eggs,Tre StellePaneer350 g,$4.49ea,$1.28/ 100g
dairy_and_eggs,President's ChoiceTriple Cheddar Shredded Cheese Blend 620 g,$12.29ea,$1.98/ 100g
dairy_and_eggs,Cracker BarrelBar Marble Cheddar Light400 g,$8.99ea,$2.25/ 100g
dairy_and_eggs,YoplaitYop Drinkable Yogurt  Strawberry-Banana Flavour200 ml,$1.29ea,$0.65/ 100ml
dairy_and_eggs,President's ChoiceLactose Free Pizza Mozzarella Shredded Cheese320 g,$4.49ea,$1.40/ 100g
dairy_and_eggs,YoplaitLactose Free Strawberry/Raspberry Drinkable Yogurt200 ml,$1.29ea,$0.65/ 100ml
dairy_and_eggs,"AstroOriginal Balkan Style Yogurt, Plain 0%750 g",$3.29ea,$0.44/ 100g
dairy_and_eggs,YoplaitDrinkable Yogurt Strawberry-Raspberry 1.5% M.F.8x93.0 ml,$6.99ea,$0.94/ 100ml
dairy_and_eggs,SaputoShredded Mozzarella1 kg,$19.49ea,$1.95/ 100g
dairy_and_eggs,No NameMargarine454 g,$3.79ea,$0.83/ 100g
dairy_and_eggs,No NamePizza Mozzarella Cheese 200 g,$4.29ea,$2.15/ 100g
dairy_and_eggs,"Black DiamondCheddar Cheese Medium, 32% M.F.400 g",$4.49ea,$1.12/ 100g
dairy_and_eggs,Natrel2% M.F. Milk Protein Shake Made With Ultrafiltered Partly Skimmed Milk2 l,$5.99ea,$0.30/ 100ml
dairy_and_eggs,"Burnbrae FarmsEgg Creations! Whole Eggs, Original500 g",$4.29ea,$0.86/ 100g
dairy_and_eggs,No NameLight Medium Cheddar Cheese200 g,$4.29ea,$2.15/ 100g
dairy_and_eggs,No NameLight Marble Cheddar Cheese200 g,$4.29ea,$2.15/ 100g
dairy_and_eggs,"Burnbrae FarmsNaturegg Nest Laid White Eggs, Large12 eggs",$5.59ea,$0.47/ 1ea
dairy_and_eggs,Gay LeaButter 84% Sea Salted 250 g,$7.49ea,$3.00/ 100g
dairy_and_eggs,Organic MeadowVanilla Kefir1 l,$6.99ea,$0.70/ 100ml
dairy_and_eggs,NeilsonSkim Milk1 l,$3.39ea,$0.34/ 100ml
dairy_and_eggs,Violife Cheddar Style Shreds227 g,$6.99ea,$3.08/ 100g
dairy_and_eggs,President's ChoicePlant Based Coconut Cream Cheese-Style Spread227 g,$3.49ea,$1.54/ 100g
dairy_and_eggs,President's ChoiceStrawberry Skyr Icelandic Style 0% M.F. Yogurt4x100.0 g,$3.99ea,$1.00/ 100g
dairy_and_eggs,7 DaysBake It Filo Pastry Med500 g,$3.99ea,$0.80/ 100g
dairy_and_eggs,NeilsonHalf & Half Cream237 ml,$2.49ea,$1.05/ 100ml
dairy_and_eggs,NeilsonOriginal Chocolate Milkshake310 ml,$2.75ea,$0.89/ 100ml
dairy_and_eggs,PC OrganicsOrganic Partly Skimmed 1% Milk4 l,$10.39ea,$0.26/ 100ml
dairy_and_eggs,President's ChoiceBlueberry 0% M.F. Greek Yogurt 500 g,$5.99ea,$1.20/ 100g
dairy_and_eggs,No NameLight Coffee Whitener450 g,$5.49ea,$1.22/ 100g
dairy_and_eggs,GoldeggOmega 3 White Eggs12 eggs,$6.29ea,$0.52/ 1ea
dairy_and_eggs,No NameStringable Cheese Pizza Mozzarella336 g,$6.49ea,$1.93/ 100g
dairy_and_eggs,"Organic MeadowOrganic Butter, Unsalted454 g",$11.99ea,$2.64/ 100g
dairy_and_eggs,PC Blue MenuBlue Menu Calorie Reduced Margarine454 g,$4.79ea,$1.06/ 100g
dairy_and_eggs,"OlympicOrganic Yogurt, Plain 3.5%650 g",$5.49ea,$0.84/ 100g
dairy_and_eggs,Black DiamondShredded Pizza/ Pasta Mozzarella Cheese907 g,$16.49ea,$1.82/ 100g
dairy_and_eggs,PC OrganicsBalkan Style Yogurt Plain 6% M.F. 500 g,$4.49ea,$0.90/ 100g
dairy_and_eggs,"OlympicGreek Yogurt, Plain650 g",$4.99ea,$0.77/ 100g
dairy_and_eggs,ArmstrongSnack Old Cheddar Cheese630 g,$14.49ea,$2.30/ 100g
dairy_and_eggs,"Gay LeaNordica Cottage Cheese, 2%500 g",$5.49ea,$1.10/ 100g
dairy_and_eggs,"NeilsonHomogenized Milk Microfiltered, 3.25% M.F.1 l",$3.69ea,$0.37/ 100ml
dairy_and_eggs,IcimTurkish Cheese550 g,$6.69ea,$1.22/ 100g
dairy_and_eggs,"The Greek GodsYogurt, Vanille500 g",$5.49ea,$1.10/ 100g
dairy_and_eggs,DerleaGarlic Spread250 g,$2.79ea,$1.12/ 100g
dairy_and_eggs,"OlympicOrganic Yogurt, Plain 3.5%650 g",$5.49ea,$0.84/ 100g
dairy_and_eggs,Earth IslandCheddar Cheese Slices200 g,$7.99ea,$4.00/ 100g
dairy_and_eggs,"The Greek GodsYogurt, Vanille500 g",$5.49ea,$1.10/ 100g
dairy_and_eggs,DerleaGarlic Spread250 g,$2.79ea,$1.12/ 100g
dairy_and_eggs,BecelButtery Taste Margarine680 g,$6.99ea,$1.10/ 100g
dairy_and_eggs,YoplaitYop Drinkable Yogurt Limited Edition200 ml,$1.29ea,$0.65/ 100ml
dairy_and_eggs,Tre StelleTre Stelle Cream Cheese Original    200 g,$4.49ea,$2.25/ 100g
dairy_and_eggs,"Gray RidgeGrade A Brown Eggs, Large12 eggs",$5.69ea,$0.47/ 1ea
dairy_and_eggs,"DanoneTwo Good Greek Yogurt, Plain Yogurt Tub, Blended, 2% MF625 g",$5.49ea,$0.88/ 100g
dairy_and_eggs,"SilkCoconut Yogurt Style, Plain, Unsweetened, Plant Based Dairy Free Yogurt680 g",$7.49ea,$1.10/ 100g
dairy_and_eggs,Milk 2 GoVanilla Flavour473 ml,$2.69ea,$0.57/ 100ml
dairy_and_eggs,"ActiviaYogurt With Probiotics, Plain 3.2% M/F.650 g",$3.49ea,$0.54/ 100g
dairy_and_eggs,LiberteGreek Yogurt Cream Berry 8% MF650 g,$5.99ea,$0.92/ 100g
dairy_and_eggs,President's ChoicePeach Mango 2% M.F. Greek Yogurt4x100.0 g,$3.99ea,$1.00/ 100g
dairy_and_eggs,"ActiviaYogurt With Probiotics, Vanilla Flavouractose-Free8x100.0 g",$5.49ea,$0.69/ 100g
dairy_and_eggs,"DanoneCreamy Yogurt Variety Pack, Strawberry-Vanilla / Peach-Vanilla / Cherry-Vanilla / Mango-Vanilla Flavour16x100.0 g",$8.99ea,$0.56/ 100g
dairy_and_eggs,Tre StelleTre Stelle Cream Cheese with Herbs and Spices200 g,$4.49ea,$2.25/ 100g
dairy_and_eggs,Lactantia3.25% M.F. Homogenized Milk2 l,$6.19ea,$0.31/ 100ml
dairy_and_eggs,LiberteGreek Coconut 3% MF Yogurt750 g,$5.99ea,$0.80/ 100g
dairy_and_eggs,PhiladelphiaWhipped Mixed Berry Cream Cheese227 g,$4.99ea,$2.20/ 100g
dairy_and_eggs,President's ChoiceTre Formaggi Shredded Cheese Blend620 g,$12.29ea,$1.98/ 100g
dairy_and_eggs,"OikosHigh Protein Greek Yogurt, Strawberry-Raspberry Flavour, Blended, Value Tub650 g",$6.49ea,$1.00/ 100g
dairy_and_eggs,Earth BalanceSoy Free Buttery Spread    425 g,$5.49ea,$1.29/ 100g
dairy_and_eggs,President's ChoiceMedium Cheddar Cheese400 g,$6.49ea,$1.62/ 100g
dairy_and_eggs,NatrelLactose Free Homogenized Milk2 l,$5.99ea,$0.30/ 100ml
dairy_and_eggs,Cracker BarrelSlice Swiss220 g,$4.49ea,$2.04/ 100g
dairy_and_eggs,No NameLight Cream Cheese Product with Herbs & Roasted Garlic 227 g,$3.79ea,$1.67/ 100g
dairy_and_eggs,PC OrganicsBalkan Style Yogurt Plain 6% M.F. 500 g,$4.49ea,$0.90/ 100g
dairy_and_eggs,"PC OrganicsOrganic Free Run Brown Eggs, Medium12 eggs",$7.29ea,$0.61/ 1ea
dairy_and_eggs,"OlympicGreek Yogurt, Plain650 g",$4.99ea,$0.77/ 100g
dairy_and_eggs,ArmstrongSnack Old Cheddar Cheese630 g,$14.49ea,$2.30/ 100g
dairy_and_eggs,Burnbrae FarmsNaturegg Egg Whites2x250.0 ea,$4.29ea,$0.86/ 100ml
dairy_and_eggs,"Gay LeaNordica Cottage Cheese, 2%500 g",$5.49ea,$1.10/ 100g
dairy_and_eggs,ArlaHavarti 33 % M.F. 8 Snack Cheese Bars168 g,$5.99ea,$3.57/ 100g
dairy_and_eggs,Kintore Coffee CoDark Roasted Whole Bean Coffee454 g,$19.99ea,$4.40/ 100g
dairy_and_eggs,OlympicYogurt-French Vanilla1.75 kg,$9.99ea,$0.57/ 100g
dairy_and_eggs,No NameFat-Free Cottage Cheese500 g,$4.99ea,$1.00/ 100g
dairy_and_eggs,"ActiviaProbiotic Yogurt, Raspberry/Apple/Blackberry/Strawberry Flavour12x100.0 g",$6.49ea,$0.54/ 100g
dairy_and_eggs,"ActiviaYogurt With Probiotics, Peach Flavour Tub650 g",$3.49ea,$0.54/ 100g
dairy_and_eggs,"ActiviaProbiotic Yogurt, Blueberry/Vanilla12x100.0 g",$6.49ea,$0.54/ 100g
dairy_and_eggs,"ActiviaImmune System, Probiotic Drinkable Yogurt, Peach, 8 Bottles8x93.0 ml",$5.99ea,$0.81/ 100ml
dairy_and_eggs,"NeilsonHomogenized Milk Microfiltered, 3.25% M.F.1 l",$3.69ea,$0.37/ 100ml
dairy_and_eggs,IcimTurkish Cheese550 g,$6.69ea,$1.22/ 100g
dairy_and_eggs,"Organic MeadowOrganic Butter, Salted     454 g",$11.99ea,$2.64/ 100g
dairy_and_eggs,No NameMedium Cheddar Cheese200 g,$4.29ea,$2.15/ 100g
dairy_and_eggs,"IOGONano Drinkable Yogurt, Raspberry6x93.0 ml",$3.49ea,$0.63/ 100ml
dairy_and_eggs,"IOGOFat Free Yogurt, Strawberry, Blueberry, Peach, Vanilla16x100.0 g",$5.99ea,$0.37/ 100g
dairy_and_eggs,"OikosGreek Yogurt, Plain, No Added Sugar, 2% Mf, Value Tub750 g",$6.49ea,$0.87/ 100g
dairy_and_eggs,"Saputo4-Cheese Blend, Shredded1 kg",$19.49ea,$1.95/ 100g
dairy_and_eggs,Oikos2% Strawberry-Raspberry 4X100G4x100.0 g,$4.49ea,$1.12/ 100g
dairy_and_eggs,LiberteGreek Plain 0% MF Yogurt750 g,$5.99ea,$0.80/ 100g
dairy_and_eggs,LiberteGreek Mango 0% MF Yogurt750 g,$5.99ea,$0.80/ 100g
dairy_and_eggs,President's ChoiceSmoke Flavoured Cheddar Cheese400 g,$6.49ea,$1.62/ 100g
dairy_and_eggs,"ActiviaProbiotic Yogurt, Strawberry Rhubarb Flavour650 g",$3.49ea,$0.54/ 100g
dairy_and_eggs,LiberteGreek Yogurt Cream Cappuchino  8%MF650 g,$5.99ea,$0.92/ 100g
dairy_and_eggs,President's ChoicePeach Mango 2% M.F. Greek Yogurt4x100.0 g,$3.99ea,$1.00/ 100g
dairy_and_eggs,YoplaitSource Raspberry/Fieldberry/Strawberry/Peach  0% MF Yogurt16x100.0 g,$6.99ea,$0.44/ 100g
dairy_and_eggs,"OikosFat Free Greek Yogurt, Coconut Flavour, Blended, 0% M.F.4x100.0 g",$4.49ea,$1.12/ 100g
dairy_and_eggs,LiberteGreek Grk Ex Crm Str/Ban 5%650 g,$5.99ea,$0.92/ 100g
dairy_and_eggs,NatrelChocolate 2% M.F. Milk Protein Shake Made With Ultrafiltered Partly Skimmed Milk2 l,$5.99ea,$0.30/ 100ml
dairy_and_eggs,President's Choice0% M.F. Vanilla Skyr Yogurt908 g,$6.99ea,$0.77/ 100g
dairy_and_eggs,Spread 'Em Kitchen Co.The Big Smoke200 g,$9.99ea,$5.00/ 100g
dairy_and_eggs,RivieraSour Cream2x120.0 ml,$3.59ea,$1.50/ 100ml
dairy_and_eggs,PC OrganicsOrganic Milk1 l,$4.59ea,$0.46/ 100ml
dairy_and_eggs,PC Blue MenuOriginal Margarine1.81 kg,$11.99ea,$0.66/ 100g
dairy_and_eggs,Gay LeaGrass Fed Salted Butter250 g,$7.49ea,$3.00/ 100g
dairy_and_eggs,"Organic MeadowWhipping Cream, 35%500 ml",$7.29ea,$1.46/ 100ml
dairy_and_eggs,PC OrganicsOrganic Free-Range Brown Eggs12 eggs,$7.69ea,$0.64/ 1ea
dairy_and_eggs,Gay LeaLactose Free Sour Cream450 ml,$3.99ea,$0.89/ 100ml
dairy_and_eggs,"YosoCultured Coconut Yogurt, Unsweetened440 g",$5.49ea,$1.25/ 100g
dairy_and_eggs,Burnbrae FarmsEggs2go! 6 Hard Boiled Peeled Eggs6 ea,$4.39ea,$0.73/ 1ea
dairy_and_eggs,No NameLight Old Cheddar Cheese 200 g,$4.29ea,$2.15/ 100g
dairy_and_eggs,NeilsonTruTaste Lactose Free 2% Milk4 l,$10.59ea,$0.26/ 100ml
dairy_and_eggs,Organic Meadow10% Half & Half Organic Cream500 ml,$4.29ea,$0.86/ 100ml
dairy_and_eggs,"LactantiaMy Country Butter, Unsalted454 g",$8.29ea,$1.83/ 100g
dairy_and_eggs,NeilsonTrutaste Lactose Free Skim Milk1 l,$4.49ea,$0.45/ 100ml
dairy_and_eggs,"Gay LeaButter, Salted250 g",$5.39ea,$2.16/ 100g
dairy_and_eggs,KraftGrated Parmesan Cheese500 g,$14.99ea,$3.00/ 100g
dairy_and_eggs,President's ChoiceRaspberry Skyr Icelandic Style 4% M.F. Yogurt500 g,$5.99ea,$1.20/ 100g
dairy_and_eggs,No Name75% Vegetable Oil Margarine454 g,$3.49ea,$0.77/ 100g
dairy_and_eggs,PC OrganicsOrganics Stirred Yogurt Plain 10 % M.F. 500 g,$4.99ea,$1.00/ 100g
dairy_and_eggs,"LiberteGoat Milk, 2%1 l",$5.49ea,$0.55/ 100ml
dairy_and_eggs,"Organic MeadowKéfir, Plain1 l",$6.99ea,$0.70/ 100ml
dairy_and_eggs,"Gay LeaSour Cream, Fat Free 1%500 ml",$3.99ea,$0.80/ 100ml
dairy_and_eggs,NestleCoffee Mate French Vanilla Powder425 g,$7.49ea,$1.76/ 100g
dairy_and_eggs,"ArmstrongCheese, Sliced Cheddar with Jalapeño Mexican Fiesta 31 % M.F.220 g",$6.49ea,$2.95/ 100g
dairy_and_eggs,"GoldeggOmega 3 Brown Eggs, Large12 eggs",$6.79ea,$0.57/ 1ea
dairy_and_eggs,No Name68% Vegetable Oil Margarine 3.17 kg,$16.49ea,$0.52/ 100g
dairy_and_eggs,VegenaiseOrganic Dressing and Sandwich Spread473 ml,$8.49ea,$1.79/ 100ml
dairy_and_eggs,YoplaitLactose Free Mango200 ml,$1.29ea,$0.65/ 100ml
dairy_and_eggs,No NameShredded Mild White Cheddar Cheese320 g,$5.99ea,$1.87/ 100g
dairy_and_eggs,"AstroOriginal Balkan Style Yogurt, Strawberry, Raspberry, Black Cherry, Nectarine12x100.0 g",$7.99ea,$0.67/ 100g
dairy_and_eggs,No NameOld Cheddar Cheese200 g,$4.29ea,$2.15/ 100g
dairy_and_eggs,No NameShredded Medium Cheddar320 g,$5.99ea,$1.87/ 100g
dairy_and_eggs,Earth IslandMozzarella Style Dairy-Free Cheese198 g,$5.99ea,$3.03/ 100g
dairy_and_eggs,Follow Your HeartSoy Free Vegenaise473 ml,$9.49ea,$2.01/ 100ml
dairy_and_eggs,PC OrganicsOrganic Free-Range Brown Eggs12 eggs,$7.69ea,$0.64/ 1ea
dairy_and_eggs,"GoldeggOmega 3 Brown Eggs, Large12 eggs",$6.79ea,$0.57/ 1ea
dairy_and_eggs,NeilsonTruTaste 1% Milk1 l,$4.09ea,$0.41/ 100ml
dairy_and_eggs,Black DiamondMedium Cheddar Cheese Sticks252 g,$6.79ea,$2.69/ 100g
dairy_and_eggs,Rowe FarmsGreen Valley Eggs Size Large Free Run Brown12 eggs,$6.69ea,$0.56/ 1ea
dairy_and_eggs,PC Blue MenuOriginal Margarine1.81 kg,$11.99ea,$0.66/ 100g
dairy_and_eggs,President's Choice0% M.F. Vanilla Skyr Yogurt908 g,$6.99ea,$0.77/ 100g
dairy_and_eggs,"LactantiaMy Country Butter, Unsalted454 g",$8.29ea,$1.83/ 100g
dairy_and_eggs,NeilsonTrutaste Lactose Free Skim Milk1 l,$4.49ea,$0.45/ 100ml
dairy_and_eggs,"Gay LeaButter, Salted250 g",$5.39ea,$2.16/ 100g
dairy_and_eggs,RivieraSour Cream2x120.0 ml,$3.59ea,$1.50/ 100ml
dairy_and_eggs,PC OrganicsOrganic Milk1 l,$4.59ea,$0.46/ 100ml
dairy_and_eggs,Spread 'Em Kitchen Co.The Big Smoke200 g,$9.99ea,$5.00/ 100g
dairy_and_eggs,"Gay LeaSour Cream, Fat Free 1%500 ml",$3.99ea,$0.80/ 100ml
dairy_and_eggs,No NameShredded Mild White Cheddar Cheese320 g,$5.99ea,$1.87/ 100g
dairy_and_eggs,Black DiamondCheddar Coloured Old400 g,$4.49ea,$1.12/ 100g
dairy_and_eggs,"AstroOriginal Balkan Style Yogurt, Strawberry, Raspberry, Black Cherry, Nectarine12x100.0 g",$7.99ea,$0.67/ 100g
dairy_and_eggs,No NameOld Cheddar Cheese200 g,$4.29ea,$2.15/ 100g
dairy_and_eggs,"Gay LeaNordica On-The-Go Cottage Cheese, Plain4x113.0 g",$5.79ea,$1.28/ 100g
dairy_and_eggs,No Name2% M.F. Cottage Cheese 750 g,$5.99ea,$0.80/ 100g
dairy_and_eggs,"SilkOat Yogurt Style, Plainluten Free, Vegan640 g",$7.49ea,$1.17/ 100g
dairy_and_eggs,"OikosFat Free Greek Yogurt, Strawberry Flavour, Blended, 0% M.F.750 g",$6.49ea,$0.87/ 100g
dairy_and_eggs,No NameShredded Nacho Cheese Blend900 g,$14.99ea,$1.67/ 100g
dairy_and_eggs,LiberteStrawberry Banana 1.5 % M.F. Drinkable Yogourt1 l,$6.29ea,$0.63/ 100ml
dairy_and_eggs,Cracker BarrelShreds Mozzarella320 g,$7.49ea,$2.34/ 100g
dairy_and_eggs,"SilkPlant Based Dairy Free Coconut Yogurt, Strawberry Raspberry Flavour, 4 pack100 g",$4.29ea,$4.29/ 100g
dairy_and_eggs,YoplaitYop Drinkable Yogurt Raspberrry Flavour200 ml,$1.29ea,$0.65/ 100ml
dairy_and_eggs,"ActiviaProbiotic Smoothie, Kiwi, Pineapple & Cucumber, Drinkable Yogurt190 ml",$2.29ea,$1.21/ 100ml
dairy_and_eggs,Natrel3.25% M.F. Milk Protein Shake Made With Ultrafiltered Milk2 l,$5.99ea,$0.30/ 100ml
dairy_and_eggs,YoplaitYop Drinkable Yogurt Coconut Flavour200 ml,$1.29ea,$0.65/ 100ml
dairy_and_eggs,"IOGO1.5% Lactose Free Cherry, Lemon, Vanilla, Blackberry-Blueberry Yogurt16x100.0 g",$5.99ea,$0.37/ 100g
dairy_and_eggs,AstroBalkan Yogourt Raspberry White Chocolate 6% M.F.500 g,$3.29ea,$0.66/ 100g
dairy_and_eggs,"ActiviaYogurt With Probiotics, Raspberry Flavour650 g",$3.49ea,$0.54/ 100g
dairy_and_eggs,"ActiviaYogurt With Probiotics, Fat Free 0% Mf, Vanilla Flavour650 g",$3.49ea,$0.54/ 100g
dairy_and_eggs,siggi'sPlain Yogurt750 g,$7.49ea,$1.00/ 100g
dairy_and_eggs,LiberteGreek Crunch Coconut Yogurt Dark Chocolate & Honey Roasted Almonds 2% MF2x130.0 g,$5.29ea,$2.03/ 100g
dairy_and_eggs,AmoozaMini Stix  Mild Cheddar 34% M.F.224 g,$5.49ea,$2.45/ 100g
dairy_and_eggs,"siggi'sYogurt, Vanilla Cinnamon 3.25% M.F. Creamy Skyr650 g",$7.49ea,$1.15/ 100g
dairy_and_eggs,LiberteGreek Lemon 2% MF Yogurt750 g,$5.99ea,$0.80/ 100g
dairy_and_eggs,President's ChoiceBlueberry Fruit On The Bottom 0% M.F. Greek Yogurt4x100.0 g,$3.99ea,$1.00/ 100g
dairy_and_eggs,IOGOYogurt Maple Syrup 3.2% M.F.650 g,$3.29ea,$0.51/ 100g
dairy_and_eggs,"Gay LeaReal Whipped Cream, Light225 g",$3.99ea,$1.77/ 100g
dairy_and_eggs,International DelightIrish Creme Coffee Creamer946 ml,$5.49ea,$0.58/ 100ml
dairy_and_eggs,LiberteMéditerranée Plain 10% MF Yogurt Limited Edition900 g,$5.99ea,$0.67/ 100g
dairy_and_eggs,"ActiviaYogurt With Probiotics, Strawberry, Raspberry, Vanilla, Blueberry Flavour24x100.0 g",$13.99ea,$0.58/ 100g
dairy_and_eggs,IOGONano Yogurt Vanilla900 ml,$4.99ea,$0.55/ 100ml
dairy_and_eggs,"IOGOLactose Free Yogurt, Vanilla 1.5%650 g",$3.29ea,$0.51/ 100g
dairy_and_eggs,LiberteGreek Strawberry 2% MF Yogurt 750 g,$5.99ea,$0.80/ 100g
dairy_and_eggs,President's ChoiceRaspberry Pomegranate 2% M.F. Greek Yogurt4x100.0 g,$3.99ea,$1.00/ 100g
dairy_and_eggs,"DanoneYogurt With Probiotics, Pear Flavour Tub650 g",$3.49ea,$0.54/ 100g
dairy_and_eggs,President's ChoiceVanilla 2% M.F. Greek Yogurt908 g,$6.99ea,$0.77/ 100g
dairy_and_eggs,IOGO3.2% Canadian Harvest Cherry Yogurt650 g,$3.29ea,$0.51/ 100g
dairy_and_eggs,Cracker BarrelBar Mild Cheddar400 g,$8.99ea,$2.25/ 100g
dairy_and_eggs,"PC OrganicsOrganic Cheese, Marble Cheddar200 g",$5.99ea,$3.00/ 100g
dairy_and_eggs,President's ChoiceLactose Free Old Yellow Cheddar Cheese400 g,$6.49ea,$1.62/ 100g
dairy_and_eggs,Cracker BarrelFeta Tub180 g,$6.49ea,$3.61/ 100g
dairy_and_eggs,No NameShredded Mozzarella Cheese900 g,$14.99ea,$1.67/ 100g
dairy_and_eggs,ImperialSoft Margarine Spread907 g,$8.79ea,$1.03/ 100g
dairy_and_eggs,"AstroYogurt, Stirred Yogourt Vanilla Flavour With Oats 2% M.F.650 g",$3.29ea,$0.51/ 100g
dairy_and_eggs,"OikosGreek Yogurt Limited Edition, Pumpkin Spice Flavour, 4X100G4x100.0 g",$4.49ea,$1.12/ 100g
dairy_and_eggs,President's ChoicePlain Skyr Icelandic Style 4% M.F. Yogurt500 g,$5.99ea,$1.20/ 100g
dairy_and_eggs,NeilsonTruTaste Milk 1% M.F. Lactose Free1 l,$4.49ea,$0.45/ 100ml
dairy_and_eggs,No Name1% M.F. Cottage Cheese750 g,$5.99ea,$0.80/ 100g
dairy_and_eggs,"TofuttiCheese, Better Than Cream, Garlic & Herb227 g",$4.99ea,$2.20/ 100g
dairy_and_eggs,No NameMargarine Spread454 g,$2.39ea,$0.53/ 100g
dairy_and_eggs,Neilson2% Milk237 ml,$2.09ea,$0.88/ 100ml
dairy_and_eggs,President's Choice0% M.F. Plain Skyr Yogurt908 g,$6.99ea,$0.77/ 100g
dairy_and_eggs,Gay LeaButter Grass Fed Unsalted 250 g,$7.49ea,$3.00/ 100g
dairy_and_eggs,Cracker BarrelShredded Part Skim Pizza Mozzarella Cheese Mozza 17 % M.F.320 g,$7.49ea,$2.34/ 100g
dairy_and_eggs,No NameCheddar Flavour Processed Cheese Product Slices800 g,$6.99ea,$0.87/ 100g
dairy_and_eggs,President's ChoiceOatmeal Chocolate Chip Cookie Dough468 g,$4.49ea,$0.96/ 100g
dairy_and_eggs,PC OrganicsDairy-Free Coconut Milk Kefir1000 ml,$5.49ea,$0.55/ 100ml
dairy_and_eggs,"GoldeggOmega 3 White Eggs, Large12 eggs",$6.59ea,$0.55/ 1ea
dairy_and_eggs,President's ChoiceVanilla Skyr Icelandic Style 4% M.F. Yogurt500 g,$5.99ea,$1.20/ 100g
dairy_and_eggs,"Gay LeaNordica Cottage Cheese, Light 1%500 g",$5.49ea,$1.10/ 100g
dairy_and_eggs,PC Blue MenuBlue Menu Free Run Large Brown Eggs 12 Pack12 eggs,$7.39ea,$0.62/ 1ea
dairy_and_eggs,TofuttiBetter Than Cream Cheese227 g,$4.99ea,$2.20/ 100g
dairy_and_eggs,I Can't Believe it's NotMargarine Spread454 g,$4.29ea,$1.00/ 100g
dairy_and_eggs,LiberteGreek Vanilla 0% MF Yogurt4x100.0 g,$4.79ea,$1.20/ 100g
dairy_and_eggs,LiberteGreek Plain 2% MF Yogurt750 g,$5.99ea,$0.80/ 100g
dairy_and_eggs,"DanoneTwo Good Greek Yogurt, Strawberry Yogurt 4 Pack, Blended, 2% MF380 g",$4.49ea,$1.18/ 100g
dairy_and_eggs,PhiladelphiaLight Herb & Garlic Cream Cheese227 g,$4.99ea,$2.20/ 100g
dairy_and_eggs,Black DiamondExtra Old Marble Cheese400 g,$4.49ea,$1.12/ 100g
dairy_and_eggs,"President's ChoiceGreek Yogurt, Black Cherry 0%500 g",$5.99ea,$1.20/ 100g
dairy_and_eggs,"ActiviaProbiotic Yogurtactose Freeemon-Lime, Pomegranate-Berry, Raspberry-Lychee, Mandarin-Orange Flavour12x100.0 g",$6.49ea,$0.54/ 100g
dairy_and_eggs,"DanoneYogurt With Probioticsactose Free, Strawberry, Blueberry, Peach, Mango Flavour, 12XG12x100.0 g",$6.49ea,$0.54/ 100g
dairy_and_eggs,"DanoneTwo Good Greek Yogurt, Raspberry Yogurt 4 Pack, Blended, 2% MF380 g",$4.49ea,$1.18/ 100g
dairy_and_eggs,President's ChoiceShredded Feta Cheese300 g,$4.49ea,$1.50/ 100g
dairy_and_eggs,"BeatriceSour Cream, Regular 14%500 ml",$3.79ea,$0.76/ 100ml
dairy_and_eggs,LiberteGreek Lactose Free Vanilla 0% MF Yogurt750 g,$5.99ea,$0.80/ 100g
dairy_and_eggs,"ActiviaYogurt With Probiotics, Lemon Flavour650 g",$3.49ea,$0.54/ 100g
dairy_and_eggs,LiberteGreek Vanilla 0% MF Yogurt750 g,$5.99ea,$0.80/ 100g
dairy_and_eggs,PillsburyCountry Biscuits340 g,$4.49ea,$1.32/ 100g
dairy_and_eggs,LiberteGreek Peach 2% MF Yogurt750 g,$5.99ea,$0.80/ 100g
dairy_and_eggs,PillsburyCrescents Flaky Rolls340 g,$4.49ea,$1.32/ 100g
dairy_and_eggs,Cracker BarrelBar Medium Cheddar400 g,$8.99ea,$2.25/ 100g
dairy_and_eggs,ViolifeMature Cheddar Style Slices200 g,$6.99ea,$3.50/ 100g
dairy_and_eggs,FairlifeLactose Free Whole Ultrafiltered Milk1.5 l,$5.49ea,$0.37/ 100ml
dairy_and_eggs,Cracker BarrelBar Old Cheddar Light400 g,$8.99ea,$2.25/ 100g
dairy_and_eggs,No NameMedium Cheddar Cheese700 g,$9.79ea,$1.40/ 100g
dairy_and_eggs,No NameShredded Medium Cheddar Cheese900 g,$14.99ea,$1.67/ 100g
dairy_and_eggs,"AstroBiobest Probiotic Yogurt, Plain750 g",$3.29ea,$0.44/ 100g
dairy_and_eggs,HansDairy 2% Natural Yogurt   750 g,$2.69ea,$0.36/ 100g
dairy_and_eggs,"ActiviaProbiotic Yogurt, Vanilla8x150.0 g",$6.49ea,$0.54/ 100g
dairy_and_eggs,LiberteGreek Lactose Free Plain 0% MF Yogurt750 g,$5.99ea,$0.80/ 100g
dairy_and_eggs,"ActiviaProbiotic Smoothie, Blueberry, Strawberry, & Beet, Drinkable Yogurt190 ml",$2.29ea,$1.21/ 100ml
dairy_and_eggs,YoplaitYop Drinkable Yogurt Strawberry Flavour 200 ml,$1.29ea,$0.65/ 100ml
dairy_and_eggs,"DanoneTwo Good Greek Yogurt, Vanilla Yogurt 4 Pack, Blended, 2% MF380 g",$4.49ea,$1.18/ 100g
dairy_and_eggs,NestleCOFFEE-MATE Light Powder450 g,$7.49ea,$1.66/ 100g
dairy_and_eggs,Burnbrae FarmsEgg Creations! Egg Bake Garden Vegetable1 ea,$4.29ea,$0.86/ 100g
dairy_and_eggs,Gay LeaGold Sour Cream 18%425 ml,$4.49ea,$1.06/ 100ml
dairy_and_eggs,Burnbrae FarmsNaturegg NestlaidOmega 3 Large Size 12 Eggs12 ea,$5.89ea,$5.89/ 1ea
dairy_and_eggs,Spread 'Em Kitchen Co.The Classic Greek Inspired Cashew Cheeze Block200 g,$9.99ea,$5.00/ 100g
dairy_and_eggs,KraftSingles Sharp Cheddar Extra Thick Slices410 g,$5.49ea,$1.34/ 100g
dairy_and_eggs,"ActiviaProbiotic Yogurt, Blackberry, Blueberry, Blackcurrent, Berries12x100.0 g",$6.49ea,$0.54/ 100g
dairy_and_eggs,"OikosHigh Protein Greek Yogurt, Zesty Lemon & Lime Flavour, Blended, Value Tub650 g",$6.49ea,$1.00/ 100g
dairy_and_eggs,No NameOld Cheddar Cheese700 g,$9.79ea,$1.40/ 100g
dairy_and_eggs,Burnbrae FarmsNaturegg Free Run Egg Whites1 eggs,$4.49ea,$0.90/ 100g
dairy_and_eggs,YoplaitYop Drinkable Yogurt Tropical Flavour200 ml,$1.29ea,$0.65/ 100ml
dairy_and_eggs,"SilkCoconut Yogurt Style, Raspberry Flavour, Plant Based Dairy Free Yogurt680 g",$7.49ea,$1.10/ 100g
dairy_and_eggs,No NameLight Marble Cheddar Cheese 19% M.F.700 g,$9.79ea,$1.40/ 100g
dairy_and_eggs,"NeilsonFlavoured Milk, Chocolate4 l",$7.99ea,$0.20/ 100ml
dairy_and_eggs,"HeluvaSour Cream Dip, French Onion680 g",$8.99ea,$1.32/ 100g
dairy_and_eggs,"DanoneCreamy Yogurt Variety Pack, Strawberry / Peach / Raspberry Flavour, 16 Count16x100.0 g",$8.99ea,$0.56/ 100g
dairy_and_eggs,No NameShredded Cheddar & Monterey Jack Cheese Blend900 g,$14.99ea,$1.67/ 100g
dairy_and_eggs,"SilkDairy Free Plant Based Almond Yogurt, Vanilla Flavour640 g",$7.49ea,$1.17/ 100g
dairy_and_eggs,NeilsonTrutaste Chocolate Partly Skimmed Milk 1% M.F.2 l,$6.99ea,$0.35/ 100ml
dairy_and_eggs,Sweet Loren'sGluten Free Cookie Chocolate Chunk340 g,$8.29ea,$2.44/ 100g
dairy_and_eggs,LactantiaOrganic 2% M.F.1.5 l,$5.74ea,$0.38/ 100ml
dairy_and_eggs,No NameOriginal Cream Cheese Spread 340 g,$4.79ea,$1.41/ 100g
dairy_and_eggs,Miyoko'sButter Cultured Vegan    227 g,$7.99ea,$3.52/ 100g
dairy_and_eggs,WoolwichPartially Skimmed Goat Milk 2%1 l,$4.59ea,$0.46/ 100ml
dairy_and_eggs,"President's ChoicePlant Based Cultured Coconut Milk Yogurt Alternative, Blueberry500 g",$4.79ea,$0.96/ 100g
dairy_and_eggs,PC OrganicsOrganic Skim Milk4 l,$10.39ea,$0.26/ 100ml
dairy_and_eggs,"Organic MeadowOrganic Cheese, Medium Cheddar340 g",$11.49ea,$3.38/ 100g
dairy_and_eggs,LiberteMéditerranée Lemon 9% MF Yogurt500 g,$3.99ea,$0.80/ 100g
dairy_and_eggs,Black DiamondCheddar Old Coloured Shred320 g,$4.49ea,$1.40/ 100g
dairy_and_eggs,Neilson1% Buttermilk2 l,$5.59ea,$0.28/ 100ml
dairy_and_eggs,No NameLight Cheddar Flavour Processed Cheese Product Slices400 g,$4.29ea,$1.07/ 100g
dairy_and_eggs,Black DiamondCheese Curds200 g,$6.79ea,$3.40/ 100g
dairy_and_eggs,NeilsonTrutaste Lactose Free Cream Half & Half 10% M.F.1 l,$1.99ea,$0.20/ 100ml
dairy_and_eggs,"GoldeggOmega 3 White Eggs, Extra Large12 eggs",$6.79ea,$0.57/ 1ea
dairy_and_eggs,"Gay LeaButter Sticks, Unsalted454 g",$8.49ea,$1.87/ 100g
dairy_and_eggs,No NameMild Cheddar Cheese400 g,$5.99ea,$1.50/ 100g
dairy_and_eggs,NestleCOFFEE-MATE Light Powder450 g,$7.49ea,$1.66/ 100g
dairy_and_eggs,LiberteGreek Plain 2% MF Yogurt750 g,$5.99ea,$0.80/ 100g
dairy_and_eggs,HeluvaCaramelized Onion Dip250 g,$4.49ea,$1.80/ 100g
dairy_and_eggs,No NameFarmer's Marble Cheese 200 g,$4.29ea,$2.15/ 100g
dairy_and_eggs,"OikosExtra Creamy Greek Yogurt, Extra Creamy Plain 11%750 g",$6.49ea,$0.87/ 100g
dairy_and_eggs,LiberteKéfir 1% MF Strawberry1000 ml,$5.99ea,$0.60/ 100ml
dairy_and_eggs,"OikosFat Free Greek Yogurt, 30% Less Sugar, Mixed Berry Flavour, Blended4x100.0 g",$4.49ea,$1.12/ 100g
dairy_and_eggs,No NameOld Cheddar Cheese400 g,$5.99ea,$1.50/ 100g
dairy_and_eggs,"ActiviaYogurt, Fieldberry 2.9% M.F. Probiotic 650 g",$3.49ea,$0.54/ 100g
dairy_and_eggs,"IOGOGreek Yogurt, Vanilla 0% 750 g",$5.49ea,$0.73/ 100g
dairy_and_eggs,Milk 2 GoBanana473 ml,$2.69ea,$0.57/ 100ml
dairy_and_eggs,PhiladelphiaHerb & Garlic Dip227 g,$4.99ea,$2.20/ 100g
dairy_and_eggs,JUST EggPlant Based Egg355 ml,$7.49ea,$2.20/ 100ml
dairy_and_eggs,President's ChoiceCoconut 0% M.F. Greek Yogurt 500 g,$5.99ea,$1.20/ 100g
dairy_and_eggs,YoplaitVanilla Yogurt200 ml,$1.29ea,$0.65/ 100ml
dairy_and_eggs,IOGONanö 1% Lactose Free Apple-Grape Drinkable Yogurt6x93.0 ml,$3.49ea,$0.63/ 100ml
dairy_and_eggs,Black DiamondLactose Free Cheese String252 g,$6.99ea,$2.77/ 100g
dairy_and_eggs,"OlympicOrganic Yogurt, French Vanilla650 g",$5.49ea,$0.84/ 100g
dairy_and_eggs,President's ChoiceJalapeno Greek Yogurt Dip227 g,$3.49ea,$1.54/ 100g
dairy_and_eggs,"Gray RidgeGrade A Premium White Eggs, Large12 eggs",$4.59ea,$0.38/ 1ea
dairy_and_eggs,AstroOriginal Balkan Yogourt 4% M.F.12x100.0 g,$7.99ea,$0.67/ 100g
dairy_and_eggs,"Gay LeaNordica Cottage Cheese, Fat Free500 g",$5.49ea,$1.10/ 100g
dairy_and_eggs,"Organic MeadowOrganic Yogurt, Plain 3.8%750 g",$6.49ea,$0.87/ 100g
dairy_and_eggs,IOGOiÖGO Canadian Harvest 3.2% Peach Yogurt650 g,$3.29ea,$0.51/ 100g
dairy_and_eggs,Rolling MeadowGrass Fed 10% Cream473 ml,$3.99ea,$0.84/ 100ml
dairy_and_eggs,7 DaysBake It Puff Pastry850 g,$5.99ea,$0.70/ 100g
dairy_and_eggs,LiberteGoat Milk 2%MF4 l,$12.99ea,$0.32/ 100ml
dairy_and_eggs,LactantiaHealthy Attitude Omega-3 Margarine850 g,$7.59ea,$0.89/ 100g
dairy_and_eggs,NestleCoffee Mate Liquid Fat Free French Vanilla946 ml,$6.49ea,$0.69/ 100ml
dairy_and_eggs,PhiladelphiaDill Pickle Dip340 g,$6.99ea,$2.06/ 100g
dairy_and_eggs,Earth Island Mozzarella Slices200 g,$7.99ea,$4.00/ 100g
dairy_and_eggs,BecelButtery Taste Margarine1.36 kg,$16.99ea,$1.33/ 100g
dairy_and_eggs,"Organic MeadowOrganic Cheese, Mozzarella340 g",$11.49ea,$3.38/ 100g
dairy_and_eggs,President's ChoiceBlack Cherry 0% M.F. Greek Yogurt 4x100.0 g,$3.99ea,$1.00/ 100g
dairy_and_eggs,President's ChoiceVanilla Skyr Icelandic Style 0% M.F. Yogurt4x100.0 g,$3.99ea,$1.00/ 100g
dairy_and_eggs,PC OrganicsBalkan Style Yogurt Plain 11 % M.F. 500 g,$4.99ea,$1.00/ 100g
dairy_and_eggs,Black DiamondCheddar Coloured Mild400 g,$4.49ea,$1.12/ 100g
dairy_and_eggs,NeilsonHomogenized Milk 3.25%473 ml,$2.79ea,$0.59/ 100ml
dairy_and_eggs,President's ChoicePower Fruit Skyr Icelandic Style 0% M.F. Yogurt4x100.0 g,$3.99ea,$1.00/ 100g
dairy_and_eggs,No NameLight Original Cream Cheese Spread340 g,$4.79ea,$1.41/ 100g
dairy_and_eggs,Tre StelleTre Stelle Cream Cheese Light    200 g,$4.49ea,$2.25/ 100g
dairy_and_eggs,WoolwichHomogenized Goat Milk 3.25%MF  1 l,$4.59ea,$0.46/ 100ml
dairy_and_eggs,Gay LeaButter Unsalted Organic 250 g,$7.49ea,$3.00/ 100g
dairy_and_eggs,"IOGOZip Yogurt, Strawberry Pineapple-Cherry8x60.0 g",$3.49ea,$0.73/ 100g
dairy_and_eggs,NeilsonTable Cream237 ml,$3.19ea,$1.35/ 100ml
dairy_and_eggs,President's ChoiceExtra Large Free Run Brown Eggs12 eggs,$7.09ea,$0.59/ 1ea
dairy_and_eggs,"Gray RidgeWhite Eggs, Large6 eggs",$2.89ea,$0.48/ 1ea
dairy_and_eggs,LiberteKéfir Organic 1% MF Raspberry1000 g,$6.29ea,$0.63/ 100g
dairy_and_eggs,NestleCoffee Mate Liquid Fat Free French Vanilla946 ml,$6.49ea,$0.69/ 100ml
dairy_and_eggs,PhiladelphiaDill Pickle Dip340 g,$6.99ea,$2.06/ 100g
dairy_and_eggs,IOGOiÖGO Canadian Harvest 3.2% Peach Yogurt650 g,$3.29ea,$0.51/ 100g
dairy_and_eggs,"OlympicOrganic Yogurt, French Vanilla650 g",$5.49ea,$0.84/ 100g
dairy_and_eggs,President's ChoiceJalapeno Greek Yogurt Dip227 g,$3.49ea,$1.54/ 100g
dairy_and_eggs,AstroOriginal Balkan Yogourt 4% M.F.12x100.0 g,$7.99ea,$0.67/ 100g
dairy_and_eggs,Rolling MeadowGrass Fed 10% Cream473 ml,$3.99ea,$0.84/ 100ml
dairy_and_eggs,7 DaysBake It Puff Pastry850 g,$5.99ea,$0.70/ 100g
dairy_and_eggs,PhiladelphiaStrawberry Cream Cheese227 g,$4.99ea,$2.20/ 100g
dairy_and_eggs,No NameOld Cheddar Cheese400 g,$5.99ea,$1.50/ 100g
dairy_and_eggs,Organic MeadowCottage Cheese500 g,$8.49ea,$1.70/ 100g
dairy_and_eggs,"Gay LeaSour Cream, Regular 14%250 ml",$3.29ea,$1.32/ 100ml
dairy_and_eggs,Earth BalanceOrganic Whipped Spread369 g,$5.99ea,$1.62/ 100g
dairy_and_eggs,NestleCoffee Mate Liquid Creamer Caramel Macchiato946 ml,$6.49ea,$0.69/ 100ml
dairy_and_eggs,LactantiaHealthy Attitude Omega-3 Margarine850 g,$7.59ea,$0.89/ 100g
dairy_and_eggs,Cracker BarrelSweet Combo129 g,$4.99ea,$3.87/ 100g
dairy_and_eggs,LiberteGreek Coconut 2% MF Yogurt750 g,$5.99ea,$0.80/ 100g
dairy_and_eggs,"Gay LeaNordica Cottage Cheese, Creamed 4%500 g",$5.49ea,$1.10/ 100g
dairy_and_eggs,Gay LeaWhipped Topping400 g,$5.99ea,$1.50/ 100g
dairy_and_eggs,Cracker BarrelBar Mozzarella400 g,$8.99ea,$2.25/ 100g
dairy_and_eggs,No Name1% M.F. Fat Free Sour Cream 500 ml,$2.79ea,$0.56/ 100ml
dairy_and_eggs,LiberteGreek Vanilla 3% MF Yogurt750 g,$5.99ea,$0.80/ 100g
dairy_and_eggs,NeilsonTrutaste Lactose Free Skim Milk2 l,$6.79ea,$0.34/ 100ml
dairy_and_eggs,"IOGOYogurt, Strawberry2 kg",$8.49ea,$4.25/ 1ea
dairy_and_eggs,Lactantia2% M.F. Partly Skimmed Milk2 l,$5.69ea,$0.28/ 100ml
dairy_and_eggs,"SilkOat Yogurt Style, Vegan, Dairy-Free, Vanilla640 g",$7.49ea,$1.17/ 100g
dairy_and_eggs,Gay LeaSpreadables Butter With Canola Oil227 g,$5.49ea,$2.42/ 100g
dairy_and_eggs,"DanoneYogurt Drink For Kids, Raspberry Flavour, Featuring Paw Patrol8x93.0 ml",$4.49ea,$0.60/ 100ml
dairy_and_eggs,IOGO1% Nano Cherry Drinkable Yogurt6x93.0 ml,$3.49ea,$0.63/ 100ml
dairy_and_eggs,PhiladelphiaFrench Onion Dip227 g,$4.99ea,$2.20/ 100g
dairy_and_eggs,President's ChoiceTex Mex Shredded Cheese Blend620 g,$12.29ea,$1.98/ 100g
dairy_and_eggs,No NameLight Original Cream Cheese Spread340 g,$4.79ea,$1.41/ 100g
dairy_and_eggs,"Gray RidgeWhite Eggs, Large6 eggs",$2.89ea,$0.48/ 1ea
dairy_and_eggs,President's ChoiceVanilla 0% M.F. Greek Yogurt500 g,$5.99ea,$1.20/ 100g
dairy_and_eggs,LibertePlain Greek Yogurt 0% MF650 g,$7.49ea,$1.15/ 100g
dairy_and_eggs,No NameLight Double Cheddar Shredded Cheese320 g,$5.99ea,$1.87/ 100g
dairy_and_eggs,"ActiviaYogurt, 1.5% M.F. Drinkable Probiotic 8x93.0 ml",$5.99ea,$0.81/ 100ml
dairy_and_eggs,Gay LeaReal Coconut Whipped Cream225 g,$3.99ea,$1.77/ 100g
dairy_and_eggs,"AstroYogurt, Peach Cobbler 6% M.F. Balkan Yogourt500 g",$3.29ea,$0.66/ 100g
dairy_and_eggs,No NameCottage Cheese250 g,$3.29ea,$1.32/ 100g
dairy_and_eggs,PhiladelphiaDill Pickle Dip227 g,$4.99ea,$2.20/ 100g
dairy_and_eggs,PC OrganicsOrganic Plain Kefir Probiotic Fermented 1% M.F. Milk1 l,$5.49ea,$0.55/ 100ml
dairy_and_eggs,"AstroOriginal Balkan Style Yogurt, Plain 3%    750 g",$3.29ea,$0.44/ 100g
dairy_and_eggs,"AstroOriginal Balkan Style Yogurt, Vanilla650 g",$3.29ea,$0.51/ 100g
dairy_and_eggs,LiberteGreek Lemon 2% MF Yogurt4x100.0 g,$4.79ea,$1.20/ 100g
dairy_and_eggs,President's ChoiceStrawberry Kefir Probiotic Fermented 1% M.F. Milk1 l,$4.79ea,$0.48/ 100ml
dairy_and_eggs,IOGO3.2% M.F. Yogurt12x100.0 g,$5.99ea,$0.50/ 100g
dairy_and_eggs,President's ChoiceKey Lime 2% M.F. Greek Yogurt 4x100.0 g,$3.99ea,$1.00/ 100g
dairy_and_eggs,No NameSwiss Flavour Processed Cheese Product Slices400 g,$4.29ea,$1.07/ 100g
dairy_and_eggs,LiberteGreek Lemon 2% MF Yogurt4x100.0 g,$4.79ea,$1.20/ 100g
dairy_and_eggs,President's ChoiceStrawberry Kefir Probiotic Fermented 1% M.F. Milk1 l,$4.79ea,$0.48/ 100ml
dairy_and_eggs,IOGO3.2% M.F. Yogurt12x100.0 g,$5.99ea,$0.50/ 100g
dairy_and_eggs,President's ChoiceKey Lime 2% M.F. Greek Yogurt 4x100.0 g,$3.99ea,$1.00/ 100g
dairy_and_eggs,LiberteGreek Blueberry 0% MF Yogurt750 g,$5.99ea,$0.80/ 100g
dairy_and_eggs,LiberteYogourt Orchard Peach 9 % M.F.4x100.0 g,$4.19ea,$1.05/ 100g
dairy_and_eggs,LiberteGreek Plain 0% MF Yogurt1000 g,$9.69ea,$0.97/ 100g
dairy_and_eggs,LactantiaDairy Product 2% M.F.1.5 l,$5.59ea,$0.37/ 100ml
dairy_and_eggs,ChobaniGreek Yogurt Plain 2%MF907 g,$7.79ea,$0.86/ 100g
dairy_and_eggs,No NameSwiss Cheese Slices210 g,$4.99ea,$2.38/ 100g
dairy_and_eggs,No NameShredded Mozzarella320 g,$5.99ea,$1.87/ 100g
dairy_and_eggs,AmoozaPizza Mozzarella Cheese With Mild Cheddar Taste 22 % M.F.228 g,$4.99ea,$2.19/ 100g
dairy_and_eggs,President's ChoiceVanilla Skyr Icelandic Style 0% M.F. Yogurt500 g,$5.99ea,$1.20/ 100g
dairy_and_eggs,No NameCheddar Flavour Processed Cheese Product Slices400 g,$4.29ea,$1.07/ 100g
dairy_and_eggs,"siggi'sYogurt, Plain 0% M.F. Icelandic Skyr Thick Yogourt750 g",$7.49ea,$1.00/ 100g
dairy_and_eggs,"OikosFat Free Greek Yogurt, Peach-Mango Flavour, Fruit On The Bottom, 0% M.F.4x100.0 g",$4.49ea,$1.12/ 100g
dairy_and_eggs,President's ChoicePlain 2% M.F. Greek Yogurt908 g,$6.99ea,$0.77/ 100g
dairy_and_eggs,"PC OrganicsOrganic Kefir Milk, Strawberry1000 ml",$5.49ea,$0.55/ 100ml
dairy_and_eggs,ArmstrongCombos - Mozzarella & Naturally Smoked Salami Sticks180 g,$6.99ea,$3.88/ 100g
dairy_and_eggs,LiberteGoat Milk 3.25% M.F1 l,$5.49ea,$0.55/ 100ml
dairy_and_eggs,"ActiviaYogurt With Probiotics, 0% M.F. Fat Free, Vanilla/Strawberry/Peach/Raspberry12x100.0 g",$6.49ea,$0.54/ 100g
dairy_and_eggs,No NameCream Cheese Product With Strawberries227 g,$3.79ea,$1.67/ 100g
dairy_and_eggs,No NameCream Cheese Spread with Everything Bagel Seasoning227 g,$3.79ea,$1.67/ 100g
dairy_and_eggs,Tre StellePaneer350 g,$4.49ea,$1.28/ 100g
dairy_and_eggs,President's ChoiceTriple Cheddar Shredded Cheese Blend 620 g,$12.29ea,$1.98/ 100g
dairy_and_eggs,KraftSingles Mozzarella Processed Cheese Slices410 g,$5.49ea,$1.34/ 100g
dairy_and_eggs,Cracker BarrelShreds Double Ched320 g,$7.49ea,$2.34/ 100g
dairy_and_eggs,NestleCoffee Mate Liquid Hazelnut946 ml,$6.49ea,$0.69/ 100ml
dairy_and_eggs,Black DiamondPizza Mozzarella Cheese Stringable Lactose Free 18% M.F.252 g,$6.99ea,$2.77/ 100g
dairy_and_eggs,AstroBalkan Yogourt Mango Vanilla Cream 6% M.F.500 g,$3.29ea,$0.66/ 100g
dairy_and_eggs,Cracker BarrelSlice Mozz240 g,$4.49ea,$1.87/ 100g
dairy_and_eggs,No NameFarmer's Marble Cheese700 g,$9.79ea,$1.40/ 100g
dairy_and_eggs,YoplaitYop Drinkable Yogurt Watermelon Flavour 200 ml,$1.29ea,$0.65/ 100ml
dairy_and_eggs,YoplaitSource Raspberry/Blueberry/Strawberry/Cherry  0% MF Yogurt16x90.0 g,$6.99ea,$0.49/ 100g
dairy_and_eggs,Cracker BarrelSweet Combo129 g,$4.99ea,$3.87/ 100g
dairy_and_eggs,"ActiviaProbiotic Yogurt, Mixed Berries, Drinkable Yogurt8x93.0 ml",$5.99ea,$0.81/ 100ml
dairy_and_eggs,YoplaitYop Drinkable Yogurt  Strawberry-Banana Flavour200 ml,$1.29ea,$0.65/ 100ml
dairy_and_eggs,President's ChoiceLactose Free Pizza Mozzarella Shredded Cheese320 g,$4.49ea,$1.40/ 100g
dairy_and_eggs,"SilkAlmond For Coffee, Vanilla, Plant Based, Dairy Free Coffee Creamer473 ml",$2.99ea,$0.63/ 100ml
dairy_and_eggs,President's ChoiceLactose Free 2% M.F. Cottage Cheese500 g,$4.99ea,$1.00/ 100g
dairy_and_eggs,YoplaitMinigo 3% MF  Fresh Cheese Blueberry/Strawberry/Vanilla 6x60.0 g,$3.79ea,$1.05/ 100g
dairy_and_eggs,HeluvaJalapeno Cheddar Dip250 g,$4.49ea,$1.80/ 100g
dairy_and_eggs,"OikosFat Free Greek Yogurt, 30% Less Sugar, Vanilla Flavour, Blended4x100.0 g",$4.49ea,$1.12/ 100g
dairy_and_eggs,YoplaitSource Cherry Yogurt 0% MF630 g,$3.79ea,$0.60/ 100g
dairy_and_eggs,YoplaitSource Raspberry 0% MF630 g,$3.79ea,$0.60/ 100g
dairy_and_eggs,"AstroYogurt, Stirred Yogourt Plain With A Touch Of Honey And Oats 2% M.F.650 g",$3.29ea,$0.51/ 100g
dairy_and_eggs,LiberteGreek Cherry 2% MF Yogurt750 g,$5.99ea,$0.80/ 100g
dairy_and_eggs,"OikosGreek Yogurt, Plain, No Added Sugar, 2% MF1.5 kg",$12.99ea,$0.87/ 100g
dairy_and_eggs,"President's ChoiceYogurt, Mango Coconut Kefir Probiotic Fermented 1% M.F. Milk1 l",$4.79ea,$0.48/ 100ml
dairy_and_eggs,PillsburyPizza Crust391 g,$4.49ea,$1.15/ 100g
dairy_and_eggs,ArmstrongSnack Old Cheddar210 g,$6.79ea,$3.23/ 100g
dairy_and_eggs,KraftGrated Parmesan Cheese250 g,$7.99ea,$3.20/ 100g
dairy_and_eggs,No NameProcessed Cheese Product Thick Slices Cheddar Flavour800 g,$6.99ea,$0.87/ 100g
dairy_and_eggs,President's ChoiceSmoke Flavoured Shredded Cheddar Cheese 320 g,$4.49ea,$1.40/ 100g
dairy_and_eggs,Black DiamondCheddar White Old400 g,$4.49ea,$1.12/ 100g
dairy_and_eggs,"Gay LeaReal Whipped Cream, Regular225 g",$3.99ea,$1.77/ 100g
dairy_and_eggs,International DelightSouthern Butter Pecan Coffee Creamer946 ml,$5.49ea,$0.58/ 100ml
dairy_and_eggs,President's ChoiceGouda Cheese400 g,$6.49ea,$1.62/ 100g
dairy_and_eggs,"ActiviaYogurt With Probiotics, Vanilla Flavour650 g",$3.49ea,$0.54/ 100g
dairy_and_eggs,PhillySwirlOriginal Brick Cream Cheese250 g,$4.99ea,$2.00/ 100g
dairy_and_eggs,President's ChoiceHavarti Cheese400 g,$6.49ea,$1.62/ 100g
dairy_and_eggs,PC OrganicsOrganic Homogenized Milk2 l,$6.89ea,$0.34/ 100ml
dairy_and_eggs,President's ChoicePizza Mozzarella Shredded Cheese320 g,$4.49ea,$1.40/ 100g
dairy_and_eggs,PhiladelphiaLight Cream Cheese227 g,$4.99ea,$2.20/ 100g
dairy_and_eggs,No Name1% M.F. Light Cottage Cheese500 g,$4.99ea,$1.00/ 100g
dairy_and_eggs,ArmstrongSnack Marble Cheese210 g,$6.79ea,$3.23/ 100g
dairy_and_eggs,"Tre StelleTre Stelle Creamy Cheese Spread, Lactose Free200 g",$4.49ea,$2.25/ 100g
dairy_and_eggs,Black DiamondProcessed Cheddar Cheese Slices Thick410 g,$4.49ea,$1.10/ 100g
dairy_and_eggs,Cracker BarrelCheese Sauce Kit Mexiqueso280 g,$7.49ea,$2.68/ 100g
dairy_and_eggs,"OikosGreek Yogurt, Variety Pack, 6X Strawberry, 6X Vanilla, Blended, 2% M.F.12x100.0 g",$10.99ea,$0.92/ 100g
dairy_and_eggs,BecelMargarine with Avocado Oil850 g,$6.99ea,$0.82/ 100g
dairy_and_eggs,NatrelFine-filtered 10% Half & Half Cream1 l,$4.99ea,$0.50/ 100ml
dairy_and_eggs,PhiladelphiaWhipped Chives Cream Cheese227 g,$4.99ea,$2.20/ 100g
dairy_and_eggs,YoplaitTubes Mixed Berry8x56.0 g,$3.79ea,$0.85/ 100g
dairy_and_eggs,NeilsonFrench Vanilla Milkshake310 ml,$2.75ea,$0.89/ 100ml
dairy_and_eggs,"ActiviaYogurt With Probiotics, Stawberry Vanilla Flavour8x100.0 g",$5.49ea,$0.69/ 100g
dairy_and_eggs,Cracker BarrelSlice Old White200 g,$4.49ea,$2.25/ 100g
dairy_and_eggs,Cracker BarrelSlice Marble Cheddar240 g,$4.49ea,$1.87/ 100g
dairy_and_eggs,"BaileysCoffee Creamer, Caramel400 ml",$4.39ea,$1.10/ 100ml
dairy_and_eggs,President's ChoiceCountry Churned Salted Butter454 g,$7.99ea,$1.76/ 100g
dairy_and_eggs,PhillySwirlLight Brick Cream Cheese250 g,$4.99ea,$2.00/ 100g
dairy_and_eggs,Gay LeaButter 84 Baker's Gold 250 g,$7.49ea,$3.00/ 100g
dairy_and_eggs,NestleNesquik Milkshake473 ml,$3.15ea,$0.67/ 100ml
dairy_and_eggs,President's ChoicePlant Based Butter Alternative Salted454 g,$4.99ea,$1.10/ 100g
dairy_and_eggs,Cracker BarrelBar Extra Old White Cheddar400 g,$8.99ea,$2.25/ 100g
dairy_and_eggs,YoplaitTubes Limited Edition8x56.0 g,$3.79ea,$0.85/ 100g
dairy_and_eggs,LiberteYogourt Vanilla Organic Large Size 0 % M.F.900 g,$5.79ea,$0.64/ 100g
dairy_and_eggs,President's ChoicePlant Based Sour Cream Alternative340 ml,$3.29ea,$0.97/ 100ml
dairy_and_eggs,"SilkOat For Coffee, Vanilla, Plant Based, Dairy Free Coffee Creamer890 ml",$5.49ea,$0.62/ 100ml
dairy_and_eggs,"LiberteGreek Crunch Vanilla Yogurt Dark Chocolate, Salted Almonds & Caramel 2% MF2x130.0 g",$5.29ea,$2.03/ 100g
dairy_and_eggs,LiberteYogourt Plain Organic Large Size 2 % M.F.900 g,$5.79ea,$0.64/ 100g
dairy_and_eggs,"ActiviaProbiotic Yogurt, Strawberry/Blueberry/Raspberry/Peach Flavour12x100.0 g",$6.49ea,$0.54/ 100g
dairy_and_eggs,No NameMedium Cheddar Cheese Slices230 g,$4.99ea,$2.17/ 100g
dairy_and_eggs,President's ChoicePlain 0% M.F. Greek Yogurt 908 g,$6.99ea,$0.77/ 100g
dairy_and_eggs,"PC OrganicsOrganic Cheese, Old Cheddar200 g",$5.99ea,$3.00/ 100g
dairy_and_eggs,Cracker BarrelCheese Sauce Kit Alfredo271 g,$7.49ea,$2.76/ 100g
dairy_and_eggs,No NameCoffee Whitener450 g,$5.49ea,$1.22/ 100g
dairy_and_eggs,President's ChoiceFrench Onion Greek Yogurt Dip227 g,$3.49ea,$1.54/ 100g
dairy_and_eggs,President's ChoicePlain 1% M.F. Yogurt750 g,$3.49ea,$0.47/ 100g
dairy_and_eggs,No NameShredded Old White Cheddar Cheese320 g,$5.99ea,$1.87/ 100g
dairy_and_eggs,NeilsonChocolate Milkshake310 ml,$2.75ea,$0.89/ 100ml
dairy_and_eggs,President's ChoiceGouda Sliced Cheese210 g,$4.99ea,$2.38/ 100g
dairy_and_eggs,President's ChoicePlant Based Kefir Probiotic Fermented Coconut Milk1 l,$4.79ea,$0.48/ 100ml
dairy_and_eggs,"OikosFat Free Greek Yogurt, Cherry Flavour, Fruit On The Bottom, 0% M.F.4x100.0 g",$4.49ea,$1.12/ 100g
dairy_and_eggs,"AstroOriginal Balkan Style Yogurt, French Vanilla750 g",$3.29ea,$0.44/ 100g
dairy_and_eggs,"PC OrganicsOrganic Cultured Coconut Milk Plain, Unsweetened680 g",$5.99ea,$0.88/ 100g
dairy_and_eggs,No NameLight 5% M.F. Sour Cream 250 ml,$2.79ea,$1.12/ 100ml
dairy_and_eggs,"ActiviaProbiotics Yogurt, Yellow Apple/Apricot/Mango/Peach, 12XG12x100.0 g",$6.49ea,$0.54/ 100g
dairy_and_eggs,YoplaitSource Strawberry 0% MF630 g,$3.79ea,$0.60/ 100g
dairy_and_eggs,BecelCalorie-Reduced Margarine Light907 g,$6.99ea,$0.82/ 100g
dairy_and_eggs,President's ChoicePlant Based Butter Alternative Unsalted454 g,$4.99ea,$1.10/ 100g
dairy_and_eggs,Black DiamondCheestrings Marbelicious 18% M.F.588 g,$11.59ea,$1.97/ 100g
dairy_and_eggs,YoplaitSource Vanilla  Yogurt 0% MF630 g,$3.79ea,$0.60/ 100g
dairy_and_eggs,"OikosGreek Yogurt, Blueberry Flavour, Fruit On The Bottom, 2% M.F.4x100.0 g",$4.49ea,$1.12/ 100g
dairy_and_eggs,ArmstrongMarble Cheddar Cheese Slice240 g,$6.49ea,$2.70/ 100g
dairy_and_eggs,President's ChoiceSmoke Flavoured Shredded Cheddar Cheese 320 g,$4.49ea,$1.40/ 100g
dairy_and_eggs,Black DiamondCheddar White Old400 g,$4.49ea,$1.12/ 100g
dairy_and_eggs,"Gay LeaReal Whipped Cream, Regular225 g",$3.99ea,$1.77/ 100g
dairy_and_eggs,International DelightSouthern Butter Pecan Coffee Creamer946 ml,$5.49ea,$0.58/ 100ml
dairy_and_eggs,President's ChoiceGouda Cheese400 g,$6.49ea,$1.62/ 100g
dairy_and_eggs,"ActiviaYogurt With Probiotics, Vanilla Flavour650 g",$3.49ea,$0.54/ 100g
dairy_and_eggs,PhillySwirlOriginal Brick Cream Cheese250 g,$4.99ea,$2.00/ 100g
dairy_and_eggs,President's ChoiceHavarti Cheese400 g,$6.49ea,$1.62/ 100g
dairy_and_eggs,Cracker BarrelSlice Marble Cheddar240 g,$4.49ea,$1.87/ 100g
dairy_and_eggs,"BaileysCoffee Creamer, Caramel400 ml",$4.39ea,$1.10/ 100ml
dairy_and_eggs,President's ChoiceCountry Churned Salted Butter454 g,$7.99ea,$1.76/ 100g
dairy_and_eggs,PhillySwirlLight Brick Cream Cheese250 g,$4.99ea,$2.00/ 100g
dairy_and_eggs,Cracker BarrelSlice Old White200 g,$4.49ea,$2.25/ 100g
dairy_and_eggs,PC OrganicsOrganic Homogenized Milk2 l,$6.89ea,$0.34/ 100ml
dairy_and_eggs,President's ChoicePizza Mozzarella Shredded Cheese320 g,$4.49ea,$1.40/ 100g
dairy_and_eggs,PhiladelphiaLight Cream Cheese227 g,$4.99ea,$2.20/ 100g
dairy_and_eggs,"NeilsonFlavoured Milk, Chocolate473 ml",$2.55ea,$0.54/ 100ml
dairy_and_eggs,"IOGONano Yogurt, Vanilla6x93.0 ml",$3.49ea,$0.63/ 100ml
dairy_and_eggs,LibertePlain Organic Greek Yogurt 2% MF650 g,$7.49ea,$1.15/ 100g
dairy_and_eggs,NeilsonHomogenized Milk 3.25%1 l,$3.79ea,$0.38/ 100ml
dairy_and_eggs,NeilsonHalf and Half Cream473 ml,$3.69ea,$0.78/ 100ml
dairy_and_eggs,NeilsonSkim Milk4 l,$5.69ea,$0.14/ 100ml
dairy_and_eggs,NeilsonTruTaste 1% Milk4 l,$5.99ea,$0.15/ 100ml
dairy_and_eggs,NeilsonHomogenized Milk2 l,$5.19ea,$0.26/ 100ml
dairy_and_eggs,"OikosHigh Protein Greek Yogurt, Vanilla Flavour, Blended, Value Tub650 g",$6.49ea,$1.00/ 100g
dairy_and_eggs,President's ChoiceShredded Pizza Mozzarella Cheese620 g,$12.29ea,$1.98/ 100g
dairy_and_eggs,"OikosExtra Creamy Greek Yogurt, Banana Chocolate Flavour, 4% Mf, 4X95G4x95.0 g",$4.49ea,$1.18/ 100g
dairy_and_eggs,SaputoMozzarellissima500 g,$9.29ea,$1.86/ 100g
dairy_and_eggs,"IOGO0% Strawberry, Raspberry, Blueberry, Cherry Yogurt16x100.0 g",$5.99ea,$0.37/ 100g
dairy_and_eggs,KraftSingles Original Thick Slices410 g,$5.49ea,$1.34/ 100g
dairy_and_eggs,NestleCoffee Mate Coffee Enhancer Hazelnut Value Size1.89 l,$8.99ea,$0.48/ 100ml
dairy_and_eggs,Black DiamondCheddar Cheese Thin Slices410 g,$4.49ea,$1.10/ 100g
dairy_and_eggs,PC OrganicsOrganic Free-Range Egg Whites500 g,$4.99ea,$1.00/ 100g
dairy_and_eggs,Cracker BarrelCheese Sauce Kit Italiano280 g,$7.49ea,$2.68/ 100g
dairy_and_eggs,FairlifeChocolate Lactose Free 2% Partly Skimmed Ultrafiltered Milk1.5 l,$5.49ea,$0.37/ 100ml
dairy_and_eggs,PillsburyCrescents Original235 g,$3.19ea,$1.36/ 100g
dairy_and_eggs,"RivieraGoat Yogurt, Plain 4.9%500 g",$4.49ea,$0.90/ 100ml
dairy_and_eggs,"OikosDrinkable Greek Yogurt With Banana, Oats, & Seeds, 9G Protein190 ml",$2.29ea,$1.21/ 100ml
dairy_and_eggs,"SaputoShredded Cheese, Mozzarellissima Light1 kg",$19.49ea,$1.95/ 100g
dairy_and_eggs,"IOGONano Yogurt, Peach 1%6x93.0 ml",$3.49ea,$0.63/ 100ml
dairy_and_eggs,"DanoneMixed Berry Drinkable Yogurt For Kids, 1.5% M.F., Pack Of 88x93.0 ml",$4.49ea,$0.60/ 100ml
dairy_and_eggs,NeilsonCaramel Chocolate Milkshake310 ml,$2.75ea,$0.89/ 100ml
dairy_and_eggs,"PC OrganicsOrganic Fresh Churned Butter, Unsalted250 g",$6.49ea,$2.60/ 100g
dairy_and_eggs,The A2 Milk Company2% M.F. Partly Skimmed Milk2 l,$6.49ea,$0.32/ 100ml
dairy_and_eggs,Cracker BarrelShreds Tex Mex320 g,$7.49ea,$2.34/ 100g
dairy_and_eggs,LiberteYogourt Vanilla Organic Large Size 2 % M.F.900 g,$5.79ea,$0.64/ 100g
dairy_and_eggs,"LactantiaFresh Churned Butter, Salted454 g",$8.79ea,$1.94/ 100g
dairy_and_eggs,Black DiamondMarble Cheddar Cheese Sticks252 g,$6.79ea,$2.69/ 100g
dairy_and_eggs,"OikosFat Free Greek Yogurt, Coconut Flavour, Blended, 0% M.F.4x100.0 g",$4.49ea,$1.12/ 100g
dairy_and_eggs,LiberteGreek Grk Ex Crm Str/Ban 5%650 g,$5.99ea,$0.92/ 100g
dairy_and_eggs,StarbucksAlmond And Oat Non Dairy Pumpkin Spice Latte Coffee Enhancer828 ml,$5.99ea,$0.72/ 100ml
dairy_and_eggs,"OikosGreek Yogurt, Pineapple Flavour, Fruit On The Bottom, 2% M.F.4x100.0 g",$4.49ea,$1.12/ 100g
dairy_and_eggs,"OikosFat Free Greek Yogurt, 30% Less Sugar, Peach Flavour, Blended4x100.0 g",$4.49ea,$1.12/ 100g
dairy_and_eggs,"OikosGreek Yogurt, Strawberry Flavour, Fruit On The Bottom, 2% M.F.4x100.0 g",$4.49ea,$1.12/ 100g
dairy_and_eggs,LactantiaChocolate Milk1.5 l,$5.59ea,$0.37/ 100ml
dairy_and_eggs,PillsburyGrands! Cinnamon Rolls Flaky Supreme with Icing468 g,$5.29ea,$1.07/ 100g
dairy_and_eggs,"SilkSoy For Coffee, Original Coffee Creamer,890 ml",$5.49ea,$0.62/ 100ml
dairy_and_eggs,BecelMargarine with Oat Beverage850 g,$6.99ea,$0.82/ 100g
dairy_and_eggs,"OikosGreek Yogurt, Plain, No Added Sugar, 2% M.F.4x100.0 g",$4.49ea,$1.12/ 100g
dairy_and_eggs,YoplaitSpecial Edition Yogurt8x56.0 g,$3.79ea,$0.85/ 100g
dairy_and_eggs,YoplaitSource Fieldberry Yogurt 0% MF630 g,$3.79ea,$0.60/ 100g
dairy_and_eggs,NestleCoffee Mate After Eight Liquid Coffee Enhancer946 ml,$6.49ea,$0.69/ 100ml
dairy_and_eggs,No NameCheddar Flavour Processed Cheese Product Thick Slices400 g,$4.29ea,$1.07/ 100g
dairy_and_eggs,OikosMaple Syrup 2% M.F. Greek Yogurt4x100.0 g,$4.49ea,$1.12/ 100g
dairy_and_eggs,NestleCoffee Mate Coffee Crisp Liquid Coffee Enhancer946 ml,$6.49ea,$0.69/ 100ml
dairy_and_eggs,NeilsonChocolate Dairy Beverage 2% M.F.1 l,$4.69ea,$0.47/ 100ml
dairy_and_eggs,BecelMargarine with Olive Oil454 g,$6.49ea,$1.52/ 100g
dairy_and_eggs,StarbucksWhite Chocolate Mocha Liquid Coffee Enhancer828 ml,$5.99ea,$0.72/ 100ml
dairy_and_eggs,No NameMozzarella 100% Real Cheese Slices 230 g,$4.99ea,$2.17/ 100g
dairy_and_eggs,No NameLight Original Cream Cheese Product227 g,$3.79ea,$1.67/ 100g
dairy_and_eggs,AmoozaPizza Mozzarella Cheese 22 % M.F.228 g,$4.99ea,$2.19/ 100g
dairy_and_eggs,"IOGONano Drinkable Yogurt, Raspberry6x93.0 ml",$3.49ea,$0.63/ 100ml
dairy_and_eggs,"IOGOFat Free Yogurt, Strawberry, Blueberry, Peach, Vanilla16x100.0 g",$5.99ea,$0.37/ 100g
dairy_and_eggs,"OikosGreek Yogurt, Plain, No Added Sugar, 2% Mf, Value Tub750 g",$6.49ea,$0.87/ 100g
dairy_and_eggs,LiberteGreek Orchard Peach 5% MF Yogurt4x100.0 g,$4.79ea,$1.20/ 100g
dairy_and_eggs,President's ChoicePhyllo Pastry454 g,$4.49ea,$0.99/ 100g
dairy_and_eggs,No NameFarmer's Marble Cheese400 g,$5.99ea,$1.50/ 100g
dairy_and_eggs,President's Choice0% M.F. Vanilla Greek Yogurt908 g,$6.99ea,$0.77/ 100g
dairy_and_eggs,"PC OrganicsOrganic Fresh Churned Butter, Salted250 g",$6.49ea,$2.60/ 100g
dairy_and_eggs,No Name5% M.F. Light Sour Cream500 ml,$2.79ea,$0.56/ 100ml
dairy_and_eggs,President's ChoiceGreek Vanilla 5%908 g,$6.99ea,$0.77/ 100g
dairy_and_eggs,No NameWhipped Topping 225 g,$3.49ea,$1.55/ 100g
dairy_and_eggs,BecelMargarine with Oat Beverage427 g,$6.49ea,$1.52/ 100g
dairy_and_eggs,"LactantiaLactose Free Butter, Unsalted250 g",$6.49ea,$2.60/ 100g
dairy_and_eggs,PC OrganicsOrganic 14% M.F. Sour Cream500 g,$5.29ea,$1.06/ 100g
dairy_and_eggs,BecelMargarine with Olive Oil907 g,$6.99ea,$0.82/ 100g
dairy_and_eggs,"OikosGreek Yogurt, Strawberry-Banana Flavour, Blended, 2% M.F.4x100.0 g",$4.49ea,$1.12/ 100g
dairy_and_eggs,President's ChoiceLactose Free Plain 2%  M.F. Yogurt750 g,$3.49ea,$0.47/ 100g
dairy_and_eggs,NatrelLactose Free 2% Dairy Product (2L)2 l,$5.99ea,$0.30/ 100ml
dairy_and_eggs,President's ChoicePlain Skyr Icelandic Style 0% M.F. Yogurt500 g,$5.99ea,$1.20/ 100g
dairy_and_eggs,LiberteMéditerranée Raspbery Cheesecake 9%MF Yogurt500 g,$3.99ea,$0.80/ 100g
dairy_and_eggs,MacLarensCheese Spread230 g,$8.49ea,$3.69/ 100g
dairy_and_eggs,"President's ChoicePlant Based Cultured Coconut Milk Yogurt Alternative, Plain500 g",$4.79ea,$0.96/ 100g
dairy_and_eggs,"ActiviaYogurt With Probiotics, Stawberry Raspberry Flavour8x100.0 g",$5.49ea,$0.69/ 100g
dairy_and_eggs,LiberteMéditerranée Coconut 9% MF Yogurt500 g,$3.99ea,$0.80/ 100g
dairy_and_eggs,Earths OwnDairy Free Butter340 g,$4.99ea,$1.47/ 100g
dairy_and_eggs,NanakPaneer341 g,$5.79ea,$1.70/ 100g
dairy_and_eggs,LiberteClassique Class Plain 0% MF Yogurt650 g,$6.29ea,$0.97/ 100g
dairy_and_eggs,"IOGODrinkable Yogurt, Banana 1.5%6x93.0 ml",$3.49ea,$0.63/ 100ml
dairy_and_eggs,International DelightMaple Latte Flavoured Coffee Creamer946 ml,$5.49ea,$0.58/ 100ml
dairy_and_eggs,BaileysFrench Vanilla400 ml,$4.39ea,$1.10/ 100ml
dairy_and_eggs,President's ChoiceOld Cheddar Cheese400 g,$6.49ea,$1.62/ 100g
dairy_and_eggs,"BeatriceSour Cream, Fat Free 0%500 ml",$3.79ea,$0.76/ 100ml
dairy_and_eggs,PhiladelphiaOnion Dip227 g,$4.99ea,$2.20/ 100g
dairy_and_eggs,No NameGrade A Extra Large Eggs12 eggs,$4.29ea,$0.36/ 1ea
dairy_and_eggs,President's ChoiceMonterey Jack Cheese400 g,$6.49ea,$1.62/ 100g
dairy_and_eggs,Cracker BarrelSlice Medium Cheddar Light240 g,$4.49ea,$1.87/ 100g
dairy_and_eggs,NestleCoffee Mate Double Double-Mate Liquid Coffee Enhancer946 ml,$6.49ea,$0.69/ 100ml
dairy_and_eggs,Black DiamondThin Slice Fat Free Cheese410 g,$4.49ea,$1.10/ 100g
dairy_and_eggs,"OikosFat Free Greek Yogurt, Vanilla Flavour, Blended, 0% M.F.750 g",$6.49ea,$0.87/ 100g
dairy_and_eggs,"Milk 2 GoSport, Vanilla325 ml",$1.79ea,$0.55/ 100ml
dairy_and_eggs,President's ChoiceCountry Churned Unsalted Butter 454 g,$7.99ea,$1.76/ 100g
dairy_and_eggs,"International DelightHazelnut Flavoured Coffee Creamer, 63 Servings946 ml",$5.49ea,$0.58/ 100ml
dairy_and_eggs,Gay LeaUnsalted Butter454 g,$7.79ea,$1.72/ 100g
dairy_and_eggs,NeilsonTruTaste 1% Milk2 l,$5.49ea,$0.27/ 100ml
dairy_and_eggs,"PhiladelphiaOriginal Cream Cheese, Lactose Free250 g",$5.99ea,$2.40/ 100g
dairy_and_eggs,PC OrganicsOrganic Homogenized Milk4 l,$10.39ea,$0.26/ 100ml
dairy_and_eggs,International DelightReduced Sugar French Vanilla Coffee Creamer946 ml,$5.49ea,$0.58/ 100ml
dairy_and_eggs,ArmstrongNatural Swiss Cheese Slice220 g,$6.49ea,$2.95/ 100g
dairy_and_eggs,"NeilsonCream, 18%473 ml",$1.99ea,$0.42/ 100ml
dairy_and_eggs,NeilsonPartly Skimmed Milk 2% MF4 l,$5.69ea,$0.14/ 100ml
dairy_and_eggs,NeilsonTrutaste Lactose Free 1% Milk2 l,$6.79ea,$0.34/ 100ml
dairy_and_eggs,LiberteGreek Vanilla Bean 5% MF Yogurt4x100.0 g,$4.79ea,$1.20/ 100g
dairy_and_eggs,"OikosFat Free Greek Yogurt, High Protein, Plain, 0% M.F.650 g",$6.49ea,$1.00/ 100g
dairy_and_eggs,"AstroYogurt, Stirred Yogourt Vanilla Flavour With Oats 2% M.F.650 g",$3.29ea,$0.51/ 100g
dairy_and_eggs,"OikosGreek Yogurt Limited Edition, Pumpkin Spice Flavour, 4X100G4x100.0 g",$4.49ea,$1.12/ 100g
dairy_and_eggs,President's ChoicePlain Skyr Icelandic Style 4% M.F. Yogurt500 g,$5.99ea,$1.20/ 100g
dairy_and_eggs,LiberteGreek Vanilla Bean 5% MF Yogurt4x100.0 g,$4.79ea,$1.20/ 100g
dairy_and_eggs,"OikosFat Free Greek Yogurt, High Protein, Plain, 0% M.F.650 g",$6.49ea,$1.00/ 100g
dairy_and_eggs,FairlifeLactose Free Skim Ultrafiltered Milk1.5 l,$5.49ea,$0.37/ 100ml
dairy_and_eggs,PC Blue MenuBlue Menu Original Margarine454 g,$4.79ea,$1.06/ 100g
dairy_and_eggs,No NameOld Cheddar Cheese Slices 210 g,$4.99ea,$2.38/ 100g
dairy_and_eggs,PresidentPremium Salted Cultured Butter250 g,$5.19ea,$2.08/ 100g
dairy_and_eggs,BecelMargarine Vegan907 g,$6.99ea,$0.82/ 100g
dairy_and_eggs,PillsburyGrands Cinnamon Rolls Regular   496 g,$5.29ea,$1.07/ 100g
dairy_and_eggs,NatrelLactose Free Fat Free Skim 0% Dairy Product (2L)2 l,$5.99ea,$0.30/ 100ml
dairy_and_eggs,LiberteGreek Raspberry 5% MF Yogurt4x100.0 g,$4.79ea,$1.20/ 100g
dairy_and_eggs,"IOGOYogurt Duo, Pineapple-Coconut-Banana, Raspberry, Orange-Mandarin, Peach-Mango16x100.0 g",$5.99ea,$0.37/ 100g
dairy_and_eggs,No NameMarble Cheddar Cheese Slices230 g,$4.99ea,$2.17/ 100g
dairy_and_eggs,No NameStringable Cheese Marble336 g,$6.49ea,$1.93/ 100g
dairy_and_eggs,"PC OrganicsOrganic Cheese, Medium Cheddar200 g",$5.99ea,$3.00/ 100g
dairy_and_eggs,YoplaitMinigo 3% MF Fresh Cheese Strawberry/Strawberry-Vanilla/Strawberry-Banana6x60.0 g,$3.79ea,$1.05/ 100g
dairy_and_eggs,ImperialSoft Margarine Spread454 g,$4.99ea,$1.17/ 100g
dairy_and_eggs,No NameDeep Dish Pie Shells380 g,$3.99ea,$1.05/ 100g
dairy_and_eggs,"ActiviaYogurt With Probiotics, Strawberry Flavour12x100.0 g",$6.49ea,$0.54/ 100g
dairy_and_eggs,"ActiviaYogurt With Probiotics & Fibre, 3X Vanilla, 3X Blueberry, 3X Peach, 3X Strawberry Kiwi,12x100.0 g",$6.49ea,$0.54/ 100g
dairy_and_eggs,"OikosLactose Free Greek Yogurt, Plain, Fat Free, No Added Sugar, 0% M.F.750 g",$6.49ea,$0.87/ 100g
dairy_and_eggs,"OikosExtra Creamy Greek Yogurt, Blueberry, Blended, 9% M.F.650 g",$6.49ea,$1.00/ 100g
dairy_and_eggs,Milk 2 GoChocolate473 ml,$2.69ea,$0.57/ 100ml
dairy_and_eggs,"OikosGreek Yogurt, Variety Pack, Raspberry-Pomegranate / Key Lime / Vanilla / Strawberry Banana, Blended 2% M.F.12x100.0 g",$10.99ea,$0.92/ 100g
dairy_and_eggs,Cracker BarrelShreds Light Tex Mex320 g,$7.49ea,$2.34/ 100g
dairy_and_eggs,AstroOriginal Balkan Balkan Style Yogurt750 g,$3.29ea,$0.44/ 100g
dairy_and_eggs,"DanoneDrinkable Yogurt, Peach Flavour, Made With Real Fruit, 2% M.F.190 ml",$1.29ea,$0.68/ 100ml
dairy_and_eggs,LiberteMéditerranée Mocha 9% MF Yogurt500 g,$3.99ea,$0.80/ 100g
dairy_and_eggs,YoplaitSource Peach Yogurt 0% MF630 g,$3.79ea,$0.60/ 100g
dairy_and_eggs,LiberteYogourt Plain Large Size 5 % M.F.900 g,$9.69ea,$1.08/ 100g
dairy_and_eggs,IOGO1% Lactose Free Strawberry-Banana Drinkable Yogurt6x93.0 ml,$3.49ea,$0.63/ 100g
dairy_and_eggs,StarbucksCaramel Macchiato Liquid Coffee Enhancer828 ml,$5.99ea,$0.72/ 100ml
dairy_and_eggs,PillsburyChub Chocolate Chunk Cookie   468 g,$4.49ea,$0.96/ 100g
dairy_and_eggs,PhiladelphiaLight Cream Cheese450 g,$8.49ea,$1.89/ 100g
dairy_and_eggs,"HeluvaSour Cream Dip, Dill Pickle250 g",$4.49ea,$1.80/ 100g
dairy_and_eggs,President's ChoiceStrawberry 0% M.F. Greek Yogurt 4x100.0 g,$3.99ea,$1.00/ 100g
dairy_and_eggs,No NameMarble Cheddar Cheese400 g,$5.99ea,$1.50/ 100g
dairy_and_eggs,"NeilsonMilk, Ultrafiltered Partly Skimmed 2% M.F.1 l",$4.69ea,$0.47/ 100ml
dairy_and_eggs,"ActiviaProbiotic Yogurt, 4X Blueberry, 4X Strawberry & Rhubarb8x100.0 g",$5.49ea,$0.69/ 100g
dairy_and_eggs,StarbucksAlmond And Oat Dairy Free Caramel Macchiato Coffee Enhancer828 ml,$5.99ea,$0.72/ 100ml
dairy_and_eggs,"ActiviaYogurt With Probiotics, Cherry Flavour650 g",$3.49ea,$0.54/ 100g
dairy_and_eggs,NestleCoffee Mate Turtles Liquid Coffee Enhancer946 ml,$6.49ea,$0.69/ 100ml
dairy_and_eggs,No NameShredded Edam & Mozzarella Cheese Blend900 g,$14.99ea,$1.67/ 100g
dairy_and_eggs,"RivieraVegan Yogurt, Vanilla Coconut650 g",$6.49ea,$1.00/ 100g
dairy_and_eggs,BecelMargarine Original1.81 kg,$16.99ea,$1.00/ 100g
dairy_and_eggs,Cracker BarrelShreds Mozza Cheddar320 g,$7.49ea,$2.34/ 100g
dairy_and_eggs,No NameMarble Cheddar Cheese Slices230 g,$4.99ea,$2.17/ 100g
dairy_and_eggs,No NameStringable Cheese Marble336 g,$6.49ea,$1.93/ 100g
dairy_and_eggs,"PC OrganicsOrganic Cheese, Medium Cheddar200 g",$5.99ea,$3.00/ 100g
dairy_and_eggs,YoplaitMinigo 3% MF Fresh Cheese Strawberry/Strawberry-Vanilla/Strawberry-Banana6x60.0 g,$3.79ea,$1.05/ 100g
dairy_and_eggs,ImperialSoft Margarine Spread454 g,$4.99ea,$1.17/ 100g
dairy_and_eggs,No NameDeep Dish Pie Shells380 g,$3.99ea,$1.05/ 100g
dairy_and_eggs,"ActiviaYogurt With Probiotics, Strawberry Flavour12x100.0 g",$6.49ea,$0.54/ 100g
dairy_and_eggs,"ActiviaYogurt With Probiotics & Fibre, 3X Vanilla, 3X Blueberry, 3X Peach, 3X Strawberry Kiwi,12x100.0 g",$6.49ea,$0.54/ 100g
dairy_and_eggs,"OikosLactose Free Greek Yogurt, Plain, Fat Free, No Added Sugar, 0% M.F.750 g",$6.49ea,$0.87/ 100g
dairy_and_eggs,"OikosExtra Creamy Greek Yogurt, Blueberry, Blended, 9% M.F.650 g",$6.49ea,$1.00/ 100g
dairy_and_eggs,Milk 2 GoChocolate473 ml,$2.69ea,$0.57/ 100ml
dairy_and_eggs,StarbucksCaramel Macchiato Liquid Coffee Enhancer828 ml,$5.99ea,$0.72/ 100ml
dairy_and_eggs,PillsburyChub Chocolate Chunk Cookie   468 g,$4.49ea,$0.96/ 100g
dairy_and_eggs,PhiladelphiaLight Cream Cheese450 g,$8.49ea,$1.89/ 100g
dairy_and_eggs,"HeluvaSour Cream Dip, Dill Pickle250 g",$4.49ea,$1.80/ 100g
dairy_and_eggs,President's ChoiceStrawberry 0% M.F. Greek Yogurt 4x100.0 g,$3.99ea,$1.00/ 100g
dairy_and_eggs,No NameMarble Cheddar Cheese400 g,$5.99ea,$1.50/ 100g
dairy_and_eggs,"NeilsonMilk, Ultrafiltered Partly Skimmed 2% M.F.1 l",$4.69ea,$0.47/ 100ml
dairy_and_eggs,"ActiviaProbiotic Yogurt, 4X Blueberry, 4X Strawberry & Rhubarb8x100.0 g",$5.49ea,$0.69/ 100g
dairy_and_eggs,StarbucksAlmond And Oat Dairy Free Caramel Macchiato Coffee Enhancer828 ml,$5.99ea,$0.72/ 100ml
dairy_and_eggs,"ActiviaYogurt With Probiotics, Cherry Flavour650 g",$3.49ea,$0.54/ 100g
dairy_and_eggs,NestleCoffee Mate Turtles Liquid Coffee Enhancer946 ml,$6.49ea,$0.69/ 100ml
dairy_and_eggs,No NameShredded Edam & Mozzarella Cheese Blend900 g,$14.99ea,$1.67/ 100g
dairy_and_eggs,"RivieraVegan Yogurt, Vanilla Coconut650 g",$6.49ea,$1.00/ 100g
dairy_and_eggs,BecelMargarine Original1.81 kg,$16.99ea,$1.00/ 100g
dairy_and_eggs,Cracker BarrelShreds Mozza Cheddar320 g,$7.49ea,$2.34/ 100g
dairy_and_eggs,President's ChoicePlain 2% M.F. Greek Yogurt500 g,$5.99ea,$1.20/ 100g
dairy_and_eggs,"LactantiaButter Sticks, Salted4x113.0 g",$8.99ea,$1.99/ 100g
dairy_and_eggs,Cracker BarrelShreds 3 Cheese Mexicana320 g,$7.49ea,$2.34/ 100g
dairy_and_eggs,President's ChoiceShredded Cheddar Cheese With Habanero 320 g,$4.49ea,$1.40/ 100g
dairy_and_eggs,LiberteYogourt Plain Large Size 5 % M.F.900 g,$9.69ea,$1.08/ 100g
dairy_and_eggs,LiberteKéfir Organic 1% MF Strawberry1000 g,$6.29ea,$0.63/ 100g
dairy_and_eggs,NeilsonTable Cream1 l,$6.99ea,$0.70/ 100ml
dairy_and_eggs,NeilsonPartly Skimmed Milk 1% MF4 l,$5.69ea,$0.14/ 100ml
dairy_and_eggs,The A2 Milk Company3.25% M.F. Homogenized Milk2 l,$6.49ea,$0.32/ 100ml
dairy_and_eggs,"SilkFor Coffee, Hazelnut Flavour, Dairy Free Coffee Creamer473 ml",$2.99ea,$0.63/ 100ml
dairy_and_eggs,Neilson2% Milk1 l,$3.39ea,$0.34/ 100ml
dairy_and_eggs,LiberteGreek 5% M.F Plain Yogourt650 g,$5.99ea,$0.92/ 100g
dairy_and_eggs,"DanoneYogurt With Probioticsactose Free, Vanilla, Strawberry, Raspberry, Cherry Flavour, 12XG12x100.0 g",$6.49ea,$0.54/ 100g
dairy_and_eggs,NeilsonTrutaste Homogenized Milk4 l,$6.49ea,$0.16/ 100ml
dairy_and_eggs,NeilsonHomogenized Milk 3.25%4 l,$6.69ea,$0.17/ 100ml
dairy_and_eggs,"PhiladelphiaOriginal Cream Cheese Product, Lactose Free227 g",$5.99ea,$2.64/ 100g
dairy_and_eggs,No NameOld Cheddar Cheese400 g,$5.99ea,$1.50/ 100g
dairy_and_eggs,LiberteKéfir 1% MF Strawberry1000 ml,$5.99ea,$0.60/ 100ml
dairy_and_eggs,No NameFarmer's Marble Cheese 200 g,$4.29ea,$2.15/ 100g
dairy_and_eggs,"OikosExtra Creamy Greek Yogurt, Extra Creamy Plain 11%750 g",$6.49ea,$0.87/ 100g
dairy_and_eggs,"OikosFat Free Greek Yogurt, 30% Less Sugar, Mixed Berry Flavour, Blended4x100.0 g",$4.49ea,$1.12/ 100g
dairy_and_eggs,Black DiamondWhite Cheddar Sliced Cheese220 g,$6.29ea,$2.86/ 100g
dairy_and_eggs,"OikosDrinkable Greek Yogurt With Field Berries, Oats, & Seeds, 9G Protein190 ml",$2.29ea,$1.21/ 100ml
dairy_and_eggs,"SaputoCheese, Mozzarellissma, Light700 g",$12.99ea,$1.86/ 100g
dairy_and_eggs,No NameFarmer's Marble Cheese 200 g,$4.29ea,$2.15/ 100g
dairy_and_eggs,"OikosExtra Creamy Greek Yogurt, Extra Creamy Plain 11%750 g",$6.49ea,$0.87/ 100g
dairy_and_eggs,"OikosFat Free Greek Yogurt, 30% Less Sugar, Mixed Berry Flavour, Blended4x100.0 g",$4.49ea,$1.12/ 100g
dairy_and_eggs,LiberteKéfir 1% MF Strawberry1000 ml,$5.99ea,$0.60/ 100ml
dairy_and_eggs,No NameLight Part Skim Mozzarella Cheese400 g,$5.99ea,$1.50/ 100g
dairy_and_eggs,VegenaiseOriginal473 ml,$6.99ea,$1.48/ 100ml
dairy_and_eggs,President's ChoiceLactose Free Plain Greek Yogurt908 g,$6.99ea,$0.77/ 100g
dairy_and_eggs,No NameUnsalted Butter454 g,$6.49ea,$1.43/ 100g
dairy_and_eggs,"OikosFat Free Greek Yogurt, 30% Less Sugar, Vanilla Flavour, Blended750 g",$6.49ea,$0.87/ 100g
dairy_and_eggs,"OikosGreek Yogurt, Banana Flavour, Blended, 2% Mf4x100.0 g",$4.49ea,$1.12/ 100g
dairy_and_eggs,LiberteMéditerranée Apple Pie 9%MF Yogurt500 g,$3.99ea,$0.80/ 100g
dairy_and_eggs,PhiladelphiaSmoked Salmon Cream Cheese227 g,$4.99ea,$2.20/ 100g
dairy_and_eggs,YoplaitMinigo 3% MF Duo Fresh Cheese Strawberry-Banana/Blueberry-Strawberry/Banana-Blueberry6x60.0 g,$3.79ea,$1.05/ 100g
dairy_and_eggs,No NameTart Shells30 ea,$7.49ea,$1.31/ 100g
dairy_and_eggs,"KraftCheese, Process Product Extra Cheddar390 g",$6.99ea,$1.79/ 100g
dairy_and_eggs,"PillsburyWiener Wrap, Regular200 g",$3.19ea,$1.60/ 100g
dairy_and_eggs,LiberteYogourt Wild Blueberry 9 % M.F.4x100.0 g,$4.19ea,$1.05/ 100g
dairy_and_eggs,President's ChoiceFree Run Brown Eggs Large12 eggs,$6.59ea,$0.55/ 1ea
dairy_and_eggs,No NameSalted Butter454 g,$6.49ea,$1.43/ 100g
dairy_and_eggs,President's ChoicePlain Kefir Probiotic Fermented 1% M.F. Milk1 l,$4.79ea,$0.48/ 100ml
dairy_and_eggs,"KraftCheese, Process Product Extra Swiss390 g",$6.99ea,$1.79/ 100g
dairy_and_eggs,PhiladelphiaOriginal Cream Cheese450 g,$8.49ea,$1.89/ 100g
dairy_and_eggs,PillsburyChocolatey Chip Cookies468 g,$4.49ea,$0.96/ 100g
dairy_and_eggs,"OikosGreek Yogurt, Key Lime Flavour, 2% M.F., Blended4x100.0 g",$4.49ea,$1.12/ 100g
dairy_and_eggs,"ActiviaProbiotic Yogurt, Strawberry/Wildberry/Mango Flavour12x100.0 g",$6.49ea,$0.54/ 100g
dairy_and_eggs,BaileysOriginal Irish Cream400 ml,$4.39ea,$1.10/ 100ml
dairy_and_eggs,ActiviaYogurt With Probioticsemon Pineapple Flavour8x100.0 g,$5.49ea,$0.69/ 100g
dairy_and_eggs,BecelMargarine Original850 g,$6.99ea,$0.82/ 100g
dairy_and_eggs,No NameCream Cheese Spread 227 g,$3.79ea,$1.67/ 100g
dairy_and_eggs,KraftSingles Original Thick Slices825 g,$9.99ea,$1.21/ 100g
dairy_and_eggs,PhiladelphiaWhipped Original Cream Cheese227 g,$4.99ea,$2.20/ 100g
dairy_and_eggs,SaputoMozzarellissima Light500 g,$9.29ea,$1.86/ 100g
dairy_and_eggs,"AstroOriginal Balkan Style Yogurt, Plain 2%750 g",$3.29ea,$0.44/ 100g
dairy_and_eggs,BecelMargarine Original454 g,$6.49ea,$1.52/ 100g
dairy_and_eggs,SaputoMozzarellissima 20% 690g 690 g,$12.99ea,$1.88/ 100g
dairy_and_eggs,No NamePasteurized Cream Cheese250 g,$3.79ea,$1.52/ 100g
dairy_and_eggs,No NameShredded Part Skimmed Mozzarella320 g,$5.99ea,$1.87/ 100g
dairy_and_eggs,NestleCoffee Crisp Milkshake473 ml,$3.15ea,$0.67/ 100ml
dairy_and_eggs,LiberteGreek Plain 2% MF Yogurt1000 g,$9.69ea,$0.97/ 100g
dairy_and_eggs,KraftSingles Original Slices825 g,$9.99ea,$1.21/ 100g
dairy_and_eggs,"LactantiaLactose Free Butter, Salted250 g",$6.49ea,$2.60/ 100g
dairy_and_eggs,KraftShredded Parmesan Cheese200 g,$7.99ea,$4.00/ 100g
dairy_and_eggs,YoplaitTubes Peach Blueberry Yogurt8x56.0 g,$3.79ea,$0.85/ 100g
dairy_and_eggs,BecelUnsalted Plant-Based Margarine Bricks454 g,$5.89ea,$1.30/ 100g
dairy_and_eggs,PillsburyFlaky Real Apple Turnovers383 g,$4.49ea,$1.17/ 100g
dairy_and_eggs,"OikosYogurt, Drinkable Greek with Vanilla, Apricot, Oats, & Seeds, 9G Protein190 ml",$2.29ea,$1.21/ 100ml
dairy_and_eggs,NestleCoffee Crisp Milkshake473 ml,$3.15ea,$0.67/ 100ml
dairy_and_eggs,LiberteGreek Plain 2% MF Yogurt1000 g,$9.69ea,$0.97/ 100g
dairy_and_eggs,Black DiamondOld Cheddar Cheese + Sea-Salted Roasted Cashews & Cherry Infused Dried Cranberries127.6 g,$5.19ea,$4.07/ 100g
dairy_and_eggs,No NameNacho Cheese Blend Shredded Mild Light 20% M.F.320 g,$5.99ea,$1.87/ 100g
dairy_and_eggs,BecelMargarine with Avocado Oil427 g,$6.49ea,$1.52/ 100g
dairy_and_eggs,NeilsonStrawberry Milkshake310 ml,$2.75ea,$0.89/ 100ml
dairy_and_eggs,Earth BalanceOriginal Buttery Spread425 g,$5.49ea,$1.29/ 100g
dairy_and_eggs,PillsburyCiinnamon Rolls351 g,$4.49ea,$1.28/ 100g
dairy_and_eggs,President's ChoiceLactose Free Margarine454 g,$4.79ea,$1.06/ 100g
dairy_and_eggs,International DelightCaramel Macchiato946 ml,$5.49ea,$0.58/ 100ml
dairy_and_eggs,PC OrganicsOrganic Partly Skimmed 2% Milk2 l,$6.89ea,$0.34/ 100ml
dairy_and_eggs,PhiladelphiaHerb & Garlic Cream Cheese227 g,$4.99ea,$2.20/ 100g
dairy_and_eggs,President's ChoiceExtra Old White Cheddar400 g,$6.49ea,$1.62/ 100g
dairy_and_eggs,President's ChoiceMac & Cheese Shredded Cheese Blend320 g,$4.49ea,$1.40/ 100g
dairy_and_eggs,NestleRolo Milkshake473 ml,$3.15ea,$0.67/ 100ml
dairy_and_eggs,President's ChoiceLactose Free Old White Cheddar Cheese400 g,$6.49ea,$1.62/ 100g
dairy_and_eggs,LiberteClassique Strawberry 2.9%%650 g,$6.29ea,$0.97/ 100g
dairy_and_eggs,Neilson2% Milk2 l,$4.99ea,$0.25/ 100ml
dairy_and_eggs,No NamePart Skim Mozzarella Cheese200 g,$4.29ea,$2.15/ 100g
dairy_and_eggs,President's ChoiceMonterey Jack Cheese With Jalapeño400 g,$6.49ea,$1.62/ 100g
dairy_and_eggs,President's ChoiceTex Mex Shredded Cheese Blend320 g,$4.49ea,$1.40/ 100g
dairy_and_eggs,KraftShaved Parmesan Cheese141 g,$6.99ea,$4.96/ 100g
dairy_and_eggs,"International DelightFrench Vanilla Flavoured Coffee Creamer, 63 Servings946 ml",$5.49ea,$0.58/ 100ml
dairy_and_eggs,President's ChoiceLactose Free Marble Cheddar 400 g,$6.49ea,$1.62/ 100g
dairy_and_eggs,President's ChoiceMarble Cheddar Cheese400 g,$6.49ea,$1.62/ 100g
dairy_and_eggs,"Black DiamondCheese Mozzarella, 27% M.F.400 g",$4.49ea,$1.12/ 100g
dairy_and_eggs,"HeluvaSour Cream Dip, French Onion250 g",$4.49ea,$1.80/ 100g
dairy_and_eggs,PC OrganicsOrganic Partly Skimmed 2% Milk4 l,$10.39ea,$0.26/ 100ml
dairy_and_eggs,Neilson1% Partly Skimmed Milk2 l,$4.99ea,$0.25/ 100ml
dairy_and_eggs,No NameCheese Sticks Stringable Marble588 g,$11.19ea,$1.90/ 100g
dairy_and_eggs,PC OrganicsOrganic Fresh Skim Milk2 l,$6.89ea,$0.34/ 100ml
dairy_and_eggs,NeilsonTruTaste Homogenized Milk2 l,$5.99ea,$0.30/ 100ml
dairy_and_eggs,Black DiamondSliced Medium Cheddar Cheese240 g,$6.29ea,$2.62/ 100g
dairy_and_eggs,Golden GateMirage Margarine907 g,$7.19ea,$0.79/ 100g
dairy_and_eggs,President's ChoiceVanilla 0% M.F. Greek Yogurt4x100.0 g,$3.99ea,$1.00/ 100g
dairy_and_eggs,"DanoneStrawberry-Banana Flavoured Paw Patrol Yogurt Drink For Kids, 8X938x93.0 ml",$4.49ea,$0.60/ 100ml
dairy_and_eggs,President's ChoiceTre Formaggi Shredded Cheese Blend320 g,$4.49ea,$1.40/ 100g
dairy_and_eggs,LiberteGreek Strawberry 0% MF Yogurt4x100.0 g,$4.79ea,$1.20/ 100g
dairy_and_eggs,"IOGONano Drinkable Yogurt, Strawberry6x93.0 ml",$3.49ea,$0.63/ 100ml
dairy_and_eggs,LiberteMéditerranée Black Cherry 9% MF Yogurt500 g,$3.99ea,$0.80/ 100g
dairy_and_eggs,ChobaniGreek Vanilla Yogurt907 g,$7.79ea,$0.86/ 100g
dairy_and_eggs,BecelSalted Plant-Based Margarine Bricks454 g,$5.89ea,$1.30/ 100g
dairy_and_eggs,No NameShredded Marble Farmer's Cheese900 g,$14.99ea,$1.67/ 100g
dairy_and_eggs,"RivieraGoat Yogurt, Vanilla 4.9%500 g",$4.49ea,$0.90/ 100ml
dairy_and_eggs,Black DiamondCombo Marble Cubes and Sea Salted Roasted Almonds and Dried Cranberries127.6 g,$5.19ea,$4.07/ 100g
dairy_and_eggs,"KiriCheese, Cream Product Original 29.5% M.F.150 g",$3.49ea,$2.33/ 100g
dairy_and_eggs,"RivieraVegan Yogurt, Plain Coconut650 g",$6.49ea,$1.00/ 100g
dairy_and_eggs,President's ChoicePlain 0% M.F.  Greek Yogurt500 g,$5.99ea,$1.20/ 100g
dairy_and_eggs,President's ChoicePlain 2% M.F. Greek Yogurt908 g,$6.99ea,$0.77/ 100g
dairy_and_eggs,"PC OrganicsOrganic Kefir Milk, Strawberry1000 ml",$5.49ea,$0.55/ 100ml
dairy_and_eggs,ArmstrongCombos - Mozzarella & Naturally Smoked Salami Sticks180 g,$6.99ea,$3.88/ 100g
dairy_and_eggs,Black DiamondSliced Medium Cheddar Cheese240 g,$6.29ea,$2.62/ 100g
dairy_and_eggs,Golden GateMirage Margarine907 g,$7.19ea,$0.79/ 100g
dairy_and_eggs,President's ChoiceVanilla 0% M.F. Greek Yogurt4x100.0 g,$3.99ea,$1.00/ 100g
dairy_and_eggs,LiberteGreek Coconut 2% MF Yogurt4x100.0 g,$4.79ea,$1.20/ 100g
dairy_and_eggs,"ActiviaPlant-Based Probiotic Yogurt, Cherry And Peach8x100.0 g",$5.49ea,$0.69/ 100g
dairy_and_eggs,"OikosExtra Creamy Greek Yogurtemon Meringue Flavour, 4% Mf4x95.0 g",$4.49ea,$1.18/ 100g
dairy_and_eggs,"LactantiaMy Country Butter Sticks, Unsalted4x113.5 g",$8.49ea,$1.87/ 100g
dairy_and_eggs,PresidentPremium Unsalted Cultured Butter250 g,$5.19ea,$2.08/ 100g
dairy_and_eggs,President's ChoicePlant Based Cultured Oat Yogurt Alternative Strawberry Vanilla500 g,$3.99ea,$0.80/ 100g
dairy_and_eggs,IOGOYogurt 1.5% M.F.16x100.0 g,$5.99ea,$0.37/ 100g
dairy_and_eggs,StarbucksAlmond And Oat Dairy Free Hazelnut Latte Coffee Enhancer828 ml,$5.99ea,$0.72/ 100ml
dairy_and_eggs,Black DiamondCombo Marble Cubes and Sea Salted Roasted Almonds and Dried Cranberries127.6 g,$5.19ea,$4.07/ 100g
dairy_and_eggs,"KiriCheese, Cream Product Original 29.5% M.F.150 g",$3.49ea,$2.33/ 100g
dairy_and_eggs,"RivieraVegan Yogurt, Plain Coconut650 g",$6.49ea,$1.00/ 100g
dairy_and_eggs,President's ChoicePlain 0% M.F.  Greek Yogurt500 g,$5.99ea,$1.20/ 100g
dairy_and_eggs,President's ChoiceGreek Yogurt Tzatziki Dip227 g,$3.49ea,$1.54/ 100g
dairy_and_eggs,PillsburyEasy Roll Pie Crust   400 g,$4.49ea,$1.12/ 100g
dairy_and_eggs,LiberteGreek Black Cherry 2% MF Yogurt 4x100.0 g,$4.79ea,$1.20/ 100g
dairy_and_eggs,Del MontePeach Chunks In Light Syrup 8 Cups X (1.52 L)  (Case)8x190.0 ml,$17.99ea,$1.18/ 100ml
dairy_and_eggs,KraftVelveeta Processed Cheese Loaf450 g,$8.29ea,$1.84/ 100g
dairy_and_eggs,BecelMargarine Salted Plant-Based Sticks454 g,$6.49ea,$1.43/ 100g
dairy_and_eggs,BecelMargarine Unsalted Plant-Based Sticks454 g,$6.49ea,$1.43/ 100g
dairy_and_eggs,LiberteGreek Blueberry 0% MF Yogurt750 g,$5.99ea,$0.80/ 100g
dairy_and_eggs,"AstroOriginal Balkan Style Yogurt, Vanilla650 g",$3.29ea,$0.51/ 100g
dairy_and_eggs,Neilson2% Milk473 ml,$2.59ea,$0.55/ 100ml
dairy_and_eggs,LactantiaButter Sticks Salted with Sea Salt454 g,$8.99ea,$1.98/ 100g
dairy_and_eggs,"1850Coffee, Ground  100% Colombian Light Roast 340 g",$10.99ea,$3.23/ 100g
dairy_and_eggs,"OikosGreek Yogurt With Honey On The Bottom, 2% M.F.4x100.0 g",$4.49ea,$1.12/ 100g
dairy_and_eggs,"ActiviaImmune System, Raspberry Probiotic Yogurt Drink. Lactose Free8x93.0 ml",$5.99ea,$0.81/ 100ml
dairy_and_eggs,"OikosGreek Yogurt, Vanilla Flavour, 2% M.F.,  Blended4x100.0 g",$4.49ea,$1.12/ 100g
dairy_and_eggs,Cracker BarrelShreds Old Cheddar320 g,$7.49ea,$2.34/ 100g
dairy_and_eggs,LiberteYogourt Orchard Peach 9 % M.F.4x100.0 g,$4.19ea,$1.05/ 100g
dairy_and_eggs,PhiladelphiaHerb & Spice Dip227 g,$4.99ea,$2.20/ 100g
dairy_and_eggs,No NameMedium Cheddar Cheese400 g,$5.99ea,$1.50/ 100g
dairy_and_eggs,Black DiamondShredded Cheese Tacos & Nachos320 g,$4.49ea,$1.40/ 100g
dairy_and_eggs,"OikosGreek Yogurt, Blackberry Flavour, Fruit On The Bottom4x100.0 g",$4.49ea,$1.12/ 100g
dairy_and_eggs,President's ChoiceStrawberry Kefir Probiotic Fermented 1% M.F. Milk1 l,$4.79ea,$0.48/ 100ml
dairy_and_eggs,IOGO3.2% M.F. Yogurt12x100.0 g,$5.99ea,$0.50/ 100g
dairy_and_eggs,President's ChoiceKey Lime 2% M.F. Greek Yogurt 4x100.0 g,$3.99ea,$1.00/ 100g
dairy_and_eggs,PC OrganicsOrganic Plain Kefir Probiotic Fermented 1% M.F. Milk1 l,$5.49ea,$0.55/ 100ml
dairy_and_eggs,"AstroOriginal Balkan Style Yogurt, Plain 3%    750 g",$3.29ea,$0.44/ 100g
dairy_and_eggs,No NameSwiss Flavour Processed Cheese Product Slices400 g,$4.29ea,$1.07/ 100g
dairy_and_eggs,LiberteGreek Lemon 2% MF Yogurt4x100.0 g,$4.79ea,$1.20/ 100g
dairy_and_eggs,"DanoneStrawberry-Banana Flavoured Paw Patrol Yogurt Drink For Kids, 8X938x93.0 ml",$4.49ea,$0.60/ 100ml
dairy_and_eggs,President's ChoiceTre Formaggi Shredded Cheese Blend320 g,$4.49ea,$1.40/ 100g
dairy_and_eggs,LiberteGreek Strawberry 0% MF Yogurt4x100.0 g,$4.79ea,$1.20/ 100g
dairy_and_eggs,"IOGONano Drinkable Yogurt, Strawberry6x93.0 ml",$3.49ea,$0.63/ 100ml
dairy_and_eggs,LiberteMéditerranée Black Cherry 9% MF Yogurt500 g,$3.99ea,$0.80/ 100g
dairy_and_eggs,President's ChoiceNaturally Lactose-Free Swiss Cheese 300 g,$6.49ea,$2.16/ 100g
dairy_and_eggs,"Gay LeaSour Cream, Low Fat 3%500 ml",$3.99ea,$0.80/ 100ml
dairy_and_eggs,Black DiamondMarble Cheese400 g,$4.49ea,$1.12/ 100g
dairy_and_eggs,President's ChoiceMozzarella Cheese 400 g,$6.49ea,$1.62/ 100g
dairy_and_eggs,Cracker BarrelSlice Medium Cheddar240 g,$4.49ea,$1.87/ 100g
dairy_and_eggs,NeilsonTrutaste Partially Skimmed Milk 2 percent MF4 l,$5.99ea,$0.15/ 100ml
dairy_and_eggs,No NameSour Cream 14%500 ml,$2.79ea,$0.56/ 100ml
dairy_and_eggs,NeilsonHalf and Half Cream1 l,$1.99ea,$0.20/ 100ml
dairy_and_eggs,ArmstrongCombos - Marble & Naturally Smoked Ham Sausage Sticks180 g,$6.99ea,$3.88/ 100g
dairy_and_eggs,NeilsonTruTaste Skim Milk2 l,$5.49ea,$0.27/ 100ml
dairy_and_eggs,No NameCream Cheese Product With Jalapeño 227 g,$3.79ea,$1.67/ 100g
dairy_and_eggs,Black DiamondCheestrings Marbelicious 18% M.F.336 g,$6.99ea,$2.08/ 100g
dairy_and_eggs,NeilsonTrutaste Light Cream473 ml,$3.69ea,$0.78/ 100ml
dairy_and_eggs,NeilsonTrutaste Light Cream1 l,$4.79ea,$0.48/ 100ml
dairy_and_eggs,The A2 Milk Company1% M.F. Partly Skimmed Milk2 l,$6.49ea,$0.32/ 100ml
dairy_and_eggs,"NeilsonTrue Taste, 2% Milk2 l",$5.49ea,$0.27/ 100ml
dairy_and_eggs,No NameFrench Onion Sour Cream Dip 250 g,$3.79ea,$1.52/ 100g
