category,brand,product,product_name,price,per_unit_price
meat,Schneider,Hickory Smoked Classic Cut Bacon,SchneiderHickory Smoked Classic Cut Bacon375 g,$8.79ea,$2.34/ 100g
meat,President's Choice,"Chicken Breast, Boneless Skinless, 3 Pack","President's ChoiceChicken Breast, Boneless Skinless, 3 Pack1 ea",$12.00ea,$12.00/ 1ea
meat,Janes,"Pub Style Chicken Strips, Fully Cooked","JanesPub Style Chicken Strips, Fully Cooked700 g",$12.99ea,$1.86/ 100g
meat,President's Choice,"Free From Chicken Breast, Boneless, Skinless, Club Pack","President's ChoiceFree From Chicken Breast, Boneless, Skinless, Club Pack",$27.32(est.)ea,$25.77/ 1kg
meat,PC Blue Menu,Minced Turkey,PC Blue MenuMinced Turkey454 g,$7.00ea,$1.54/ 100g
meat,,Pork Tenderloin Pack of 2,Pork Tenderloin Pack of 2,$14.00(est.)ea,$13.21/ 1kg
meat,PC Blue Menu,"Boneless Skinless Chicken Breasts, 4 Pack","PC Blue MenuBoneless Skinless Chicken Breasts, 4 Pack1 ea",$15.00ea,$15.00/ 1ea
meat,,Sirloin Tip Oven Roast,Sirloin Tip Oven Roast,$11.25(est.)ea,$8.80/ 1kg
meat,Janes,"Pub Style Chicken Nugget, Fully Cooked","JanesPub Style Chicken Nugget, Fully Cooked700 g",$12.99ea,$1.86/ 100g
meat,Schneider,Hickory Smoked 50% Less Salt Bacon,SchneiderHickory Smoked 50% Less Salt Bacon375 g,$8.79ea,$2.34/ 100g
meat,President's Choice,"Air Chilled Chicken, Whole","President's ChoiceAir Chilled Chicken, Whole",$17.03(est.)ea,$9.46/ 1kg
meat,,"Chicken Leg (Back Attached) , Club Pack","Chicken Leg (Back Attached) , Club Pack",$8.10(est.)ea,$6.81/ 1kg
meat,Maple Leaf,Original Natural Bacon,Maple LeafOriginal Natural Bacon375 g,$8.79ea,$2.34/ 100g
meat,President's Choice,Reduced Salt Bacon  ,President's ChoiceReduced Salt Bacon  500 g,$8.49ea,$1.70/ 100g
meat,President's Choice,"Free From Chicken Thigh, Boneless, Skinless, Club Pack","President's ChoiceFree From Chicken Thigh, Boneless, Skinless, Club Pack",$27.00(est.)ea,$22.69/ 1kg
meat,President's Choice,"Free From Chicken Breast, Boneless, Skinless","President's ChoiceFree From Chicken Breast, Boneless, Skinless",$14.09(est.)ea,$27.09/ 1kg
meat,,"Split Chicken Wings, Club Pack","Split Chicken Wings, Club Pack",$6.13(est.)ea,$6.59/ 1kg
meat,No Name,Original Hot Dogs    ,No NameOriginal Hot Dogs    450 g,$3.99ea,$0.89/ 100g
meat,President's Choice,Free From Mild Italian Pork Sausages,President's ChoiceFree From Mild Italian Pork Sausages500 g,$6.99ea,$1.40/ 100g
meat,President's Choice,"Free From Split Chicken Wings, Club Pack","President's ChoiceFree From Split Chicken Wings, Club Pack",$18.91(est.)ea,$17.84/ 1kg
meat,Janes,"Popcorn Chicken, Fully Cooked","JanesPopcorn Chicken, Fully Cooked700 g",$12.99ea,$1.86/ 100g
meat,No Name,Chicken Hot Dogs,No NameChicken Hot Dogs450 g,$2.49ea,$0.55/ 100g
meat,Maple Leaf,Ready Crisp Fully Cooked Natural Bacon Slices,Maple LeafReady Crisp Fully Cooked Natural Bacon Slices65 g,$8.99ea,$13.83/ 100g
meat,Maple Leaf,Natural Top Dogs Original Hot Dogs,Maple LeafNatural Top Dogs Original Hot Dogs375 g,$5.99ea,$1.60/ 100g
meat,President's Choice,Free From Maple Breakfast Pork Sausages,President's ChoiceFree From Maple Breakfast Pork Sausages375 g,$6.99ea,$1.86/ 100g
meat,Butterball,"Turkey, Bacon Style","ButterballTurkey, Bacon Style375 g",$7.99ea,$2.13/ 100g
meat,President's Choice,Free From Lean Ground Pork,President's ChoiceFree From Lean Ground Pork454 g,$7.00ea,$1.54/ 100g
meat,Johnsonville,Mild Italian Sausage,JohnsonvilleMild Italian Sausage500 g,$5.99ea,$1.20/ 100g
meat,President's Choice,"Free From Chicken Thigh, Boneless, Skinless","President's ChoiceFree From Chicken Thigh, Boneless, Skinless",$12.34(est.)ea,$24.67/ 1kg
meat,Yorkshire Valley Farms,Organic Chicken Bites,Yorkshire Valley FarmsOrganic Chicken Bites454 g,$14.99ea,$3.30/ 100g
meat,Lous,Smoked Applewood Back Bacon,LousSmoked Applewood Back Bacon375 g,$7.99ea,$2.13/ 100g
meat,,Honey Garlic Pork Sausage Meat,Honey Garlic Pork Sausage Meat,$6.71(est.)ea,$13.21/ 1kg
meat,President's Choice,Honey Barbecue Pork Back Ribs,President's ChoiceHoney Barbecue Pork Back Ribs680 g,$13.99ea,$2.06/ 100g
meat,,Turkey Breast,Turkey Breast,$21.63(est.)ea,$15.41/ 1kg
meat,President's Choice,Applewood-Smoked Spiral-Sliced Bone-In Half Ham with Apple Cider Glaze Pouch ,President's ChoiceApplewood-Smoked Spiral-Sliced Bone-In Half Ham with Apple Cider Glaze Pouch ,$44.55(est.)ea,$9.90/ 1kg
meat,,Lean Ground Beef,Lean Ground Beef500 g,$7.00ea,$1.40/ 100g
meat,President's Choice,"Certified Angus Beef Premium Tenderloin Oven Roast, Service Case","President's ChoiceCertified Angus Beef Premium Tenderloin Oven Roast, Service Case",$63.43(est.)ea,$79.34/ 1kg
meat,,Frozen Grade A Turkey 7-9 Kg,Frozen Grade A Turkey 7-9 Kg,$61.52(est.)ea,$7.69/ 1kg
meat,,Lethbridge Pork Loin Rib Chop Bone In,Lethbridge Pork Loin Rib Chop Bone In,$12.44(est.)ea,$20.92/ 1kg
meat,Butterball,Homestyle Stuffing,ButterballHomestyle Stuffing900 g,$5.99ea,$0.67/ 100g
meat,Gold Label,Naturally Smokeys Smoked Sausages With Natural Ingredient Brats,Gold LabelNaturally Smokeys Smoked Sausages With Natural Ingredient Brats375 g,$5.49ea,$1.46/ 100g
meat,,"Lethbridge Pork Back Rib, Service Case","Lethbridge Pork Back Rib, Service Case",$19.38(est.)ea,$24.23/ 1kg
meat,President's Choice,Chicken Wing Nashville,President's ChoiceChicken Wing Nashville,$14.53/1 ea,$14.53/ 1kg
meat,Houston Avenue Bar & Grill,Portuguese Flavoured Flattened Chicken ,Houston Avenue Bar & GrillPortuguese Flavoured Flattened Chicken ,$12.10/1 kg,$12.10/ 1kg
meat,,Rib Steak Fast Fry,Rib Steak Fast Fry,$10.71(est.)ea,$39.66/ 1kg
meat,King Cole,Duck Leg Confit,King ColeDuck Leg Confit280 g,$13.86ea,$4.95/ 100g
meat,President's Choice,Sirloin Beef Meatballs ,President's ChoiceSirloin Beef Meatballs 907 g,$14.99ea,$1.65/ 100g
meat,PC Blue Menu,Italian Chicken Meatballs,PC Blue MenuItalian Chicken Meatballs850 g,$14.99ea,$1.76/ 100g
meat,,"Simmering Short Ribs, Service Case","Simmering Short Ribs, Service Case",$23.96(est.)ea,$31.95/ 1kg
meat,Beyond Meat,Beyond Sausage Hot Italian,Beyond MeatBeyond Sausage Hot Italian400 g,$9.99ea,$2.50/ 100g
meat,President's Choice,"Free From Chicken Thigh, Bone-in, Skin-on","President's ChoiceFree From Chicken Thigh, Bone-in, Skin-on",$7.91(est.)ea,$13.87/ 1kg
meat,President's Choice,Maple Flavoured Naturally Smoked Bacon,President's ChoiceMaple Flavoured Naturally Smoked Bacon500 g,$8.49ea,$1.70/ 100g
meat,,Marinated Flank Steak,Marinated Flank Steak,$14.60(est.)ea,$33.04/ 1kg
meat,,"Pork Center Chop Bone In, Club Pack","Pork Center Chop Bone In, Club Pack",$18.75(est.)ea,$13.21/ 1kg
meat,Johnsonville,"Smoked Sausage, Polish Style","JohnsonvilleSmoked Sausage, Polish Style375 g",$6.49ea,$1.73/ 100g
meat,,Lamb Lollipop Chops,Lamb Lollipop Chops,$68.32/1 kg,$68.32/ 1kg
meat,Butcher's Choice,Hot Italian Pork Sausages,Butcher's ChoiceHot Italian Pork Sausages1.45 kg,$14.99ea,$1.03/ 100g
meat,Maple Leaf,Mini-Sizzlers Breakfast Sausages,Maple LeafMini-Sizzlers Breakfast Sausages375 g,$8.49ea,$2.26/ 100g
meat,Lous,Peameal Bacon Original,LousPeameal Bacon Original800 g,$7.79ea,$0.97/ 100g
meat,PC Organics,Organics Chicken Drumsticks,PC OrganicsOrganics Chicken Drumsticks,$10.24(est.)ea,$16.51/ 1kg
meat,Schneider,"Smoked Sausage, Spicy Sicilian","SchneiderSmoked Sausage, Spicy Sicilian375 g",$7.79ea,$2.08/ 100g
meat,Lilydale,Sausage Turkey Maple Flavour,LilydaleSausage Turkey Maple Flavour375 g,$4.99ea,$1.33/ 100g
meat,,Extra Lean Ground Beef,Extra Lean Ground Beef454 g,$7.00ea,$1.54/ 100g
meat,,"Pork Loin Chop Boneless Cutlet, Club Pack","Pork Loin Chop Boneless Cutlet, Club Pack",$4.58(est.)ea,$12.10/ 1kg
meat,President's Choice,Nashville Breaded Chicken Bites,President's ChoiceNashville Breaded Chicken Bites700 g,$15.99ea,$2.28/ 100g
meat,,French Rib Roast,French Rib Roast,$21.05(est.)ea,$12.10/ 1kg
meat,President's Choice,Too Good To Be Wings Garlic Parmesan Boneless Turkey Breast Chunks,President's ChoiceToo Good To Be Wings Garlic Parmesan Boneless Turkey Breast Chunks800 g,$15.99ea,$2.00/ 100g
meat,President's Choice,Free From Whole Chicken,President's ChoiceFree From Whole Chicken,$19.71(est.)ea,$11.66/ 1kg
meat,President's Choice,Jerk Chicken Wings,President's ChoiceJerk Chicken Wings907 g,$15.99ea,$1.76/ 100g
meat,President's Choice,World Of Flavours Greek Seasoned Pork Loin Chops,President's ChoiceWorld Of Flavours Greek Seasoned Pork Loin Chops440 g,$10.39ea,$2.36/ 100g
meat,Janes,Boneless Chicken Bites,JanesBoneless Chicken Bites710 g,$19.99ea,$2.82/ 100g
meat,Johnsonville,Smoked & Fully Cooked Sausages Pure Pork Smoked Bratwurst,JohnsonvilleSmoked & Fully Cooked Sausages Pure Pork Smoked Bratwurst375 g,$6.99ea,$1.86/ 100g
meat,Maple Leaf,Oktoberfest Dinner Sausage,Maple LeafOktoberfest Dinner Sausage375 g,$8.49ea,$2.26/ 100g
meat,,Bacon-Wrapped Beef Tenderloin,Bacon-Wrapped Beef Tenderloin,$46.76(est.)ea,$91.69/ 1kg
meat,President's Choice,Australian Lamb Frozen Short Cut Leg Of Lamb,President's ChoiceAustralian Lamb Frozen Short Cut Leg Of Lamb,$60.78(est.)ea,$22.02/ 1kg
meat,President's Choice,Free From Skin On Turkey Drumsticks,President's ChoiceFree From Skin On Turkey Drumsticks,$6.09(est.)ea,$12.10/ 1kg
meat,,Whole Beef Tenderloin,Whole Beef Tenderloin,$158.62(est.)ea,$49.58/ 1kg
meat,No Name,Breaded Chicken Cutlettes Chicken Nuggets Club Size,No NameBreaded Chicken Cutlettes Chicken Nuggets Club Size1810 g,$12.49ea,$0.69/ 100g
meat,President's Choice,"Free From Pork Loin Chop, Centre Cut","President's ChoiceFree From Pork Loin Chop, Centre Cut",$7.03(est.)ea,$15.39/ 1kg
meat,,Beef Eye Of Round Fast Fry Steak,Beef Eye Of Round Fast Fry Steak,$4.69(est.)ea,$20.92/ 1kg
meat,President's Choice,Free From Air Chilled Whole Chicken Breast Strips,President's ChoiceFree From Air Chilled Whole Chicken Breast Strips,$12.59(est.)ea,$27.98/ 1kg
meat,Schneider,All Beef Hot Dogs,SchneiderAll Beef Hot Dogs375 g,$8.79ea,$2.34/ 100g
meat,Gold Label,Naturally Smokeys Smoked Sausages Made With Natural Ingredients Original,Gold LabelNaturally Smokeys Smoked Sausages Made With Natural Ingredients Original375 g,$5.49ea,$1.46/ 100g
meat,Impossible Foods Inc.,Simulated Meat Burger,Impossible Foods Inc.Simulated Meat Burger340 g,$9.99ea,$2.94/ 100g
meat,,Organic Breaded Chicken Fillets,Organic Breaded Chicken Fillets480 g,$14.99ea,$3.12/ 100g
meat,St Hubert,Montana's Texan BBQ Ribs,St HubertMontana's Texan BBQ Ribs650 g,$15.99ea,$2.46/ 100g
meat,Maple Lodge Farms LT,Ultimate Chicken Wiener,Maple Lodge Farms LTUltimate Chicken Wiener900 g,$7.19ea,$0.80/ 100g
meat,Johnsonville,Salt & Pepper Sausage Meat ,JohnsonvilleSalt & Pepper Sausage Meat 375 g,$6.99ea,$1.86/ 100g
meat,President's Choice,"Pub Recipe Chicken Strips, Fully Cooked, Club Size","President's ChoicePub Recipe Chicken Strips, Fully Cooked, Club Size1.4 kg",$11.99ea,$0.86/ 100g
meat,,"Chicken Whole, Tray Pack","Chicken Whole, Tray Pack",$15.31(est.)ea,$8.80/ 1kg
meat,PC Blue Menu,Italian Chicken Meatballs,PC Blue MenuItalian Chicken Meatballs850 g,$14.99ea,$1.76/ 100g
meat,,Beef Tenderloin Grilling Steak,Beef Tenderloin Grilling Steak,$24.22(est.)ea,$74.93/ 1kg
meat,Marcangelo,"Bacon Wrapped Beef Medallion, Value Pack","MarcangeloBacon Wrapped Beef Medallion, Value Pack678 g",$33.99ea,$5.01/ 100g
meat,Janes,Boneless Chicken Bites,JanesBoneless Chicken Bites710 g,$20.99ea,$2.96/ 100g
meat,President's Choice,Free From Hot Italian Pork Sausages,President's ChoiceFree From Hot Italian Pork Sausages500 g,$6.99ea,$1.40/ 100g
meat,President's Choice,Free From Split Turkey Breast ,President's ChoiceFree From Split Turkey Breast ,$12.10(est.)ea,$16.51/ 1kg
meat,President's Choice,Free From Bacon Style Turkey,President's ChoiceFree From Bacon Style Turkey300 g,$7.79ea,$2.60/ 100g
meat,,Marinated Chicken Breasts Boneless,Marinated Chicken Breasts Boneless,$11.01(est.)ea,$22.02/ 1kg
meat,Butterball,Reduced Salt Bacon    ,ButterballReduced Salt Bacon    375 g,$8.49ea,$2.26/ 100g
meat,Dynasty Meats,Lamb Skewers ,Dynasty MeatsLamb Skewers 300 g,$19.99ea,$6.66/ 100g
meat,President's Choice,"Air Chilled Chicken Breast Cutlet, Boneless, Skinless","President's ChoiceAir Chilled Chicken Breast Cutlet, Boneless, Skinless1 ea",$12.00ea,$12.00/ 1ea
meat,President's Choice,"Chicken Wings Club Pack, Honey Garlic","President's ChoiceChicken Wings Club Pack, Honey Garlic1.81 kg",$29.99ea,$1.66/ 100g
meat,Maple Leaf,Fully Cooked Natural Pork Breakfast Sausage Patties,Maple LeafFully Cooked Natural Pork Breakfast Sausage Patties300 g,$8.29ea,$2.76/ 100g
meat,Maple Leaf,Natural Top Dogs BBQ Hot Dogs,Maple LeafNatural Top Dogs BBQ Hot Dogs375 g,$5.99ea,$1.60/ 100g
meat,,"Beef Rib Grilling Steak, Boneless, Club Pack","Beef Rib Grilling Steak, Boneless, Club Pack",$34.88(est.)ea,$44.07/ 1kg
meat,President's Choice,Free From Lean Ground Beef,President's ChoiceFree From Lean Ground Beef454 g,$9.00ea,$1.98/ 100g
meat,,Veal Rib Chops,Veal Rib Chops,$13.88(est.)ea,$30.84/ 1kg
meat,President's Choice,October Wurst Fully Cooked Pork Sausages,President's ChoiceOctober Wurst Fully Cooked Pork Sausages1 kg,$13.79ea,$1.38/ 100g
meat,President's Choice,"Free From Air Chilled Chicken Breast Cutlet, Tray Pack","President's ChoiceFree From Air Chilled Chicken Breast Cutlet, Tray Pack",$12.50(est.)ea,$29.08/ 1kg
meat,Butcher's Choice,"BBQ Beef Burgers, Hickory Flavour","Butcher's ChoiceBBQ Beef Burgers, Hickory Flavour1.13 kg",$14.99ea,$1.33/ 100g
meat,President's Choice,"Centre Cut Pork Loin Roast, Boneless","President's ChoiceCentre Cut Pork Loin Roast, Boneless",$14.44(est.)ea,$17.59/ 1kg
meat,Schneider,"Smoked Sausage, Oktoberfest","SchneiderSmoked Sausage, Oktoberfest375 g",$7.79ea,$2.08/ 100g
meat,Pinty's,"Chicken Wings, Honey Roasted Garlic","Pinty'sChicken Wings, Honey Roasted Garlic890 g",$18.99ea,$2.13/ 100g
meat,,Wagyu Beef Boneless Rib Steak,Wagyu Beef Boneless Rib Steak,$94.57(est.)ea,$242.49/ 1kg
meat,PC Blue Menu,"Air Chilled Chicken Breast Fillets, Boneless, Skinless","PC Blue MenuAir Chilled Chicken Breast Fillets, Boneless, Skinless1 ea",$10.00ea,$10.00/ 1ea
meat,President's Choice,"Hickory, Smoked Spiral, Sliced Bone, In Half Ham With Brown Sugar Glaze Pouch","President's ChoiceHickory, Smoked Spiral, Sliced Bone, In Half Ham With Brown Sugar Glaze Pouch",$44.55(est.)ea,$9.90/ 1kg
meat,Schneider,"Smokies, Sharp Cheddar Smoked Sausage","SchneiderSmokies, Sharp Cheddar Smoked Sausage900 g",$15.49ea,$1.72/ 100g
meat,The Keg,Prime Rib Beef Burger,The KegPrime Rib Beef Burger1.02 kg,$20.99ea,$2.06/ 100g
meat,President's Choice,Chicken Whole Flat Greek,President's ChoiceChicken Whole Flat Greek,$17.49(est.)ea,$12.32/ 1kg
meat,,Boneless Pork Center Roast ,Boneless Pork Center Roast ,$15.62(est.)ea,$15.41/ 1kg
meat,,Pork Center Chop Bone In,Pork Center Chop Bone In,$7.55(est.)ea,$15.41/ 1kg
meat,PC Blue Menu,Lean Beef Burgers,PC Blue MenuLean Beef Burgers2.27 kg,$25.99ea,$1.14/ 100g
meat,,Beef Braising Short Ribs,Beef Braising Short Ribs,$18.23(est.)ea,$30.84/ 1kg
meat,Rea,Italian Sausage,ReaItalian Sausage720 g,$9.99ea,$1.39/ 100g
meat,Butcher's Choice,Beef Burgers,Butcher's ChoiceBeef Burgers1.13 kg,$14.99ea,$1.33/ 100g
meat,,Seasoned Pork Belly,Seasoned Pork Belly,$5.95(est.)ea,$19.82/ 1kg
meat,President's Choice,Crisp & Crunchy Mild Southern-Style Chicken Wings,President's ChoiceCrisp & Crunchy Mild Southern-Style Chicken Wings1.81 kg,$29.99ea,$1.66/ 100g
meat,PC Blue Menu,Angus Burger,PC Blue MenuAngus Burger1.02 kg,$15.99ea,$1.57/ 100g
meat,President's Choice,Rosemary & Garlic Rack,President's ChoiceRosemary & Garlic Rack,$31.16(est.)ea,$61.71/ 1kg
meat,President's Choice,Free From Maple Flavoured Bacon,President's ChoiceFree From Maple Flavoured Bacon375 g,$8.69ea,$2.32/ 100g
meat,St Hubert,Frozen Back Ribs,St HubertFrozen Back Ribs680 g,$17.49ea,$2.57/ 100g
meat,,Extra Lean Ground Beef,Extra Lean Ground Beef500 g,$8.00ea,$1.60/ 100g
meat,President's Choice,Frozen Stuffed Turkey 7-9 Kg,President's ChoiceFrozen Stuffed Turkey 7-9 Kg1 ea,$64.00ea,$64.00/ 1ea
meat,St Hubert,"Back Ribs, Texas Style","St HubertBack Ribs, Texas Style680 g",$17.49ea,$2.57/ 100g
meat,President's Choice,"Certified Angus Beef, Tenderloin Grilling Steak","President's ChoiceCertified Angus Beef, Tenderloin Grilling Steak",$29.36(est.)ea,$81.55/ 1kg
meat,President's Choice,Too Good To Be Wings Maple Barbecue Boneless Coated Chicken Breast Chunks,President's ChoiceToo Good To Be Wings Maple Barbecue Boneless Coated Chicken Breast Chunks800 g,$15.99ea,$2.00/ 100g
meat,,"Pork Sirloin Chops Boneless, Club Pack","Pork Sirloin Chops Boneless, Club Pack",$14.79(est.)ea,$14.31/ 1kg
meat,President's Choice,Swedish Beef Meatballs,President's ChoiceSwedish Beef Meatballs907 g,$14.99ea,$1.65/ 100g
meat,President's Choice,Pork Hot Pot Sliced Pork Shoulder,President's ChoicePork Hot Pot Sliced Pork Shoulder250 g,$7.99ea,$3.20/ 100g
meat,Prime,"Chicken Burgers, Raised Without Antibiotics","PrimeChicken Burgers, Raised Without Antibiotics581 g",$15.99ea,$2.75/ 100g
meat,,Beef Lean Meatball Plain ,Beef Lean Meatball Plain ,$15.41/1 kg,$15.41/ 1kg
meat,President's Choice,Free From Smoked Ham,President's ChoiceFree From Smoked Ham700 g,$5.49ea,$0.78/ 100g
meat,Schneider,Juicy Jumbos Original Hot Dogs Family Pack,SchneiderJuicy Jumbos Original Hot Dogs Family Pack900 g,$11.49ea,$1.28/ 100g
meat,President's Choice,Free From Split Turkey Breast ,President's ChoiceFree From Split Turkey Breast ,$12.10(est.)ea,$16.51/ 1kg
meat,President's Choice,Kofta Beef Meatballs,President's ChoiceKofta Beef Meatballs454 g,$9.99ea,$2.20/ 100g
meat,Impossible Foods Inc.,Simulated Meat Burger Patties Made From Plants,Impossible Foods Inc.Simulated Meat Burger Patties Made From Plants226 g,$7.99ea,$3.54/ 100g
meat,New Zealand,Lamb Sausage,New ZealandLamb Sausage500 g,$10.49ea,$20.98/ 1kg
meat,President's Choice,"Air Chilled Chicken Breast Cutlet, Boneless, Skinless","President's ChoiceAir Chilled Chicken Breast Cutlet, Boneless, Skinless1 ea",$12.00ea,$12.00/ 1ea
meat,,Beef Top Sirloin Oven Roast,Beef Top Sirloin Oven Roast,$26.86(est.)ea,$22.02/ 1kg
meat,President's Choice,Turkey Smokies,President's ChoiceTurkey Smokies300 g,$8.49ea,$2.83/ 100g
meat,,"Beef Rib Grilling Steak, Boneless, Club Pack","Beef Rib Grilling Steak, Boneless, Club Pack",$34.88(est.)ea,$44.07/ 1kg
meat,President's Choice,Free From Lean Ground Beef,President's ChoiceFree From Lean Ground Beef454 g,$9.00ea,$1.98/ 100g
meat,Butcher's Choice,"BBQ Beef Burgers, Hickory Flavour","Butcher's ChoiceBBQ Beef Burgers, Hickory Flavour1.13 kg",$14.99ea,$1.33/ 100g
meat,President's Choice,"Free From Air Chilled Chicken Breast Cutlet, Tray Pack","President's ChoiceFree From Air Chilled Chicken Breast Cutlet, Tray Pack",$12.50(est.)ea,$29.08/ 1kg
meat,Maple Leaf,"Natural Top Dogs Original Hot Dogs, Family Size","Maple LeafNatural Top Dogs Original Hot Dogs, Family Size900 g",$10.39ea,$1.15/ 100g
meat,President's Choice,Cheddar Smokies ,President's ChoiceCheddar Smokies 1 kg,$13.79ea,$1.38/ 100g
meat,President's Choice,"Centre Cut Pork Loin Roast, Boneless","President's ChoiceCentre Cut Pork Loin Roast, Boneless",$14.44(est.)ea,$17.59/ 1kg
meat,President's Choice,"Swedish Meatball, Club Pack","President's ChoiceSwedish Meatball, Club Pack1.81 kg",$27.99ea,$1.55/ 100g
meat,,Beef Sirloin Tip Sandwich Steak,Beef Sirloin Tip Sandwich Steak,$5.09(est.)ea,$22.02/ 1kg
meat,,Beef Inside Round Fast Fry Steak,Beef Inside Round Fast Fry Steak,$3.62(est.)ea,$15.41/ 1kg
meat,No Name,Pork Loin Peameal-Style Sliced Cured,No NamePork Loin Peameal-Style Sliced Cured454 g,$6.49ea,$1.43/ 100g
meat,PC Blue Menu,"Air Chilled Chicken Breast Fillets, Boneless, Skinless","PC Blue MenuAir Chilled Chicken Breast Fillets, Boneless, Skinless1 ea",$10.00ea,$10.00/ 1ea
meat,President's Choice,Butter Infused Young Turkey - Frozen - 3-5 kg,President's ChoiceButter Infused Young Turkey - Frozen - 3-5 kg1 kg,$35.00ea,
meat,President's Choice,Nashville-Style Chicken Wings,President's ChoiceNashville-Style Chicken Wings907 g,$13.99ea,$1.54/ 100g
meat,,Beef Sirloin Tip Steak,Beef Sirloin Tip Steak,$5.77(est.)ea,$13.21/ 1kg
meat,President's Choice,Plant Based Beefless Ground,President's ChoicePlant Based Beefless Ground340 g,$8.99ea,$2.64/ 100g
meat,President's Choice,Free From Pork Frankfurters,President's ChoiceFree From Pork Frankfurters375 g,$5.99ea,$1.60/ 100g
meat,President's Choice,World of Flavours French Style Braising Beef Short Ribs,President's ChoiceWorld of Flavours French Style Braising Beef Short Ribs600 g,$19.99ea,$3.33/ 100g
meat,PC Blue Menu,"Air Chilled Chicken Breasts, Boneless, Skinless, Club Pack","PC Blue MenuAir Chilled Chicken Breasts, Boneless, Skinless, Club Pack",$23.13(est.)ea,$23.13/ 1kg
meat,Rea,Italian Sausage,ReaItalian Sausage720 g,$9.99ea,$1.39/ 100g
meat,,"Chicken Breast Fillets, Boneless","Chicken Breast Fillets, Boneless",$8.72(est.)ea,$19.82/ 1kg
meat,Hayter's Farm,Turkey Sausage Original,Hayter's FarmTurkey Sausage Original1.14 kg,$17.49ea,$1.53/ 100g
meat,President's Choice,Free From Peameal-Style Sliced Cured Pork Loin,President's ChoiceFree From Peameal-Style Sliced Cured Pork Loin375 g,$8.69ea,$2.32/ 100g
meat,Maple Leaf,Original Natural Smoked Ham,Maple LeafOriginal Natural Smoked Ham600 g,$15.49ea,$2.58/ 100g
meat,,"Pork Back Ribs, 2 Pack","Pork Back Ribs, 2 Pack",$29.74(est.)ea,$15.41/ 1kg
meat,Shopsys,Deli-Fresh All Beef Wieners,ShopsysDeli-Fresh All Beef Wieners375 g,$8.79ea,$2.34/ 100g
meat,President's Choice,Vermont-Style Maple Flavour Extra Lean Boneless Ham,President's ChoiceVermont-Style Maple Flavour Extra Lean Boneless Ham800 g,$12.49ea,$1.56/ 100g
meat,No Name,Pork Cottage Roll,No NamePork Cottage Roll,$13.20(est.)ea,$8.80/ 1kg
meat,,"Beef Rib Grilling Steak, Boneless","Beef Rib Grilling Steak, Boneless",$14.92(est.)ea,$46.28/ 1kg
meat,President's Choice,Crisp & Crunchy Mild Southern-Style Chicken Wings,President's ChoiceCrisp & Crunchy Mild Southern-Style Chicken Wings1.81 kg,$29.99ea,$1.66/ 100g
meat,President's Choice,Free From Maple Flavoured Bacon,President's ChoiceFree From Maple Flavoured Bacon375 g,$8.69ea,$2.32/ 100g
meat,,Beef Boneless Blade Steak,Beef Boneless Blade Steak,$9.34(est.)ea,$22.02/ 1kg
meat,President's Choice,"Italian Meatballs, Club Pack","President's ChoiceItalian Meatballs, Club Pack1.81 kg",$27.99ea,$1.55/ 100g
meat,Johnsonville,Ground Mild Italian Sausage,JohnsonvilleGround Mild Italian Sausage375 g,$5.99ea,$1.60/ 100g
meat,President's Choice,Turkey Breast Roast,President's ChoiceTurkey Breast Roast,$23.07(est.)ea,$24.23/ 1kg
meat,St Hubert,"Back Ribs, Texas Style","St HubertBack Ribs, Texas Style680 g",$17.49ea,$2.57/ 100g
meat,President's Choice,Frozen Stuffed Turkey 7-9 Kg,President's ChoiceFrozen Stuffed Turkey 7-9 Kg1 ea,$64.00ea,$64.00/ 1ea
meat,Greenfield Natural Meat Co.,Wieners,Greenfield Natural Meat Co.Wieners375 g,$8.79ea,$2.34/ 100g
meat,Greenfield Natural Meat Co.,Back Bacon,Greenfield Natural Meat Co.Back Bacon200 g,$9.39ea,$4.70/ 100g
meat,Schneider,Butcher Cut Double Smoked Bacon,SchneiderButcher Cut Double Smoked Bacon500 g,$13.29ea,$2.66/ 100g
meat,,Beef Striploin Steak,Beef Striploin Steak,$16.31(est.)ea,$39.66/ 1kg
meat,,Lamb Rack Frenched Frozen,Lamb Rack Frenched Frozen,$19.16(est.)ea,$39.66/ 1kg
meat,President's Choice,"Chicken Wings, Crisp & Crunchy Mild Southern-Style ","President's ChoiceChicken Wings, Crisp & Crunchy Mild Southern-Style 907 g",$13.99ea,$1.54/ 100g
meat,President's Choice,Rotisserie-Style Chicken Wings,President's ChoiceRotisserie-Style Chicken Wings907 g,$13.99ea,$1.54/ 100g
meat,,Ham Hock,Ham Hock,$8.81(est.)ea,$8.80/ 1kg
meat,Janes,Chicken Wings Honey Garlic,JanesChicken Wings Honey Garlic660 g,$16.49ea,$2.50/ 100g
meat,,Centre Cut Pork Loin Chop Boneless,Centre Cut Pork Loin Chop Boneless,$6.22(est.)ea,$13.21/ 1kg
meat,Janes,BBQ Chickens Bites,JanesBBQ Chickens Bites710 g,$19.99ea,$2.82/ 100g
meat,Butterball,Bacon-Rasher Turkey     ,ButterballBacon-Rasher Turkey     300 g,$8.49ea,$2.83/ 100g
meat,New Zealand,Goat Stew Bone In,New ZealandGoat Stew Bone In1 kg,$29.98ea,$3.00/ 100g
meat,,Veal Shank Osso Bucco,Veal Shank Osso Bucco,$15.41/1 kg,$15.41/ 1kg
meat,President's Choice,"Certified Angus Beef Striploin Grill Steak, Service Case","President's ChoiceCertified Angus Beef Striploin Grill Steak, Service Case",$26.86(est.)ea,$42.97/ 1kg
meat,President's Choice,Free From Skinless Boneless Turkey Breast Strips,President's ChoiceFree From Skinless Boneless Turkey Breast Strips,$8.36(est.)ea,$25.33/ 1kg
meat,Swiss Chalet,BBQ Pork Ribs,Swiss ChaletBBQ Pork Ribs600 g,$15.99ea,$2.67/ 100g
meat,President's Choice,Smokin Stampede Pork Back Ribs ,President's ChoiceSmokin Stampede Pork Back Ribs 680 g,$13.99ea,$2.06/ 100g
meat,,"Extra Lean Ground Beef, Club Pack","Extra Lean Ground Beef, Club Pack",$24.35(est.)ea,$15.41/ 1kg
meat,President's Choice,Plant Based Spicy Italian Sausage,President's ChoicePlant Based Spicy Italian Sausage400 g,$8.99ea,$2.25/ 100g
meat,PC Blue Menu,Thick & Juicy™ Lean Beef Burgers  ,PC Blue MenuThick & Juicy™ Lean Beef Burgers  1.13 kg,$15.99ea,$1.42/ 100g
meat,,Plain Pork Kebab,Plain Pork Kebab,$10.59(est.)ea,$22.02/ 1kg
meat,President's Choice,Italian Meatballs,President's ChoiceItalian Meatballs600 g,$10.99ea,$1.83/ 100g
meat,,Wing Grilling Steak,Wing Grilling Steak,$15.42(est.)ea,$38.56/ 1kg
meat,Schneider,Applewood Smoked Brown Sugar Ham,SchneiderApplewood Smoked Brown Sugar Ham700 g,$16.39ea,$2.34/ 100g
meat,,Veal Loin Chop,Veal Loin Chop,$11.60(est.)ea,$26.43/ 1kg
meat,Lous,Maple Bourbon Pork Back Ribs In Maple Bourbon Bbq Sauce,LousMaple Bourbon Pork Back Ribs In Maple Bourbon Bbq Sauce585 g,$11.99ea,$2.05/ 100g
meat,Marcangelo,Marc Angelo Pork Sausages with Rapini and Parmigiano Reggiano Cheese 675 g,MarcangeloMarc Angelo Pork Sausages with Rapini and Parmigiano Reggiano Cheese 675 g675 g,$9.99ea,$1.48/ 100g
meat,,"Stewing Beef, Club Pack","Stewing Beef, Club Pack",$19.01(est.)ea,$17.62/ 1kg
meat,Beyond Meat,Beyond Burger Plant-Based,Beyond MeatBeyond Burger Plant-Based226 g,$7.99ea,$3.54/ 100g
meat,President's Choice,"Plant Based Veggie Bites - Corn, Carrot & Kale  ","President's ChoicePlant Based Veggie Bites - Corn, Carrot & Kale  400 g",$6.99ea,$1.75/ 100g
meat,,Veal Bottom Round Breaded Cutlet,Veal Bottom Round Breaded Cutlet,$17.61/1 kg,$17.61/ 1kg
meat,President's Choice,Free From Pork Rib-Eye Steak,President's ChoiceFree From Pork Rib-Eye Steak,$5.17(est.)ea,$14.31/ 1kg
meat,President's Choice,Wof Chicken Southern BBQ,President's ChoiceWof Chicken Southern BBQ,$19.75(est.)ea,$14.31/ 1kg
meat,,Veal Inside Scallopini,Veal Inside Scallopini,$17.61/1 kg,$17.61/ 1kg
meat,,Beef Kidney,Beef Kidney,$4.30(est.)ea,$7.70/ 1kg
meat,President's Choice,Free From Angus Beef Meatball,President's ChoiceFree From Angus Beef Meatball850 g,$14.99ea,$1.76/ 100g
meat,,"Marinated Pork Rib Chops, Frenched,Service Case","Marinated Pork Rib Chops, Frenched,Service Case",$7.96(est.)ea,$17.62/ 1kg
meat,Schneider,Original Ham Steak,SchneiderOriginal Ham Steak175 g,$6.19ea,$3.54/ 100g
meat,,Double Smoked Back Bacon,Double Smoked Back Bacon375 g,$8.49ea,$2.26/ 100g
meat,,"Bone In Sirloin End Chops, Club Pack","Bone In Sirloin End Chops, Club Pack",$11.11(est.)ea,$11.00/ 1kg
meat,,"Boneless Pork Loin Centre & Rib Chops, Club Pack","Boneless Pork Loin Centre & Rib Chops, Club Pack",$12.79(est.)ea,$15.41/ 1kg
meat,President's Choice,"Certified Angus Beef, Top Sirloin, Service Case","President's ChoiceCertified Angus Beef, Top Sirloin, Service Case",$25.80(est.)ea,$25.34/ 1kg
meat,,Chorizo Style Pork Sausage,Chorizo Style Pork Sausage,$5.58(est.)ea,$15.41/ 1kg
meat,Montpak,"Grain-Fed Veal Liver, Slice","MontpakGrain-Fed Veal Liver, Slice",$6.63(est.)ea,$22.00/ 1kg
meat,President's Choice,Extra Lean Ground Sirloin,President's ChoiceExtra Lean Ground Sirloin454 g,$9.00ea,$1.98/ 100g
meat,PC Blue Menu,Sirloin Beef Burger,PC Blue MenuSirloin Beef Burger1.02 kg,$14.99ea,$1.47/ 100g
meat,PC Organics,Organics Split Chicken Breasts,PC OrganicsOrganics Split Chicken Breasts,$14.94(est.)ea,$25.33/ 1kg
meat,Clean,Gourmet Chicken Sweet Pepper Fully Cooked Sausage,CleanGourmet Chicken Sweet Pepper Fully Cooked Sausage375 g,$5.99ea,$1.60/ 100g
meat,Maple Leaf,Red Hots Original Hot Dogs Party Size,Maple LeafRed Hots Original Hot Dogs Party Size900 g,$10.99ea,$1.22/ 100g
meat,Butcher's Choice,Pork and Beef Breakfast Sausages,Butcher's ChoicePork and Beef Breakfast Sausages500 g,$3.98ea,$0.80/ 100g
meat,Butterball,Boneless Stuffed Turkey Ball Frozen,ButterballBoneless Stuffed Turkey Ball Frozen1.5 kg,$24.99ea,$1.67/ 100g
meat,No Name,"Chicken Wings, Club Pack","No NameChicken Wings, Club Pack1.81 kg",$25.99ea,$1.44/ 100g
meat,President's Choice,"Chicken Wings, Crisp & Crunchy Mild Southern-Style ","President's ChoiceChicken Wings, Crisp & Crunchy Mild Southern-Style 907 g",$13.99ea,$1.54/ 100g
meat,No Name,"Honey Garlic Chicken Wings, Club Pack","No NameHoney Garlic Chicken Wings, Club Pack1.81 kg",$25.99ea,$1.44/ 100g
meat,Maple Leaf,Natural Less Salt Bacon,Maple LeafNatural Less Salt Bacon375 g,$8.79ea,$2.34/ 100g
meat,President's Choice,Chicken Hot Pot Sliced Chicken Breast,President's ChoiceChicken Hot Pot Sliced Chicken Breast250 g,$7.99ea,$3.20/ 100g
meat,President's Choice,Steak-Cut Smoked Bacon Stacon Uncooked,President's ChoiceSteak-Cut Smoked Bacon Stacon Uncooked500 g,$9.99ea,$2.00/ 100g
meat,Sufra,Bone-in Skin-on Chicken Thighs,SufraBone-in Skin-on Chicken Thighs840 g,$8.00ea,$0.95/ 100g
meat,,Pork Classic Roast,Pork Classic Roast,$19.71(est.)ea,$11.66/ 1kg
meat,Lous,Peameal Bacon Original,LousPeameal Bacon Original454 g,$8.49ea,$1.87/ 100g
meat,Janes,BBQ Chickens Bites,JanesBBQ Chickens Bites710 g,$19.99ea,$2.82/ 100g
meat,President's Choice,Free From Turkey Breast Scaloppine,President's ChoiceFree From Turkey Breast Scaloppine,$9.12(est.)ea,$25.33/ 1kg
meat,Al Safa,Lean Ground Beef,Al SafaLean Ground Beef908 g,$10.00ea,$1.10/ 100g
meat,Janes, Turkey Burgers,Janes Turkey Burgers600 g,$12.99ea,$2.17/ 100g
meat,President's Choice,"Free From Centre Cut Pork Loin Chop, Boneless","President's ChoiceFree From Centre Cut Pork Loin Chop, Boneless",$8.26(est.)ea,$16.51/ 1kg
meat,President's Choice,Thick & Juicy Beef Burgers,President's ChoiceThick & Juicy Beef Burgers2.72 kg,$28.99ea,$1.07/ 100g
meat,Schneider,Texas BBQ Chicken Wings,SchneiderTexas BBQ Chicken Wings615 g,$15.99ea,$2.60/ 100g
meat,President's Choice,Dry Cured Bacon,President's ChoiceDry Cured Bacon500 g,$8.99ea,$1.80/ 100g
meat,Johnsonville,Fully Cooked Maple Breakfast Sausages,JohnsonvilleFully Cooked Maple Breakfast Sausages250 g,$5.49ea,$2.20/ 100g
meat,,"Chicken Breast Fillet, Club Pack","Chicken Breast Fillet, Club Pack",$12.29(est.)ea,$19.82/ 1kg
meat,Cooks,Premium Lean Hickory Smoked Ham Steak,CooksPremium Lean Hickory Smoked Ham Steak454 g,$6.99ea,$1.54/ 100g
meat,President's Choice,Free From Sirloin Tip Roast Beef,President's ChoiceFree From Sirloin Tip Roast Beef,$18.89(est.)ea,$24.22/ 1kg
meat,,Beef Inside Round Oven Roast,Beef Inside Round Oven Roast,$15.02(est.)ea,$13.21/ 1kg
meat,President's Choice,Plant Based Spicy Italian Sausage,President's ChoicePlant Based Spicy Italian Sausage400 g,$8.99ea,$2.25/ 100g
meat,President's Choice,Free From Wieners,President's ChoiceFree From Wieners375 g,$4.99ea,$1.33/ 100g
meat,,Seasoned Veal Meatballs,Seasoned Veal Meatballs,$8.53(est.)ea,$17.59/ 1kg
meat,No Name,"Chicken Wings, Honey Garlic","No NameChicken Wings, Honey Garlic908 g",$14.99ea,$1.65/ 100g
meat,President's Choice,Butter Infused Young Turkey - Frozen - 5-7 kg,President's ChoiceButter Infused Young Turkey - Frozen - 5-7 kg1 kg,$46.00ea,
meat,PC Organics,Organics Boneless Skinless Chicken Thighs,PC OrganicsOrganics Boneless Skinless Chicken Thighs,$13.85(est.)ea,$28.86/ 1kg
meat,,Top Sirloin Beefeater Steak,Top Sirloin Beefeater Steak,$9.98(est.)ea,$25.33/ 1kg
meat,,"Stewing Beef, Club Pack","Stewing Beef, Club Pack",$19.01(est.)ea,$17.62/ 1kg
meat,,Beef Marrow Soup Bones,Beef Marrow Soup Bones,$6.31(est.)ea,$7.69/ 1kg
meat,,Beef Flank Steak,Beef Flank Steak,$21.37(est.)ea,$30.84/ 1kg
meat,President's Choice,Medium Buffalo-Style Chicken Wings,President's ChoiceMedium Buffalo-Style Chicken Wings907 g,$13.99ea,$1.54/ 100g
meat,Clean,Fully Cooked Sausage Gourmet Chicken Spinach Feta,CleanFully Cooked Sausage Gourmet Chicken Spinach Feta375 g,$5.99ea,$1.60/ 100g
meat,President's Choice,Free From Sausages,President's ChoiceFree From Sausages300 g,$6.99ea,$2.33/ 100g
meat,,Beef Brisket,Beef Brisket,$25.73(est.)ea,$17.61/ 1kg
meat,Butcher's Choice,"Beef Burger, Cheddar Cheese","Butcher's ChoiceBeef Burger, Cheddar Cheese1.13 kg",$14.99ea,$1.33/ 100g
meat,,"Chicken Breast, Bone-in Skin On, Club Pack","Chicken Breast, Bone-in Skin On, Club Pack",$9.36(est.)ea,$6.59/ 1kg
meat,Marcangelo,Hot Italian Jumbo Sausage,MarcangeloHot Italian Jumbo Sausage675 g,$9.99ea,$1.48/ 100g
meat,President's Choice,Free From Angus Beef Meatball,President's ChoiceFree From Angus Beef Meatball850 g,$14.99ea,$1.76/ 100g
meat,Schneider,Original Ham Steak,SchneiderOriginal Ham Steak175 g,$6.19ea,$3.54/ 100g
meat,,"Fresh Whole Chicken, Tray Pack","Fresh Whole Chicken, Tray Pack",$12.23(est.)ea,$7.03/ 1kg
meat,,Chorizo Style Pork Sausage,Chorizo Style Pork Sausage,$5.58(est.)ea,$15.41/ 1kg
meat,President's Choice,Plant Based Breakfast Sausage,President's ChoicePlant Based Breakfast Sausage300 g,$8.99ea,$3.00/ 100g
meat,,Beef Eye of Round Marinating Steak,Beef Eye of Round Marinating Steak,$7.02(est.)ea,$19.82/ 1kg
meat,President's Choice,Butter Infused Whole Chicken,President's ChoiceButter Infused Whole Chicken1.66 kg,$10.99ea,$0.66/ 100g
meat,President's Choice,Gochujang Sweet & Spicy Chicken Wings,President's ChoiceGochujang Sweet & Spicy Chicken Wings907 g,$15.99ea,$1.76/ 100g
meat,,Frozen Grade A Turkey 5-7 Kg,Frozen Grade A Turkey 5-7 Kg,$46.14(est.)ea,$7.69/ 1kg
meat,Butterball,Boneless Stuffed Turkey Ball Frozen,ButterballBoneless Stuffed Turkey Ball Frozen1.5 kg,$24.99ea,$1.67/ 100g
meat,President's Choice,"Air Chilled Chicken Thighs, Bone-in, Skin-on","President's ChoiceAir Chilled Chicken Thighs, Bone-in, Skin-on1 ea",$10.00ea,$10.00/ 1ea
meat,,"Certified Angus Beef Frenched Beef Rib Steak, Service Case","Certified Angus Beef Frenched Beef Rib Steak, Service Case",$76.04(est.)ea,$50.69/ 1kg
meat,,"Pork Loin Chop Rib End, Club Pack","Pork Loin Chop Rib End, Club Pack",$10.02(est.)ea,$8.80/ 1kg
meat,,Medium Ground Beef,Medium Ground Beef500 g,$6.00ea,$1.20/ 100g
meat,No Name,"Chicken Strips, Club Pack","No NameChicken Strips, Club Pack1810 g",$12.49ea,$0.69/ 100g
meat,Janes,Chicken Burgers,JanesChicken Burgers852 g,$12.99ea,$1.52/ 100g
meat,Marcangelo,Mild Italian Jumbo Sausage,MarcangeloMild Italian Jumbo Sausage675 g,$9.99ea,$1.48/ 100g
meat,Schneider,Original Half Ham,SchneiderOriginal Half Ham700 g,$16.39ea,$2.34/ 100g
meat,Johnsonville,Original Breakfast Sausage,JohnsonvilleOriginal Breakfast Sausage375 g,$5.99ea,$1.60/ 100g
meat,,Marinated Chicken Thighs ,Marinated Chicken Thighs ,$9.34(est.)ea,$17.62/ 1kg
meat,,Hot Italian Style Pork Sausage,Hot Italian Style Pork Sausage,$7.55(est.)ea,$15.41/ 1kg
meat,,"Marinated Pork Tenderloin, Service Case","Marinated Pork Tenderloin, Service Case",$8.81(est.)ea,$17.62/ 1kg
meat,,Marinated Beef Short Ribs,Marinated Beef Short Ribs,$14.34(est.)ea,$34.15/ 1kg
meat,Schneider,Smoked Original Bone-In Ham,SchneiderSmoked Original Bone-In Ham,$40.53(est.)ea,$15.41/ 1kg
meat,President's Choice,"Plant Based Undeniable Burger, Fresh","President's ChoicePlant Based Undeniable Burger, Fresh226 g",$7.99ea,$3.54/ 100g
meat,President's Choice,Dry Cured Bacon,President's ChoiceDry Cured Bacon500 g,$8.99ea,$1.80/ 100g
meat,,"Smoked Side Bacon, Sliced","Smoked Side Bacon, Sliced",$10.76(est.)ea,$15.21/ 1kg
meat,President's Choice,World Of Flavours Canadian Maple Apple Butter Roast,President's ChoiceWorld Of Flavours Canadian Maple Apple Butter Roast730 g,$13.49ea,$1.85/ 100g
meat,No Name,"Burger C/Pack 20'S 5Lb, Club Pack","No NameBurger C/Pack 20'S 5Lb, Club Pack2.27 kg",$20.99ea,$0.92/ 100g
meat,President's Choice,World Of Flavours Greek Seasoned Pork Loin Roast,President's ChoiceWorld Of Flavours Greek Seasoned Pork Loin Roast730 g,$13.49ea,$1.85/ 100g
meat,No Name,"Fully Cooked, Breaded Chicken Nuggets Cutlettes","No NameFully Cooked, Breaded Chicken Nuggets Cutlettes908 g",$6.99ea,$0.77/ 100g
meat,,Pork Back Ribs,Pork Back Ribs,$15.29(est.)ea,$6.59/ 1kg
meat,King Cole,Half Duck à L'Orange,King ColeHalf Duck à L'Orange400 g,$13.86ea,$3.47/ 100g
meat,44th Street,Turkey Breast Roast,44th StreetTurkey Breast Roast550 g,$15.49ea,$2.82/ 100g
meat,President's Choice,"Certified Angus Beef Top Sirloin Boneless Steak, Service Case","President's ChoiceCertified Angus Beef Top Sirloin Boneless Steak, Service Case",$14.55(est.)ea,$27.54/ 1kg
meat,Zabiha Halal,Sausage Snacks Original Fully Cooked Chicken Sticks,Zabiha HalalSausage Snacks Original Fully Cooked Chicken Sticks300 g,$9.99ea,$3.33/ 100g
meat,President's Choice,"Certified Angus Beef, Prime Rib Roast, Service Case","President's ChoiceCertified Angus Beef, Prime Rib Roast, Service Case",$62.01(est.)ea,$42.97/ 1kg
meat,Lesters,Wieners All Beef,LestersWieners All Beef375 g,$6.29ea,$1.68/ 100g
meat,,"Breaded Pork Loin Center & Rib Cutlet, Boneless","Breaded Pork Loin Center & Rib Cutlet, Boneless",$8.62(est.)ea,$19.82/ 1kg
meat,Gold Label,Naturally Smokeys Smoked Sausages Made With Natural Ingredients Cheddar,Gold LabelNaturally Smokeys Smoked Sausages Made With Natural Ingredients Cheddar375 g,$5.49ea,$1.46/ 100g
meat,Schneider,Applewood Smoked Festive Half Ham,SchneiderApplewood Smoked Festive Half Ham,$30.74(est.)ea,$21.80/ 1kg
meat,,Grilling Beef Back Ribs,Grilling Beef Back Ribs,$13.76(est.)ea,$19.82/ 1kg
meat,,Chorizo Style Pork Sausage Meat,Chorizo Style Pork Sausage Meat,$6.12(est.)ea,$13.21/ 1kg
meat,,"Lean Ground Beef, Club Pack","Lean Ground Beef, Club Pack",$21.51(est.)ea,$13.21/ 1kg
meat,President's Choice,Air Chilled Split Chicken Wings,President's ChoiceAir Chilled Split Chicken Wings1 ea,$12.00ea,$12.00/ 1ea
meat,Mitchell's Gourmet Foods,Heritage Thick Sliced Bacon,Mitchell's Gourmet FoodsHeritage Thick Sliced Bacon1 kg,$22.99ea,$2.30/ 100g
meat,President's Choice,"Certified Angus Beef Rib Cap-off Grilling Steak, Service Case","President's ChoiceCertified Angus Beef Rib Cap-off Grilling Steak, Service Case",$28.92(est.)ea,$45.18/ 1kg
meat,Schneider,97% Fat Free Lower Sodium Smoked Ham,Schneider97% Fat Free Lower Sodium Smoked Ham700 g,$16.39ea,$2.34/ 100g
meat,President's Choice,Easy-Carve Turkey With Traditional Cranberry Stuffing,President's ChoiceEasy-Carve Turkey With Traditional Cranberry Stuffing3.85 kg,$54.99ea,$1.43/ 100g
meat,President's Choice,Plant Based Breakfast Sausage,President's ChoicePlant Based Breakfast Sausage300 g,$8.99ea,$3.00/ 100g
meat,,Peppercorn Sirloin,Peppercorn Sirloin,$13.22(est.)ea,$44.07/ 1kg
meat,President's Choice,"Butter Infused Stuffed Turkey  5-7 Kg, Frozen","President's ChoiceButter Infused Stuffed Turkey  5-7 Kg, Frozen1 kg",$50.00ea,
meat,,Beef Brisket Point,Beef Brisket Point,$51.87(est.)ea,$13.87/ 1kg
meat,,Seasoned Beef Brisket,Seasoned Beef Brisket,$24.23(est.)ea,$24.23/ 1kg
meat,Butcher's Choice,Mild Italian Pork Sausages,Butcher's ChoiceMild Italian Pork Sausages1.45 kg,$14.99ea,$1.03/ 100g
meat,Janes,Pub Style Wings Bold Bbq,JanesPub Style Wings Bold Bbq660 g,$16.49ea,$2.50/ 100g
meat,,Pepper Marinated Round Steak,Pepper Marinated Round Steak,$6.17(est.)ea,$20.92/ 1kg
meat,Gold Label,Naturally Prime Angus Smoked Sausages Made With Natural Ingredients Cheddar,Gold LabelNaturally Prime Angus Smoked Sausages Made With Natural Ingredients Cheddar375 g,$6.49ea,$1.73/ 100g
meat,Johnsonville,Original Breakfast Sausage Rounds,JohnsonvilleOriginal Breakfast Sausage Rounds250 g,$5.99ea,$2.40/ 100g
meat,Lilydale,Daystarters Sausage Turkey ,LilydaleDaystarters Sausage Turkey 375 g,$5.49ea,$1.46/ 100g
meat,,Extra Lean Ground Chicken,Extra Lean Ground Chicken,$6.16(est.)ea,$11.00/ 1kg
meat,No Name,"Fully Cooked, Breaded Chicken Burgers","No NameFully Cooked, Breaded Chicken Burgers908 g",$6.99ea,$0.77/ 100g
meat,President's Choice,Free From Australian Lamb Frenched Rack,President's ChoiceFree From Australian Lamb Frenched Rack,$33.05(est.)ea,$55.09/ 1kg
meat,,"Beef Liver, Sliced","Beef Liver, Sliced",$5.47(est.)ea,$11.00/ 1kg
meat,,Chicken Backs for Soup,Chicken Backs for Soup,$2.86(est.)ea,$5.71/ 1kg
meat,PC Black Label,Wagyu Beef Burgers,PC Black LabelWagyu Beef Burgers568 g,$15.99ea,$2.82/ 100g
meat,Johnsonville,Honey Garlic Sausage,JohnsonvilleHoney Garlic Sausage500 g,$5.99ea,$1.20/ 100g
meat,Maple Leaf,Lazy Maple Natural Bacon,Maple LeafLazy Maple Natural Bacon375 g,$8.79ea,$2.34/ 100g
meat,No Name,"Chicken Wings, Mild BBQ","No NameChicken Wings, Mild BBQ908 g",$14.99ea,$1.65/ 100g
meat,Schneider,Smoked Original Bone-In Ham,SchneiderSmoked Original Bone-In Ham,$40.53(est.)ea,$15.41/ 1kg
meat,President's Choice,"Plant Based Undeniable Burger, Fresh","President's ChoicePlant Based Undeniable Burger, Fresh226 g",$7.99ea,$3.54/ 100g
meat,Johnsonville,Ground Hot Italian Sausage,JohnsonvilleGround Hot Italian Sausage375 g,$5.99ea,$1.60/ 100g
meat,President's Choice,Old-Fashioned Style Peppercorn Bacon,President's ChoiceOld-Fashioned Style Peppercorn Bacon1 kg,$16.99ea,$1.70/ 100g
meat,Marcangelo,Chicken Breasts With Spinach And Feta,MarcangeloChicken Breasts With Spinach And Feta350 g,$13.99ea,$4.00/ 100g
meat,President's Choice,Free From Turkey Thighs,President's ChoiceFree From Turkey Thighs,$7.55(est.)ea,$12.10/ 1kg
meat,,Beef Top Sirloin Grilling Cap Steak,Beef Top Sirloin Grilling Cap Steak,$8.62(est.)ea,$26.43/ 1kg
meat,President's Choice,Dry-Rubbed Sea Salt & Black Pepper Pork Back Ribs,President's ChoiceDry-Rubbed Sea Salt & Black Pepper Pork Back Ribs680 g,$13.99ea,$2.06/ 100g
meat,,"Ground Pork, Lean","Ground Pork, Lean",$6.34(est.)ea,$9.90/ 1kg
meat,Janes,Pub Style Turkey Nuggets,JanesPub Style Turkey Nuggets600 g,$12.99ea,$2.17/ 100g
meat,Greenfield Natural Meat Co.,Bacon,Greenfield Natural Meat Co.Bacon375 g,$10.49ea,$2.80/ 100g
meat,,Pork Loin Center Chop Boneless,Pork Loin Center Chop Boneless,$7.65(est.)ea,$17.62/ 1kg
meat,President's Choice,"Pub Recipe Chicken Strips, Fully Cooked","President's ChoicePub Recipe Chicken Strips, Fully Cooked700 g",$5.99ea,$0.86/ 100g
meat,Maple Leaf,Natural Ground Pork Sausage Meat,Maple LeafNatural Ground Pork Sausage Meat500 g,$6.99ea,$1.40/ 100g
meat,President's Choice,"Certified Angus Beef Top Sirloin Boneless Steak, Service Case","President's ChoiceCertified Angus Beef Top Sirloin Boneless Steak, Service Case",$14.55(est.)ea,$27.54/ 1kg
meat,President's Choice,"Certified Angus Beef, Prime Rib Roast, Service Case","President's ChoiceCertified Angus Beef, Prime Rib Roast, Service Case",$62.01(est.)ea,$42.97/ 1kg
meat,,Beef Cap-off Rib Steak,Beef Cap-off Rib Steak,$16.86(est.)ea,$37.46/ 1kg
meat,,Marinated Chicken Wings,Marinated Chicken Wings,$13.21/1 kg,$13.21/ 1kg
meat,President's Choice,Chicken Wing Split Buffalo,President's ChoiceChicken Wing Split Buffalo,$14.53/1 ea,$14.53/ 1kg
meat,Hayter's Farm,Turkey-Burger Classic Seasoned,Hayter's FarmTurkey-Burger Classic Seasoned1.14 kg,$17.49ea,$1.53/ 100g
meat,Schneider,Juicy Jumbos Hot & Spicy Hot Dogs,SchneiderJuicy Jumbos Hot & Spicy Hot Dogs450 g,$7.79ea,$1.73/ 100g
meat,Marcangelo,Hot Italian Sausage,MarcangeloHot Italian Sausage1 kg,$14.99ea,$1.50/ 100g
meat,President's Choice,Free From Grass Fed Australian Angus Beef Tenderloin Steaks,President's ChoiceFree From Grass Fed Australian Angus Beef Tenderloin Steaks,$59.50/1 kg,$59.50/ 1kg
meat,,Frozen Grade A Turkey 3-5 Kg,Frozen Grade A Turkey 3-5 Kg,$30.76(est.)ea,$7.69/ 1kg
meat,President's Choice,Yuzu Citrus Chicken Wings,President's ChoiceYuzu Citrus Chicken Wings907 g,$13.99ea,$1.54/ 100g
meat,President's Choice,Honey Garlic Chicken Wings,President's ChoiceHoney Garlic Chicken Wings700 g,$13.99ea,$2.00/ 100g
meat,Rea,Italian Mild Sausage,ReaItalian Mild Sausage720 g,$9.99ea,$1.39/ 100g
meat,President's Choice,Air Chilled Split Chicken Wings,President's ChoiceAir Chilled Split Chicken Wings1 ea,$12.00ea,$12.00/ 1ea
meat,,"Beef Bottom Blade Pot Roast, Boneless","Beef Bottom Blade Pot Roast, Boneless",$25.07(est.)ea,$19.82/ 1kg
meat,PC Blue Menu,Thick & Juicy Turkey Burgers,PC Blue MenuThick & Juicy Turkey Burgers1.13 kg,$15.99ea,$1.42/ 100g
meat,President's Choice,Easy-Carve Turkey With Traditional Cranberry Stuffing,President's ChoiceEasy-Carve Turkey With Traditional Cranberry Stuffing3.85 kg,$54.99ea,$1.43/ 100g
meat,Schneider,Juicy Jumbos All Beef Hot Dogs Family Pack,SchneiderJuicy Jumbos All Beef Hot Dogs Family Pack750 g,$13.49ea,$1.80/ 100g
meat,No Name,Breaded Chicken Cutlettes Chicken Strips,No NameBreaded Chicken Cutlettes Chicken Strips908 g,$6.99ea,$0.77/ 100g
meat,President's Choice,"Chicken Nuggets, Club Pack","President's ChoiceChicken Nuggets, Club Pack1.4 kg",$11.99ea,$0.86/ 100g
meat,President's Choice,Honey Garlic Chicken Wings,President's ChoiceHoney Garlic Chicken Wings907 g,$13.99ea,$1.54/ 100g
meat,,Beef Top Sirloin Fast Fry Steak,Beef Top Sirloin Fast Fry Steak,$7.79(est.)ea,$27.54/ 1kg
meat,,"Beef Sirloin Tip Steak, Club Pack","Beef Sirloin Tip Steak, Club Pack",$14.10(est.)ea,$11.00/ 1kg
meat,,Beef Jalapeno Tequila Meatball ,Beef Jalapeno Tequila Meatball ,$15.41/1 kg,$15.41/ 1kg
meat,Maple Lodge Farms LT,"Ultimate Chicken Wiener, Spicy","Maple Lodge Farms LTUltimate Chicken Wiener, Spicy900 g",$6.49ea,$0.72/ 100g
meat,Butterball,Turkey Franks,ButterballTurkey Franks450 g,$5.99ea,$1.33/ 100g
meat,,"Beef Stewing Cubes, Boneless","Beef Stewing Cubes, Boneless",$9.04(est.)ea,$19.82/ 1kg
meat,,Stewing Veal Boneless,Stewing Veal Boneless,$12.33(est.)ea,$22.02/ 1kg
meat,,Lethbridge Pork Loin Chop Boneless,Lethbridge Pork Loin Chop Boneless,$11.26(est.)ea,$22.02/ 1kg
meat,President's Choice,"Free From Air Chilled Chicken Thighs, Club Pack","President's ChoiceFree From Air Chilled Chicken Thighs, Club Pack",$16.33(est.)ea,$12.76/ 1kg
meat,Gold Label,Naturally Prime Angus Smoked Sausages Made With Natural Ingredients Original,Gold LabelNaturally Prime Angus Smoked Sausages Made With Natural Ingredients Original375 g,$6.49ea,$1.73/ 100g
meat,,"Plain Chicken Kebab, Service Case","Plain Chicken Kebab, Service Case",$11.51(est.)ea,$24.23/ 1kg
meat,,Pork Shoulder Picnic Roast,Pork Shoulder Picnic Roast,$13.64(est.)ea,$7.69/ 1kg
meat,Janes,Chicken Wings Buffalo,JanesChicken Wings Buffalo660 g,$16.49ea,$2.50/ 100g
meat,,"Beef Inside Round Marinating Steak, Club Pack","Beef Inside Round Marinating Steak, Club Pack",$17.74(est.)ea,$20.92/ 1kg
meat,President's Choice,Angus Ballpark Franks,President's ChoiceAngus Ballpark Franks450 g,$4.99ea,$1.11/ 100g
meat,President's Choice,Gochujang Sweet & Spicy Chicken Bites,President's ChoiceGochujang Sweet & Spicy Chicken Bites700 g,$13.99ea,$2.00/ 100g
meat,President's Choice,"Meatballs, Italian Style","President's ChoiceMeatballs, Italian Style907 g",$14.99ea,$1.65/ 100g
meat,,Beef Oxtail Pieces,Beef Oxtail Pieces,$18.94(est.)ea,$30.84/ 1kg
meat,,Pork Liver,Pork Liver,$4.12(est.)ea,$9.90/ 1kg
meat,,"Smoked Half Ham, Toupie Style","Smoked Half Ham, Toupie Style",$29.97(est.)ea,$11.66/ 1kg
meat,,Sirloin and Rib End Chops,Sirloin and Rib End Chops,$12.30(est.)ea,$7.69/ 1kg
meat,No Name,Crispy Southern Style Chicken,No NameCrispy Southern Style Chicken1 kg,$16.99ea,$1.70/ 100g
meat,President's Choice,"Too Good To Be Wings, Honey Garlic","President's ChoiceToo Good To Be Wings, Honey Garlic800 g",$15.99ea,$2.00/ 100g
meat,,"Beef Striploin Grilling Steak, Club Pack","Beef Striploin Grilling Steak, Club Pack",$37.46(est.)ea,$37.46/ 1kg
meat,,"Pork Loin Roast, Center Cut with Bone","Pork Loin Roast, Center Cut with Bone",$11.97(est.)ea,$9.90/ 1kg
meat,,Beef Stir Fry Strips,Beef Stir Fry Strips,$5.32(est.)ea,$17.62/ 1kg
meat,Marcangelo,Chicken Breasts With Asparagus And Mozzarella,MarcangeloChicken Breasts With Asparagus And Mozzarella350 g,$13.99ea,$4.00/ 100g
meat,,Beef Top Sirloin Butt,Beef Top Sirloin Butt,$54.93(est.)ea,$14.75/ 1kg
meat,,"Lethbridge Pork Tenderloin, Service Case","Lethbridge Pork Tenderloin, Service Case",$11.85(est.)ea,$19.82/ 1kg
meat,The Keg,BBQ Pork Back Ribs,The KegBBQ Pork Back Ribs700 g,$18.99ea,$2.71/ 100g
meat,Schneider,Cheddar Hot Dogs,SchneiderCheddar Hot Dogs375 g,$6.49ea,$1.73/ 100g
meat,,Marinated Chicken Wings,Marinated Chicken Wings,$13.21/1 kg,$13.21/ 1kg
meat,Lesters,Hot Dog Wieners Jumbo Bbq,LestersHot Dog Wieners Jumbo Bbq450 g,$6.59ea,$1.46/ 100g
meat,President's Choice,Plant Based Sweet Italian Sausage,President's ChoicePlant Based Sweet Italian Sausage400 g,$8.99ea,$2.25/ 100g
meat,,Lamb Loin Chops,Lamb Loin Chops,$35.25/1 kg,$35.25/ 1kg
meat,President's Choice,Turkey Wings,President's ChoiceTurkey Wings907 g,$13.99ea,$1.54/ 100g
meat,Marcangelo,"Sausage Honey Garlic Italian, Value Pack","MarcangeloSausage Honey Garlic Italian, Value Pack1 kg",$14.99ea,$1.50/ 100g
meat,,"Beef Blade Simmering Steak, Boneless, Club Pack","Beef Blade Simmering Steak, Boneless, Club Pack",$19.39(est.)ea,$20.92/ 1kg
meat,Schneider,"Smokies, Original Smoked Sausage","SchneiderSmokies, Original Smoked Sausage900 g",$15.49ea,$1.72/ 100g
meat,President's Choice,World of Flavours Barbecue Seasoned Boneless Beef Blade Roast,President's ChoiceWorld of Flavours Barbecue Seasoned Boneless Beef Blade Roast800 g,$19.99ea,$2.50/ 100g
meat,President's Choice,Gluten Free Chicken Burgers,President's ChoiceGluten Free Chicken Burgers600 g,$8.49ea,$1.42/ 100g
meat,New Zealand,Lamb Shoulder Blade Chops,New ZealandLamb Shoulder Blade Chops675 g,$29.98ea,$44.41/ 1kg
meat,Rea,Italian Mild Sausage,ReaItalian Mild Sausage720 g,$9.99ea,$1.39/ 100g
meat,,"Beef Heart, Trimmed","Beef Heart, Trimmed",$6.80(est.)ea,$13.21/ 1kg
meat,President's Choice,Easy-Carve Turkey Breast Roast With Cranberry Stuffing And Gravy,President's ChoiceEasy-Carve Turkey Breast Roast With Cranberry Stuffing And Gravy1 kg,$15.99ea,$1.60/ 100g
meat,Johnsonville,Brown Sugar & Honey Breakfast Sausage,JohnsonvilleBrown Sugar & Honey Breakfast Sausage375 g,$5.99ea,$1.60/ 100g
meat,President's Choice,Thick & Juicy™ Prime Rib Beef Burger,President's ChoiceThick & Juicy™ Prime Rib Beef Burger1.13 kg,$15.99ea,$1.42/ 100g
meat,Maple Leaf,Natural Smoked Honey Ham,Maple LeafNatural Smoked Honey Ham600 g,$15.49ea,$2.58/ 100g
meat,Schneider,Juicy Jumbos All Beef Hot Dogs,SchneiderJuicy Jumbos All Beef Hot Dogs375 g,$7.79ea,$2.08/ 100g
meat,,Rack of Lamb,Rack of Lamb,$18.92(est.)ea,$35.25/ 1kg
meat,Swiss Chalet,"Pork Back Ribs, Honey Garlic","Swiss ChaletPork Back Ribs, Honey Garlic600 g",$15.99ea,$2.67/ 100g
meat,President's Choice,"Air-Chilled Chicken Thigh Club Pack, Boneless, Skinless","President's ChoiceAir-Chilled Chicken Thigh Club Pack, Boneless, Skinless",$17.57(est.)ea,$15.41/ 1kg
meat,President's Choice,Free From Rosemary and Garlic Australian Lamb,President's ChoiceFree From Rosemary and Garlic Australian Lamb,$26.31(est.)ea,$31.94/ 1kg
meat,President's Choice,Dry-Rubbed Hardwood-Smoked Chicken Wings,President's ChoiceDry-Rubbed Hardwood-Smoked Chicken Wings800 g,$13.99ea,$1.75/ 100g
meat,President's Choice,Barbecue Seasoned Pork Shoulder Blade (World Of Flavours ),President's ChoiceBarbecue Seasoned Pork Shoulder Blade (World Of Flavours )900 g,$15.19ea,$1.69/ 100g
meat,PC Organics,Organics Whole Chicken,PC OrganicsOrganics Whole Chicken,$24.19(est.)ea,$15.41/ 1kg
meat,President's Choice,Free From Crisp & Crunchy Mild Southern-Style Chicken Wings,President's ChoiceFree From Crisp & Crunchy Mild Southern-Style Chicken Wings700 g,$13.99ea,$2.00/ 100g
meat,President's Choice,Smokin' Honey Fully Cooked Pork Back Ribs,President's ChoiceSmokin' Honey Fully Cooked Pork Back Ribs500 g,$15.49ea,$3.10/ 100g
meat,President's Choice,Ham Steak,President's ChoiceHam Steak175 g,$5.49ea,$3.14/ 100g
meat,President's Choice,Free From Australian Lamb Shanks,President's ChoiceFree From Australian Lamb Shanks,$22.51(est.)ea,$19.80/ 1kg
meat,Butcher's Choice,"Beef Burger, Club Pack","Butcher's ChoiceBeef Burger, Club Pack2.27 kg",$27.99ea,$1.23/ 100g
meat,Lesters,Wieners,LestersWieners450 g,$4.49ea,$1.00/ 100g
meat,President's Choice,Free From Australian Lamb Spiedini 24 Skewers,President's ChoiceFree From Australian Lamb Spiedini 24 Skewers480 g,$29.99ea,$6.25/ 100g
meat,New Zealand,Lamb Stew Chunks,New ZealandLamb Stew Chunks1 kg,$27.99ea,$2.80/ 100g
meat,President's Choice,Thick & Juicy™ Sirloin Beef Burgers ,President's ChoiceThick & Juicy™ Sirloin Beef Burgers 1.13 kg,$14.99ea,$1.33/ 100g
meat,President's Choice,"Cocktail Sausage Smokies, Original","President's ChoiceCocktail Sausage Smokies, Original500 g",$7.49ea,$1.50/ 100g
meat,PC Organics,Organics Boneless Skinless Chicken Breasts,PC OrganicsOrganics Boneless Skinless Chicken Breasts,$16.36(est.)ea,$34.81/ 1kg
meat,,"Beef Top Sirloin Grilling Steak, Club Pack","Beef Top Sirloin Grilling Steak, Club Pack",$24.40(est.)ea,$24.23/ 1kg
meat,President's Choice,Breaded Chicken Strips,President's ChoiceBreaded Chicken Strips600 g,$5.99ea,$1.00/ 100g
meat,,Cook's Portion Ham,Cook's Portion Ham,$36.17(est.)ea,$8.80/ 1kg
meat,President's Choice,Free From Angus Beef Burger,President's ChoiceFree From Angus Beef Burger1.02 kg,$14.99ea,$1.47/ 100g
meat,Johnsonville,Fully Cooked Breakfast Sausage,JohnsonvilleFully Cooked Breakfast Sausage250 g,$5.49ea,$2.20/ 100g
meat,Lesters,"Wieners, Jumbo","LestersWieners, Jumbo450 g",$4.49ea,$1.00/ 100g
meat,President's Choice,Free From Boneless Skinless Turkey Breast,President's ChoiceFree From Boneless Skinless Turkey Breast,$8.57(est.)ea,$23.13/ 1kg
meat,,"Beef Cap-off Rib Grilling Steak, Club Pack","Beef Cap-off Rib Grilling Steak, Club Pack",$34.55(est.)ea,$35.25/ 1kg
meat,Schneider,Salt & Cracked Pepper Wings Seasoned & Savoury,SchneiderSalt & Cracked Pepper Wings Seasoned & Savoury615 g,$15.99ea,$2.60/ 100g
meat,President's Choice,"Free From Split Chicken Breasts, Bone-in, Skin-on","President's ChoiceFree From Split Chicken Breasts, Bone-in, Skin-on",$12.49(est.)ea,$17.84/ 1kg
meat,Janes, Turkey Strips,Janes Turkey Strips600 g,$12.99ea,$2.17/ 100g
meat,Schneider,Sliced Smoked Ham Applewood Smoked,SchneiderSliced Smoked Ham Applewood Smoked600 g,$16.39ea,$2.73/ 100g
meat,Marcangelo,Italian Pork Meatballs,MarcangeloItalian Pork Meatballs1 kg,$14.99ea,$1.50/ 100g
meat,President's Choice,Free From Top Sirloin Steak,President's ChoiceFree From Top Sirloin Steak,$14.81(est.)ea,$35.25/ 1kg
meat,President's Choice,Original Smokies,President's ChoiceOriginal Smokies1 kg,$13.79ea,$1.38/ 100g
meat,New Zealand,Lamb Loin Chops,New ZealandLamb Loin Chops350 g,$13.99ea,$39.97/ 1kg
meat,Maple Leaf,Country Naturals Hot Dogs,Maple LeafCountry Naturals Hot Dogs375 g,$5.99ea,$1.60/ 100g
meat,,Beef Eye of Round Oven Roast,Beef Eye of Round Oven Roast,$19.46(est.)ea,$17.61/ 1kg
meat,Maple Leaf,Shredded Chicken Bbq Seasoning,Maple LeafShredded Chicken Bbq Seasoning250 g,$11.49ea,$4.60/ 100g
meat,PC Blue Menu,Italian Beef Meatballs,PC Blue MenuItalian Beef Meatballs907 g,$14.99ea,$1.65/ 100g
meat,,"Beef Eye of Round Marinating Steak, Club Pack","Beef Eye of Round Marinating Steak, Club Pack",$25.67(est.)ea,$18.72/ 1kg
meat,No Name,Salt & Pepper Chicken Wings,No NameSalt & Pepper Chicken Wings908 g,$14.99ea,$1.65/ 100g
meat,Janes,"Pub Style Chicken Fries, Fully Cooked","JanesPub Style Chicken Fries, Fully Cooked700 g",$12.99ea,$1.86/ 100g
meat,Pillers,European Wieners,PillersEuropean Wieners450 g,$9.99ea,$2.22/ 100g
meat,King Cole,Smoked Duck Breast,King ColeSmoked Duck Breast,$10.37(est.)ea,$39.66/ 1kg
meat,President's Choice,"Fully Cooked Pork Back Ribs, Smokin Stampede","President's ChoiceFully Cooked Pork Back Ribs, Smokin Stampede500 g",$15.49ea,$3.10/ 100g
meat,Maple Leaf,Natural Top Dogs Less Salt Hot Dogs,Maple LeafNatural Top Dogs Less Salt Hot Dogs375 g,$5.99ea,$1.60/ 100g
meat,President's Choice,Free From Boneless Rib Steak,President's ChoiceFree From Boneless Rib Steak,$14.06(est.)ea,$48.48/ 1kg
meat,President's Choice,Free From Ground Chicken,President's ChoiceFree From Ground Chicken454 g,$9.00ea,$1.98/ 100g
meat,President's Choice,"Free From Chicken Breasts, Bone-in, Skinless","President's ChoiceFree From Chicken Breasts, Bone-in, Skinless",$12.97(est.)ea,$20.26/ 1kg
meat,Johnsonville,"Smoked Sausage, Beef","JohnsonvilleSmoked Sausage, Beef375 g",$6.99ea,$1.86/ 100g
meat,No Name,All-Beef Wieners,No NameAll-Beef Wieners450 g,$5.49ea,$1.22/ 100g
meat,Butterball,Frozen Turkey 7-9 Kg,ButterballFrozen Turkey 7-9 Kg8 kg,$64.00ea,$0.80/ 100g
meat,Janes,Chicken Burgers,JanesChicken Burgers852 g,$12.99ea,$1.52/ 100g
meat,Schneider,Original Half Ham,SchneiderOriginal Half Ham700 g,$16.39ea,$2.34/ 100g
meat,No Name,Beef Burger 4 Oz,No NameBeef Burger 4 Oz1.36 kg,$13.99ea,$1.03/ 100g
meat,President's Choice,Honey Garlic Smokies,President's ChoiceHoney Garlic Smokies1 kg,$13.79ea,$1.38/ 100g
meat,Johnsonville,Original Breakfast Sausage,JohnsonvilleOriginal Breakfast Sausage375 g,$5.99ea,$1.60/ 100g
meat,,Marinated Chicken Breasts Boneless,Marinated Chicken Breasts Boneless,$8.13(est.)ea,$22.02/ 1kg
meat,President's Choice,Cheddar Jalapeno Smokies Pork Sausages,President's ChoiceCheddar Jalapeno Smokies Pork Sausages1000 g,$13.79ea,$1.38/ 100g
meat,Johnsonville,Mild Italian Sausage,JohnsonvilleMild Italian Sausage500 g,$5.99ea,$1.20/ 100g
meat,No Name,"Fully Cooked, Breaded Chicken Nuggets Cutlettes","No NameFully Cooked, Breaded Chicken Nuggets Cutlettes908 g",$6.99ea,$0.77/ 100g
meat,Maple Leaf,Natural Smoked Black Forest Ham,Maple LeafNatural Smoked Black Forest Ham600 g,$15.49ea,$2.58/ 100g
meat,Johnsonville,"Smoked Sausage, Doubled Smoked","JohnsonvilleSmoked Sausage, Doubled Smoked375 g",$6.99ea,$1.86/ 100g
meat,President's Choice,Free From Chorizo Pork Sausages,President's ChoiceFree From Chorizo Pork Sausages500 g,$6.99ea,$1.40/ 100g
meat,Marcangelo,Bacon Wrapped Beef,MarcangeloBacon Wrapped Beef340 g,$16.99ea,$5.00/ 100g
meat,President's Choice,Crisp & Crunchy Spicy Southern-Style Chicken Wings,President's ChoiceCrisp & Crunchy Spicy Southern-Style Chicken Wings907 g,$13.99ea,$1.54/ 100g
meat,,Chicken Strips,Chicken Strips1.5 kg,$10.00ea,$0.67/ 100g
meat,No Name,Mild Sugar-Cured Bacon,No NameMild Sugar-Cured Bacon500 g,$5.99ea,$1.20/ 100g
meat,Beyond Meat,Breakfast Sausage,Beyond MeatBreakfast Sausage235 g,$7.99ea,$3.40/ 100g
meat,Schneider,97% Fat Free Lower Sodium Smoked Ham,Schneider97% Fat Free Lower Sodium Smoked Ham700 g,$16.39ea,$2.34/ 100g
meat,Johnsonville,Original Bratwurst Sausage,JohnsonvilleOriginal Bratwurst Sausage500 g,$5.99ea,$1.20/ 100g
meat,Janes,"Popcorn Chicken, Fully Cooked","JanesPopcorn Chicken, Fully Cooked700 g",$12.99ea,$1.86/ 100g
meat,Janes,"Pub Style Chicken Burger, Fully Cooked","JanesPub Style Chicken Burger, Fully Cooked700 g",$12.99ea,$1.86/ 100g
meat,Schneider,"Smoked Sausage, Classic Cheddar","SchneiderSmoked Sausage, Classic Cheddar375 g",$7.79ea,$2.08/ 100g
meat,Beyond Meat,Sausage Mild Italian,Beyond MeatSausage Mild Italian400 g,$9.99ea,$2.50/ 100g
meat,No Name,"Bacon, Mild Sugar Cured with Reduced Salt, Uncooked","No NameBacon, Mild Sugar Cured with Reduced Salt, Uncooked500 g",$5.99ea,$1.20/ 100g
meat,,Lean Ground Beef,Lean Ground Beef454 g,$6.00ea,$1.32/ 100g
